3136 5034
534 333 578 376 DE
596 329 866 376 cobrnAGTIBus

567 559 781 621 ARTICULUS
801 558 828 619 II

534 737 578 780 DE
606 735 711 781 tusto
741 732 869 780 rnat10

118 923 180 985 889.
198 916 369 997 -Duplex
387 921 433 977 est
450 934 457 975 :
474 919 506 977 1ο
530 912 645 996 lepole,
666 915 747 994 (prod
769 931 787 974 a
807 913 871 993 lege
890 913 1127 991 determinatum
1146 919 1179 979 2⁰
1200 917 1340 980 naturale
1387 988 1389 992 ¹

79 1029 130 1110 seu
142 1005 272 1090 culpare,
287 1004 370 1085 quod
383 1002 480 1066 valori
491 1001 535 1064 rei
548 1001 708 1084 respondet
717 1005 809 1083 juxta
823 1019 1019 1066 communem
1032 1003 1196 1067 bominum
1208 1005 1340 1070 aestima-

80 1106 247 1248 ”Qum
261 1189 366 1245 autem
380 1179 520 1242 naturale
534 1185 601 1241 est:
620 1184 650 1240 1θ
664 1198 825 1256 summum,
841 1195 933 1259 supra
954 1179 1035 1261 quod
1052 1197 1101 1243 res
1120 1181 1267 1246 aestimari
1278 1199 1341 1247 nou

77 1275 161 1351 solet;
174 1277 205 1337 2⁰
223 1271 376 1352 infimum,
396 1267 477 1330 infra
497 1268 578 1350 quod
598 1285 647 1330 res
665 1267 831 1348 generatim
853 1285 916 1331 non
938 1268 1125 1344 aestimatum
1143 1275 1175 1336 3ο
1191 1272 1341 1350 medium,

78 1363 153 1444 quod
165 1363 245 1424 inter
258 1365 427 1440 utrumque
440 1355 659 1438 interponitur.

194 1510 418 1592 Principia.

114 1664 182 1724 890.
199 1689 239 1741 ·.‘
252 1659 276 1720 1.
291 1655 429 1720 Pretium
449 1653 557 1735 tepula,
572 1673 626 1718 seu
644 1653 825 1717 auctoritate
839 1653 921 1718 civili
936 1655 1152 1730 constitutum,
1166 1657 1353 1724 babendum¹

76 1755 120 1811 ost
131 1756 168 1812 ut
180 1749 378 1828 adaequatum
392 1743 488 1808 valori
502 1742 558 1817 rei,
570 1747 602 1805 et
613 1743 681 1806 ideo
693 1743 879 1806 servandum
892 1749 938 1805 est
950 1743 1007 1806 sub
1022 1763 1112 1807 onere
1125 1745 1341 1810 restitutionis.

74 1838 161 1902 Ratio
176 1843 233 1908 est,
250 1835 323 1916 quia
333 1833 372 1896 ad
386 1831 601 1896 auctoritatem
614 1831 736 1894 civilem
753 1831 884 1911 pertinet
897 1838 1032 1896 statuere
1046 1832 1196 1915 quidquid
1210 1836 1249 1897 ad
1263 1854 1345 1899 oom-

73 1926 224 1988 mercium
239 1922 397 2004 publicum
410 1921 529 1995 attinet,
541 1938 612 1982 cum
624 1920 703 2000 leges
714 1938 768 2000 pro
780 1921 858 1982 bono
873 1921 1030 1983 communi
1045 1923 1172 1984 condere
1185 1923 1291 2004 possit.
1305 1961 1346 1972 -

71 2015 121 2076 Ito
133 2031 244 2076 manes.

110 2101 288 2184 Aliquando
307 2105 411 2162 tamen
432 2097 503 2160 licet
523 2115 541 2160 a
563 2095 661 2177 pretio
678 2096 767 2176 legali
786 2098 938 2173 recedere,
955 2097 1087 2162 scilicet:
1106 2105 1138 2162 l⁰
1151 2099 1178 2164 si
1196 2119 1214 2163 a
1232 2105 1347 2183 majore

69 2191 240 2254 hominum
255 2193 341 2269 parte
355 2205 416 2249 non
432 2189 581 2257 serretur,
591 2184 730 2265 Principe
741 2189 858 2248 tacente
867 2206 874 2261 ;
883 2191 915 2248 2⁰
925 2186 952 2248 si
963 2186 1095 2250 mutatis
1105 2187 1349 2257 circumstantiis

69 2287 145 2343 taxa
154 2278 265 2340 evadat
277 2276 411 2356 iniusta3
425 2279 457 2338 3⁰
472 2273 499 2336 si
515 2267 629 2336 merces
645 2273 710 2336 sint
722 2272 899 2338 notabiliter
913 2275 1002 2338 solito
1017 2275 1220 2355 pretiosiores
1235 2279 1282 2342 rel
1297 2279 1347 2341 de·

68 2369 210 2431 teriores.

108 2458 148 2518 Il.
164 2453 328 2518 Deficiente
346 2451 442 2533 pretio
462 2450 567 2532 legali,
583 2449 660 2513 illud
681 2450 781 2513 solum
802 2449 978 2514 babendum
998 2455 1044 2514 est
1061 2460 1100 2515 ut
1112 2455 1250 2534 justum,
1267 2456 1349 2536 quod

65 2545 128 2608 tale
141 2541 369 2606 determinatur
383 2538 586 2604 estimatione
601 2538 769 2614 commum,
780 2537 924 2618 siagetur
932 2541 970 2602 de
981 2559 1080 2604 merra
1091 2560 1161 2622 qun
1172 2544 1254 2622 apud
1267 2544 1351 2606 mul·

65 2632 243 2696 titudinem
253 2628 506 2710 appretiationem
517 2625 726 2708 babeat;quia
738 2627 1349 2711 pretiumadasquatumejusmodirerum

64 2741 105 2785 en
114 2722 324 2802 ipsarummet
335 2716 469 2778 utilitate
480 2717 519 2778 ad
530 2733 794 2778 communesusus
802 2715 973 2778 deducitur.
982 2721 1074 2782 Porro
1087 2717 1267 2798 appretiatio
1278 2718 1349 2782 talis

64 2805 219 2873 utilitatis
243 2803 352 2884 nequit
370 2803 481 2864 melius
501 2802 624 2874 haberi,
639 2819 733 2880 quam
754 2819 808 2880 per
825 2820 1022 2868 communem
1045 2805 1292 2870 estimationem.
1309 2841 1350 2854 «—

61 2901 118 2962 Ita
133 2913 252 2958 oannes.

106 2986 143 3050 Si
155 3001 230 3047 vero
243 2998 290 3042 res
303 2979 460 3059 vulgarum
472 2975 708 3040 estimationem
722 2994 785 3040 nou
800 2976 945 3051 habeant,
961 2983 1000 3040 ut
1010 2985 1083 3042 sunt
1096 2998 1235 3060 gemma,
1255 2985 1351 3048 tabet.
1464 3005 1472 3023 ·

61 3078 101 3140 lan
114 3072 279 3155 pretiosa,
294 3074 364 3142 etc,
376 3064 565 3148 probabilior
583 3063 770 3128 aestimandae
782 3071 857 3127 sunt
866 3068 957 3146 juxto
965 3066 1119 3146 judicium
1132 3070 1303 3148 peritorum·
1315 3074 1351 3142 in

62 3185 101 3228 ea
115 3158 265 3234 materia,
279 3155 407 3219 attentis
418 3152 676 3228 circumsonatus,
691 3157 823 3234 spectata
835 3153 880 3216 rei
894 3153 1046 3231 mutate,
1061 3155 1256 3238 antiquitate,
1273 3160 1350 3222 rori-

61 3260 149 3328 tote,
168 3255 228 3312 etc.
246 3245 334 3312 Ratio
349 3251 410 3319 est,
428 3243 503 3324 quia
520 3242 581 3323 ipsi
599 3241 633 3303 in
652 3241 744 3303 rebus
758 3241 910 3323 ejusmodi
925 3245 1108 3324 reputantur
1117 3245 1235 3326 judices
1248 3247 1351 3316 idonei

60 3346 165 3423 prout
179 3335 293 3416 vulgus
307 3333 341 3396 in
353 3331 544 3413 vulgaribus.
553 3329 695 3412 Opposita
704 3330 971 3412 tamenlsententia
985 3337 1022 3394 ut
1032 3333 1203 3412 probabilis
1214 3342 1348 3416 apparet,

59 3430 143 3510 quia
168 3427 205 3488 in
220 3443 254 3486 eo
269 3440 342 3485 casu
355 3423 477 3501 justum
494 3419 617 3483 videtur
631 3416 781 3500 pretium,
798 3419 835 3481 de
852 3437 912 3500 quo
924 3421 1136 3486 contrahentes
1151 3423 1348 3487 conveniunt.

59 3519 113 3582 Sic
137 3513 247 3597 quoad
270 3517 435 3592 utramque
460 3509 647 3572 metentium
670 3507 707 3569 S.
725 3507 811 3590 Lip,
829 3529 861 3570 n.
885 3511 956 3574 801.
975 3545 1016 3556 -
1029 3511 1065 3574 ln
1088 3511 1175 3591 praxi
1195 3529 1260 3574 non
1277 3517 1352 3575 sunt

54 3600 271 3688 inquietandi
286 3599 353 3675 illi,
370 3599 425 3681 qui
444 3599 523 3662 bona
544 3597 602 3660 fide
622 3601 656 3659 et
670 3595 764 3660 libere
777 3597 816 3660 ad
828 3596 987 3678 proprium
1005 3597 1170 3666 arbitrium
1187 3597 1222 3664 in
1238 3599 1352 3666 talibus

54 3695 165 3758 rebus
189 3689 389 3754 conveniunt.
403 3721 443 3734 -·
454 3687 506 3750 Ito
527 3685 678 3748 Salmone.
692 3719 735 3734 -
749 3683 890 3761 (locaret,
906 3705 936 3748 a.
953 3687 1067 3752 8181
1088 3687 1213 3768 fortebri
1228 3692 1352 3771 justum

55 3778 284 3864 reputandum
308 3783 355 3841 est
374 3777 451 3840 illud
471 3774 622 3857 pretimn,
641 3775 678 3838 do
696 3792 757 3856 quo
771 3793 840 3855 pars
854 3780 986 3856 utracpre
1002 3776 1157 3852 convenit,
1175 3777 1202 3840 si
1215 3777 1352 3858 pretium

55 3887 202 3954 prorsus
214 3866 383 3947 ignoretur,
398 3863 473 3946 quia
484 3871 615 3945 utraque
630 3870 705 3926 tunc
718 3862 850 3943 periculo
862 3864 1038 3945 exponitur.
1050 3901 1089 3912 -
1102 3865 1137 3929 S.
1149 3865 1217 3948 Lip.
1234 3885 1265 3928 o.
1279 3869 1349 3942 808,

56 3963 94 4022 in
112 3959 199 4042 fine.

202 4107 395 4186 Quaesitae.

99 4257 168 4320 891
181 4299 187 4311 .
199 4287 238 4297 -
248 4256 349 4328 Qono.
365 4257 397 4314 l⁰
410 4252 463 4312 An
478 4249 618 4312 venditor
630 4269 693 4311 rem
705 4252 807 4311 corias
817 4250 1092 4333 oeaderepossitob
1103 4249 1265 4334 specialem
1278 4253 1353 4334 offe·

47 4358 151 4410 ctum
168 4359 259 4423 quern
270 4359 346 4422 erpa
358 4359 423 4402 eom
439 4339 606 4422 experitur,
623 4338 671 4400 vel
684 4338 919 4402 commoditatem
933 4357 1023 4420 quom
1035 4358 1073 4402 rx
1086 4358 1122 4400 ea
1133 4338 1287 4422 percipit?

100 4434 210 4512 Resp.
227 4429 265 4492 ad
280 4435 335 4492 1²¹¹
348 4449 355 4490 :
370 4427 498 4510 affirm.
511 4427 599 4492 Ratio
612 4431 673 4502 est,
689 4426 762 4508 quia
780 4427 906 4490 affectus
926 4427 1043 4490 domini
1062 4429 1101 4490 ad
1119 4445 1186 4490 rem
1202 4445 1293 4492 auam
1307 4435 1353 4492 est

50 4541 140 4586 vere
158 4518 260 4600 pretio
275 4516 483 4593 aestimabilis,
500 4533 572 4582 cum
583 4515 715 4598 privatio
728 4515 773 4578 rei
786 4515 827 4578 sil
840 4533 895 4596 pro
905 4514 976 4597 ¹ipso
987 4519 1094 4600 major.
1108 4547 1148 4564 -
1162 4517 1211 4580 Ito
1224 4537 1352 4581 mmmc-

47 4613 164 4672 nicer.
185 4643 225 4656 -
236 4606 271 4672 S.
288 4608 358 4690 Liq.
374 4625 405 4669 n.
418 4611 489 4672 807.
