3206 5024
507 455 518 475 ’
581 501 888 584 reserares

263 729 357 840 DE
394 724 811 840 PRAECEPTIS
847 723 1205 835 ECCLESIAE

135 1139 203 1199 473.
213 1169 258 1182 —
268 1131 401 1196 Ecclesia
412 1131 526 1211 gaudet
538 1129 680 1192 facultate
693 1127 847 1192 statuendi
859 1131 1006 1210 praecepta
1018 1128 1119 1192 fideles
1129 1128 1187 1192 sub
1199 1129 1284 1210 grau
1296 1129 1370 1194 obli-

96 1223 205 1306 gantia.
221 1221 369 1286 onustus
383 1219 468 1284 enim
481 1217 687 1299 legislativum
701 1221 882 1298 potestatem
898 1217 927 1279 ei
943 1215 1083 1292 contulit,
1097 1223 1135 1280 ut
1145 1217 1264 1282 dictum
1277 1225 1323 1282 est
1337 1219 1372 1283 in

97 1322 180 1376 tract.
195 1311 240 1374 de
253 1312 339 1392 Lep,
356 1329 386 1371 u.
399 1313 449 1374 83.

133 1402 237 1465 Multa
250 1399 404 1462 exsistunt
417 1397 556 1461 Ecclesiae
568 1402 727 1477 praecepta,
738 1399 774 1458 ut
785 1413 823 1458 ex
836 1399 910 1458 lure
921 1394 1064 1457 canonico
1076 1401 1208 1473 constat;
1221 1398 1373 1479 precipua

94 1509 174 1564 vero,
188 1507 265 1571 qmae
279 1487 439 1551 universos
453 1485 622 1567 respiciunt
637 1484 738 1548 fideles
758 1486 978 1564 cujuscumque
995 1487 1094 1546 status
1105 1490 1161 1546 aut
1174 1485 1369 1562 conditionis,

95 1581 133 1642 ad
146 1597 197 1642 sex
211 1575 378 1658 sequentia
390 1575 591 1648 reducuntur,
603 1573 717 1636 scilicet
729 1592 736 1634 ε
750 1578 782 1636 1⁰
797 1577 833 1634 ut
847 1571 924 1634 leste
938 1570 1117 1634 auctoritate
1128 1573 1265 1636 Ecclesiae
1280 1573 1372 1637 insti-

96 1674 162 1731 tuta
175 1667 284 1732 fideles
296 1665 410 1740 colant;
428 1699 467 1709 -
481 1667 515 1726 20
530 1668 567 1725 ut
581 1661 687 1724 saltem
704 1661 812 1724 diebus
832 1659 999 1724 Dominicis
1019 1667 1051 1722 et
1069 1659 1154 1722 lestis
1173 1663 1261 1724 Sacro
1275 1662 1372 1725 inter-

98 1756 173 1833 sint;
187 1793 228 1802 -
250 1759 283 1818 3⁰
300 1759 337 1816 ut
360 1753 469 1816 saltem
489 1751 583 1814 semel
607 1750 738 1831 singulis
761 1749 852 1812 annis
875 1755 995 1830 peccata
1012 1747 1229 1826 confiteantur;
1243 1756 1328 1815 -40
1340 1755 1376 1815 ut

97 1845 207 1908 saltem
229 1850 368 1923 tompore
388 1839 545 1903 Paschatis
568 1839 607 1901 ad
631 1841 660 1900 S.
682 1837 883 1901 Eucharistiae
906 1839 1138 1900 Sacramentum
1161 1839 1316 1914 accedant;
1336 1876 1376 1886 -

95 1937 129 1997 5⁰
134 1941 172 1997 ut
183 1933 279 1996 certis
291 1929 399 1994 diebus
410 1947 429 1990 a
443 1927 588 1992 carnibus
599 1925 914 2002 abstineam-erut
920 1923 1040 2008 jejunia
1054 1925 1178 1989 statutis
1187 1927 1375 2008 temporibus

95 2028 235 2087 servent.

366 2143 456 2230 ὓΕἸ
488 2152 537 2229 ΕΤ
566 2152 596 2229 ll
629 2151 853 2229 EGGLESlAE
880 2151 1113 2228 tractem

711 2331 766 2368 SEU

418 2455 468 2511 DE
491 2453 813 2514 oasuavtulouu
836 2453 1057 2512 FESTORUM

133 2625 211 2686 ΙΙΙ.
229 2655 269 2666 -
284 2621 394 2686 &ncta
405 2626 504 2687 mater
525 2621 656 2685 Ecclesia
670 2622 781 2702 gaudet
795 2628 945 2703 potestate
961 2621 1036 2685 festa
1046 2621 1240 2696 instituendi,
1256 2640 1377 2686 eorum·

95 2730 158 2792 que
176 2707 454 2773 sanctificationem
469 2710 527 2774 sub
543 2710 629 2790 gravi
643 2710 788 2774 omnihus
806 2710 948 2773 fidelibus
969 2709 1176 2790 precipiendi,
1191 2717 1296 2792 utpote
1309 2729 1377 2792 quae

93 2799 216 2881 accepit
229 2816 249 2859 a
261 2797 382 2861 Christo
392 2817 517 2861 omnem
528 2805 711 2879 potestatem
722 2799 757 2862 in
768 2797 875 2862 ordine
884 2799 922 2860 ad
931 2797 1049 2861 bonum
1062 2798 1219 2879 spirituale
1231 2799 1375 2863 liliorum.

94 2889 187 2954 Nulla
201 2886 309 2950 dehoc
322 2886 404 2949 inter
418 2886 581 2951 catholicos
594 2886 799 2951 controversia
813 2887 955 2967 agitatur.

135 2979 333 3055 Praeceptum
346 2974 423 3039 festa
442 2975 627 3050 celebrandi,
642 2975 669 3037 si
689 2976 904 3056 obligationem
928 2975 1085 3057 respicias,
1101 2996 1163 3058 qua
1176 2977 1278 3060 aliquo
1292 2979 1378 3042 cultu
1447 2989 1454 3008 ·

93 3063 242 3128 venerari
257 3068 354 3127 Deum
367 3063 527 3126 interdum
546 3067 698 3139 tenemur,
712 3062 857 3126 divinum
868 3083 941 3127 sane
951 3083 987 3127 ac
998 3065 1138 3128 naturale
1149 3073 1210 3142 est;
1226 3067 1308 3148 quod
1324 3086 1379 3130 au-

93 3161 160 3218 tem
177 3155 299 3234 spectat
318 3153 357 3214 ad
376 3158 498 3233 tempus
520 3151 646 3233 diesque
662 3151 737 3216 huic
751 3152 849 3215 cultui
863 3155 1094 3230 consecrandos,
1108 3154 1141 3217 id
1154 3154 1188 3218 in
1203 3155 1298 3219 reteri
1315 3156 1380 3236 lege

91 3261 147 3322 per
160 3241 374 3305 ceremoniale
389 3247 585 3323 preceptum,
599 3240 634 3303 in
645 3259 725 3304 nova
740 3259 793 3322 per
807 3240 1035 3304 eulesiesticum
1047 3242 1192 3306 sancitur.
1207 3279 1247 3290 -
1257 3241 1293 3305 S.
1306 3243 1378 3324 Lip.

92 3329 116 3391 l.
133 3333 193 3406 ΙΙΙ,
210 3351 248 3393 u.
261 3333 332 3394 263.

132 3420 231 3482 Solus
249 3421 330 3500 Papa
345 3417 498 3482 mrivemae
510 3417 648 3482 Ecclesia
661 3417 739 3482 festa
752 3417 885 3483 indicere
902 3426 1017 3500 potest,
1032 3420 1105 3501 quia
1125 3421 1207 3484 solus
1228 3420 1263 3482 in
1280 3420 1380 3483 Eccle-

56 3586 66 3592 ἡ
94 3507 179 3571 siam
192 3506 379 3570 universam
389 3505 605 3588 jurisdictione
614 3508 736 3587 gaudet.
748 3507 887 3589 Episcopi
899 3527 1020 3590 quoque
1033 3509 1126 3572 festos
1139 3508 1203 3571 dies
1217 3507 1381 3571 instituere

26 3587 55 3620 ‘'
70 3593 128 3660 “in
148 3595 282 3677 propria
300 3595 423 3659 dioecesi
445 3603 590 3677 possunt,
606 3597 722 3660 habent
740 3597 825 3659 enim
847 3597 1023 3661 facultatem
1042 3597 1120 3677 leges
1135 3596 1170 3659 in
1189 3615 1245 3660 sua
1258 3595 1381 3660 dioeoesi

92 3682 267 3748 condendi.
282 3685 432 3748 Attamen
442 3702 479 3748 ex
488 3684 631 3765 presenti
645 3683 815 3766 disciplina,
827 3703 866 3748 ne
880 3685 978 3748 nimia
992 3683 1224 3748 ordinariorum
1235 3683 1380 3753 facilitate

91 3773 181 3836 ultra
199 3773 334 3836 modum
350 3771 414 3836 dies
430 3772 502 3836 festi
516 3773 771 3854 multiplicentur,
789 3779 936 3836 vetantur
951 3773 1105 3854 Episcopi,
1120 3791 1173 3848 ne,
1187 3771 1270 3836 Clero
1284 3771 1381 3836 fideli·

91 3859 225 3943 husque
254 3860 455 3936 inconsultis,
478 3869 534 3925 aut
558 3863 668 3925 saltem
692 3861 985 3937 contradicentibus,
1011 3861 1086 3926 festa
1112 3867 1262 3924 statuant.
1279 3895 1318 3906 -—
1332 3860 1381 3924 Ita

90 3953 303 4012 communiter
321 3969 358 4012 ex
378 3971 404 4012 c.
420 3950 621 4033 Conquestio,
641 3949 678 4012 de
699 3951 812 4016 Feriis.
826 3985 865 3996 -
880 3949 918 4014 S.
931 3950 1001 4032 Lip.
1017 3970 1048 4012 u.
1067 3953 1138 4014 266.
1156 3949 1301 4024 Quinimo
1319 3968 1383 4013 non

91 4037 216 4102 desunt
233 4037 288 4119 qui
309 4044 419 4120 putent
435 4057 504 4102 eam
524 4044 706 4121 potestatem
728 4037 883 4120 Episcopis
900 4039 1035 4103 ablatam
1050 4057 1115 4102 esse
1127 4037 1166 4100 ab
1180 4038 1303 4102 Urbano
1314 4039 1383 4100 Vlll

91 4126 237 4190 constit.
258 4127 423 4204 Universa,
440 4127 475 4191 in
494 4145 555 4209 qua
577 4128 643 4191 haec
662 4127 836 4190 hahentur:
853 4131 999 4190 Locorum
1021 4127 1185 4190 Ordiaorii
1199 4127 1234 4189 iu
1251 4126 1382 4189 Domino

88 4224 273 4294 monentur,
288 4225 335 4296 ut,
353 4217 395 4279 od
413 4215 638 4280 eoelesiasticom
659 4216 770 4298 utique
787 4217 966 4280 servandam
986 4214 1204 4299 equalitatem,
1218 4215 1254 4278 de
1276 4224 1382 4278 cetero

85 4307 259 4388 perpetuis
272 4306 387 4385 suturis
402 4305 588 4386 temporibus
602 4305 640 4366 ab
659 4305 823 4367 indictione
840 4306 893 4368 sut
910 4313 1059 4388 precepto
1081 4323 1224 4368 uovorum
1236 4303 1384 4385 festorum

88 4393 292 4455 obstineant.
308 4397 348 4456 Et
358 4412 464 4458 revera
475 4396 506 4457 S.
522 4397 554 4458 G.
570 4393 702 4459 Rituum
719 4395 756 4456 ad
771 4394 974 4474 questionem
989 4413 997 4455 ε
1013 4395 1065 4456 Au
1077 4393 1265 4476 Episcopus,
1282 4397 1316 4454 tu
1329 4413 1384 4454 me

91 4479 251 4560 Dicecesi,
268 4487 363 4565 possit
381 4483 447 4545 olio
460 4482 539 4565 sesto
559 4485 716 4546 instituere
740 4482 776 4545 de
797 4491 947 4565 precepto
962 4492 1074 4566 preter
1091 4481 1149 4545 illa
1165 4502 1233 4566 quae
1250 4485 1284 4544 iu
1301 4481 1384 4546 dicta
