3168 5002
449 249 739 298 rnorosrvrouun
763 251 1015 300 onuunraauu
1323 249 1367 307 ld

130 361 160 418 2.
185 361 313 418 Tametsi
334 359 419 416 detur
436 360 598 432 ignorantia
612 361 790 419 invincibilis
807 363 882 434 juris
898 367 1027 434 naturae,
1043 363 1104 422 baec
1118 367 1148 422 in
1168 371 1245 426 statu
1259 375 1368 430 naturae

96 441 188 516 lapsae
201 443 365 516 operantem
378 457 413 496 ex
427 441 491 514 ipsa
505 457 561 497 non
571 443 717 498 excusata
729 443 844 515 peccato
857 443 980 500 lormali.

132 538 161 594 3.
176 539 240 594 Non
252 535 320 593 lieet
334 536 416 609 sequi
431 535 593 610 opinionem
608 537 653 594 vel
677 538 753 594 inter
767 538 930 612 probabiles
945 539 1216 614 probabilissimum.
1297 571 1299 578 ·

133 633 161 689 l.
181 631 267 690 Dedit
288 631 479 705 semetipsum
502 630 663 708 [Christus]
686 649 736 708 pro
759 634 841 690 nobis
867 635 1039 692 oblationem
1062 639 1136 708 lieo,
1151 656 1209 696 non
1226 657 1276 714 pro
1299 641 1369 700 solis

100 714 219 782 electis,
235 711 286 768 sed
301 729 353 786 pro
365 712 497 768 omnibus
511 715 541 768 et
551 712 621 769 solis
634 713 777 770 fidelibus.

139 801 167 856 5.
187 801 307 872 lagani,
322 799 426 872 judaei,
455 800 602 869 haretici,
630 801 737 874 aliique
762 801 849 874 bajus
876 803 990 873 generis
1017 803 1129 860 nullum
1158 807 1274 864 omnino
1297 811 1372 868 acci-

104 882 187 956 piunt
199 897 216 936 a
227 883 297 936 iesu
312 880 425 938 Christo
438 880 598 936 inflexum:
614 881 742 954 adeoque
759 881 827 938 hinc
841 884 917 938 recte
932 883 1053 954 interes,
1067 885 1097 940 in
1112 883 1172 942 illis
1187 905 1253 946 esse
1268 889 1371 946 volun-

106 963 191 1018 tatem
206 959 312 1016 nudam
326 963 356 1016 et
367 961 507 1016 inermem
518 961 582 1017 sine
596 961 673 1016 omni
688 962 779 1032 gratia
794 961 960 1018 sufficienti.

136 1047 164 1104 6.
179 1046 281 1104 Gratia
302 1045 450 1104 sulliciens
477 1049 564 1104 statui
588 1050 686 1105 nostro
710 1065 766 1105 non
796 1051 853 1104 tarn
887 1050 986 1118 utilia,
1012 1067 1097 1122 quam
1122 1055 1284 1125 perniciosa
1311 1059 1372 1127 est,

103 1129 161 1265 laps,
178 1129 231 1219 ¹ut.
247 1126 367 1201 proinde
392 1128 493 1184 merito
524 1129 671 1202 possimus
699 1132 815 1202 petere:
843 1131 866 1186 Α
891 1132 984 1202 gratia
1011 1131 1167 1189 suldcienti
1191 1135 1281 1194 libera
1303 1154 1372 1208 nos,

126 1224 233 1264 omme.
1299 1233 1302 1238 ·

137 1288 166 1344 'l.
188 1288 288 1346 Omnis
314 1285 440 1344 humana
464 1287 538 1344 actio
565 1287 724 1345 deliberata
751 1291 797 1345 est
821 1290 872 1346 Dei
895 1290 1011 1347 dilectio
1040 1291 1086 1349 vel
1116 1293 1215 1350 mundi
1232 1315 1239 1351 :
1257 1297 1283 1353 si
1304 1298 1373 1368 Dei,

103 1367 234 1425 Charitas
248 1368 341 1424 Patris
355 1369 419 1422 est:
436 1367 461 1422 si
473 1367 585 1436 mundi,
601 1367 833 1442 concupiscentia
852 1371 962 1438 carnis,
978 1371 1031 1427 boc
1040 1375 1085 1428 est
1098 1373 1173 1429 mala
1185 1377 1240 1432 est.

143 1453 170 1510 8.
186 1457 308 1512 Necesse
322 1457 367 1510 est
386 1453 531 1510 infidelem
544 1455 574 1510 in
590 1456 666 1510 omni
680 1471 763 1528 opere
776 1471 903 1528 peccare.

142 1541 169 1598 9.
191 1543 298 1598 Revera
325 1542 438 1614 peccat,
465 1542 514 1614 qui
539 1541 604 1597 odio
632 1542 718 1598 habet
745 1543 892 1616 peccatum
922 1559 999 1600 mere
1025 1545 1060 1600 ob
1085 1547 1148 1618 ejus
1168 1550 1375 1622 turpitudinem

106 1625 135 1680 et
150 1622 426 1678 disconvenientiam
438 1637 502 1678 cum
514 1625 629 1691 natura,
643 1621 708 1678 sine
719 1622 779 1679 ullo
791 1623 827 1679 ad
836 1625 926 1679 Deum
941 1625 1081 1680 offensum
1096 1631 1238 1700 respectu.

143 1709 187 1765 lc.
208 1709 348 1776 Intentio,
377 1699 433 1782 q'ua
456 1709 521 1781 quis
546 1709 705 1766 detestatur
728 1709 835 1766 malum
861 1712 890 1766 et
908 1711 1090 1784 prosequitur
1118 1712 1224 1770 bonum
1244 1733 1320 1775 mere
1345 1720 1377 1776 ut

107 1789 254 1847 coelestem
274 1788 401 1845 obtineat
414 1789 552 1860 gloriam,
568 1805 625 1844 non
640 1790 771 1846 astructa
785 1806 837 1846 nec
848 1792 906 1848 Deo
918 1789 1044 1864 placens.

142 1878 187 1934 ll.
209 1869 397 1949 Omne'quod
416 1893 474 1932 non
498 1878 544 1932 est
561 1893 596 1932 ex
621 1875 689 1934 Fide
712 1877 870 1934 christiana
898 1877 1127 1951 supernaturali,
1152 1896 1215 1953 quae
1238 1897 1289 1954 per
1310 1884 1379 1940 dile·

106 1958 233 2014 ctionem
247 1960 391 2030 operatur,
403 1958 551 2030 peccatum
563 1957 618 2012 cst.

143 2044 190 2101 la.
209 2043 328 2112 Quando
344 2044 375 2099 in
393 2043 508 2118 magnis
526 2041 723 2118 peccatoribus
739 2043 836 2102 delicit
849 2045 942 2102 omnis
956 2061 1045 2114 amor,
1059 2044 1156 2102 delicit
1176 2047 1263 2104 etiam
1274 2049 1378 2108 Fides:

107 2125 139 2181 et
150 2124 265 2181 etiamsi
279 2123 411 2180 videatur
424 2123 557 2194 credere,
572 2141 628 2180 non
639 2125 684 2180 est
698 2124 782 2182 Fides
800 2125 915 2194 divina,
927 2123 979 2182 sed
989 2125 1124 2184 bumana.

146 2211 194 2268 13.
215 2211 351 2285 Quisquis
378 2212 463 2267 etiam
494 2213 608 2268 aeternae
636 2211 776 2268 mercedis
803 2212 909 2270 intuitu
936 2215 994 2270 Deo
1014 2212 1177 2283 famulatur,
1197 2215 1337 2276 charitate
1354 2218 1381 2276 si

110 2291 258 2358 caruerit,
271 2291 340 2348 vitio
352 2309 409 2348 non
427 2295 521 2361 caret,
534 2291 645 2365 quoties
656 2292 763 2348 intuitu
777 2292 846 2349 licet
859 2292 1044 2350 beatitudinis
1061 2298 1203 2367 operatur.

150 2371 196 2426 lt.
217 2371 311 2428 Timor
324 2372 459 2444 gehennae
470 2388 526 2426 non
540 2375 586 2428 cst
600 2371 837 2446 supernaturalia.

152 2457 199 2514 l5.
221 2458 350 2528 attritio,
369 2475 433 2532 qua
462 2459 598 2531 gehennae
626 2463 655 2516 et
677 2475 826 2532 poenarum
853 2461 930 2515 metu
959 2459 1128 2536 concipitur,
1149 2463 1212 2520 sine
1230 2463 1384 2522 dilectione

113 2536 322 2596 benevolentia
338 2539 390 2596 Dei
404 2541 519 2613 propter
531 2556 579 2607 se,
591 2555 647 2594 non
664 2540 709 2594 est
725 2539 816 2596 bonus
831 2539 925 2595 motus
938 2555 971 2596 ac
982 2541 1221 2612 supernaturalis.

148 2624 193 2682 16.
215 2625 351 2682 Ordinem
366 2625 555 2700 praemittendi
579 2627 804 2682 satislactionem
823 2624 996 2682 absolutioni
1018 2627 1131 2684 induxit
1145 2645 1201 2685 nou
1216 2630 1316 2703 politia
1335 2632 1385 2688 aut

115 2705 259 2762 institutio
275 2705 429 2777 Ecclesia,
445 2707 494 2763 sed
517 2706 580 2780 ipsa
598 2706 705 2764 Christi
723 2706 769 2762 lex
789 2708 818 2764 et
836 2707 1030 2782 praescriptio,
1054 2709 1155 2766 natura
1175 2709 1218 2766 rei
1238 2710 1267 2766 id
1289 2711 1385 2783 ipsum

115 2785 323 2858 quodammodo
342 2786 477 2843 dictante.

150 2872 195 2928 l'l.
208 2875 261 2930 Per
273 2873 356 2929 illam
366 2871 475 2946 praxim
487 2889 552 2929 mox
566 2871 749 2942 absolvendi,
764 2872 833 2929 ordo
847 2873 1023 2945 poenitentiae
1033 2875 1079 2930 est
1091 2874 1236 2932 inversus.

154 2958 197 3016 l8.
224 2959 407 3018 Consuetudo
439 2960 575 3018 moderna
606 2960 698 3032 quoad
726 2960 1004 3018 administrationem
1036 2963 1208 3018 sacramenti
1245 2964 1388 3020 Paeniten-

119 3040 182 3110 tiae,
203 3041 320 3097 etiamsi
339 3057 401 3097 eam
427 3041 614 3115 plurimorum
633 3039 783 3097 bominum
802 3042 946 3098 sustentet
968 3041 1140 3112 auctoritas,
1159 3045 1189 3098 et
1214 3043 1299 3100 multi
1319 3047 1389 3106 tem·

119 3119 392 3256 &subtritrtumim
419 3121 585 3192 confirmet,
604 3119 795 3178 nibilominus
813 3121 849 3178 ab
867 3121 996 3178 Ecclesia
1020 3139 1078 3178 non
1103 3121 1225 3180 habetur
1243 3141 1294 3198 pro
1312 3141 1387 3193 usu,

155 3287 198 3344 19.
213 3289 303 3344 llomo
316 3287 402 3346 debet
414 3303 501 3359 agere
514 3289 573 3344 tota
585 3287 644 3344 vita
657 3287 854 3362 poenitentiam
869 3304 920 3364 pro
934 3289 1050 3364 peccato
1064 3288 1210 3360 originali.

153 3373 199 3432 20.
221 3375 421 3432 contessiones
446 3373 523 3452 apud
551 3373 703 3448 religiosos
727 3375 825 3448 lacta,
845 3373 990 3450 pleraque
1013 3375 1059 3434 vel
1081 3376 1230 3449 sacrilege
1252 3376 1320 3434 sunt
1343 3376 1388 3433 vel

121 3454 265 3512 invalide.

155 3535 200 3591 il.
220 3531 412 3591 Parocbianus
428 3535 521 3610 potest
534 3535 677 3608 suspicari
690 3534 726 3591 de
740 3534 988 3604 mendicantibus,
1003 3536 1054 3607 qui
1064 3533 1253 3608 eleemosynis
1268 3549 1390 3591 commn-

121 3613 206 3672 nibus
227 3615 340 3683 vivunt,
357 3614 392 3670 de
414 3615 587 3688 imponenda
604 3613 693 3670 nimis
712 3613 770 3671 levi
788 3617 817 3670 et
833 3615 989 3685 incongrua
1009 3615 1179 3688 poenitentia
1198 3631 1249 3672 sen
1267 3613 1391 3670 satisfac·

121 3694 204 3764 tione:
215 3695 251 3751 cb
266 3697 407 3768 quactum
419 3711 471 3752 seu
482 3693 594 3751 lucrum
609 3693 733 3751 subsidii
748 3693 925 3767 temporalis.

156 3781 201 3839 ᾗ.
223 3780 362 3853 Sacrilegi
386 3783 455 3838 sunt
474 3779 638 3854 judicandi,
654 3781 703 3854 qui
717 3782 768 3854 jus
791 3781 828 3838 ad
849 3779 1082 3840 Communionem
1096 3779 1308 3856 percipiendam
1320 3795 1392 3854 praa·

122 3863 243 3919 tendnnt
255 3865 409 3934 aanuam
424 3861 593 3935 condignam
608 3862 644 3919 de
655 3860 770 3920 delictis
782 3861 843 3919 suis
857 3862 1055 3936 poenitentiam
1067 3864 1187 3934 egerint.

159 3947 203 4006 93.
221 3949 360 4006 Similiter
378 3948 494 4005 arcendi
514 3950 582 4006 sunt
600 3965 617 4006 a
632 3965 713 4006 sacra
727 3949 946 4020 communione,
961 3951 1066 4023 quibus
1080 3948 1204 4006 nondum
1222 3946 1299 4004 inest
1311 3963 1392 4006 amor

123 4029 175 4086 liei
188 4029 362 4104 purissimas
375 4031 405 4085 et
419 4029 512 4086 omnis
524 4029 670 4086 mixtionis
683 4045 796 4104 expers.
865 4031 867 4036 '

22 4173 24 4202 ,
159 4121 205 4178 it.
220 4119 335 4178 Oblatio
350 4121 380 4176 in
392 4119 512 4194 templo,
530 4119 696 4192 quatiebat
711 4137 729 4179 e
744 4119 827 4176 beata
842 4118 958 4192 Virgine
972 4121 1061 4178 llario
1075 4119 1104 4174 in
1123 4116 1171 4174 die
1184 4117 1393 4190 purificationis

22 4205 23 4210 ’
122 4215 186 4258 snae
204 4216 254 4274 per
268 4201 340 4258 duee
354 4199 450 4274 pullos
466 4199 673 4271 columbarum,
689 4216 778 4257 unum
794 4199 825 4256 in
838 4199 1036 4272 holocaustum
1048 4199 1077 4255 et
1090 4195 1212 4254 alteram
1227 4215 1278 4274 pro
1291 4213 1393 4272 pecca·

124 4281 179 4350 tis,
192 4279 371 4338 suffimenter
383 4281 516 4348 testetur,
532 4279 607 4352 qnod
622 4280 780 4352 indiguerit
793 4279 1006 4354 purificatione,
1025 4278 1054 4335 et
1068 4277 1145 4350 qnod
1159 4277 1239 4336 filins
1251 4278 1315 4353 (qui
1328 4279 1395 4335 olie-

123 4357 253 4435 reheturl
268 4360 357 4418 etiam
371 4359 485 4420 macule
495 4359 596 4420 nauis
610 4359 771 4418 maculatus
782 4361 874 4428 esset,
890 4358 1047 4418 secandum
1059 4357 1145 4416 verbe
1158 4357 1243 4430 legis.

159 4455 207 4513 25.
227 4456 279 4514 Dei
291 4455 385 4514 Patria
397 4454 527 4513 sedentis
545 4453 733 4514 simulacrum
748 4455 828 4512 nefas
842 4455 888 4510 est
902 4451 1059 4512 christiano
1073 4454 1104 4511 in
1121 4453 1230 4530 templo
1244 4451 1393 4511 collocare.

161 4541 207 4600 26.
227 4543 319 4613 Laus,
336 4557 399 4617 quae
409 4542 535 4600 delentur
547 4541 661 4613 bieria,
676 4543 709 4599 ut
722 4541 834 4612 llariae,
850 4555 923 4598 vana
936 4539 990 4597 est.
