3156 5026
571 225 615 271 nr
635 224 807 271 Jusrrrrn
826 226 868 270 rr
888 227 974 272 suns
1340 214 1405 274 tel

14 393 15 396 ,
140 346 194 404 tur
207 337 329 400 reddere
339 333 373 398 id
387 352 477 398 omne
490 353 528 398 ex
541 351 601 416 quo
616 335 708 398 ditior
723 334 821 398 faetus
835 340 945 398 011-
963 335 1037 397 Vide
1052 334 1205 410 Garriirc,
1218 356 1249 398 r.
1264 341 1353 401 1051.
1369 372 1410 387 -

14 415 16 426 ”
143 427 348 492 communiter
362 441 432 487 vero
449 424 593 505 theologi,
616 423 724 486 saltem
738 443 776 486 ex
786 426 857 505 jure
875 423 1023 499 naturali,
1044 423 1178 504 obligant
1196 425 1235 487 ad
1248 425 1411 489 restituen-

140 517 216 581 dum
231 515 263 578 id
277 532 365 577 omne
378 532 415 576 ex
430 532 489 596 quo
503 531 657 594 possessor
668 513 761 576 ditior
775 513 872 576 lactus
887 519 995 576 001-
1008 511 1059 578 Ito
1074 513 1109 575 S.
1127 513 1194 594 Liq.
1209 533 1240 574 n.
1257 518 1326 579 610.

179 605 255 667 Dico
271 608 303 666 10
319 623 327 664 :
342 603 397 665 Ec
410 601 484 664 lure
505 601 620 664 Gallico
638 619 744 666 omnes
762 600 895 676 fruetus,
912 601 1098 683 quicumque
1116 601 1196 677 sint,
1213 603 1410 684 assignantur

139 691 303 775 possessori
323 691 408 754 bonae
427 690 513 767 fidei,
529 691 619 753 modo
638 708 704 752 rena
724 689 824 769 ipsam
842 691 994 771 possideat
1015 695 1052 752 ut
1069 690 1304 771 proprietarius,
1321 699 1352 754 et
1372 711 1410 756 ex

139 780 231 845 titulo
244 779 298 862 qui
307 798 344 842 ex
354 785 464 844 natura
476 799 532 842 sua
546 777 720 842 dominium
734 779 895 842 transferre
907 779 1062 842 valeat-
1072 778 1144 842 God.
1161 782 1230 859 cia,
1252 784 1321 854 519,
1339 784 1409 844 550.

136 871 237 932 —An
259 887 331 931 vero
351 868 417 932 haec
440 868 524 930 Juris
544 867 649 932 Gallici
667 867 825 947 dispositio
845 868 939 930 etiam
957 868 991 930 in
1014 867 1076 931 foro
1099 867 1291 931 conscientia
1310 868 1409 932 valere

134 957 250 1042 possit?
269 956 469 1018 Probabiliuc
488 955 705 1020 affirmandum
728 960 789 1030 est,
804 955 884 1038 ,quia
903 955 1125 1019 rationabiliter
1145 958 1289 1038 praesumi
1311 964 1411 1038 potest

133 1047 225 1110 talem
247 1064 317 1109 esse
340 1045 406 1107 vim
428 1045 517 1126 legis,
541 1063 611 1108 cum
636 1043 679 1107 sie
699 1044 852 1108 intellecta
871 1044 969 1108 multo
992 1044 1090 1125 magis
1113 1043 1230 1108 bonum
1253 1046 1411 1127 publiomn

133 1141 328 1216 promoveat,
347 1140 377 1198 et
396 1135 433 1197 de
452 1133 553 1197 medio
574 1131 660 1197 tollat
681 1132 906 1196 inextricabiles
924 1132 1076 1213 querelas,
1091 1139 1122 1196 et
1135 1133 1327 1198 difficultates
1341 1153 1410 1216 quae

130 1223 243 1304 jugiter
267 1227 465 1286 moverentur
488 1223 567 1286 eirea
586 1222 792 1304 quantitatem
813 1221 973 1284 fruetuum
994 1221 1267 1298 restituendorum,
1291 1230 1347 1286 etc.
1370 1258 1411 1271 -

134 1311 184 1374 Ito
205 1311 364 1390 Corriire,
386 1316 476 1377 1051.
494 1347 534 1358 —
556 1311 691 1386 Vemier,
711 1331 743 1372 0.
758 1313 897 1374 -561.’-
916 1309 1053 1388 Goucaet,
1070 1331 1102 1372 0.
1123 1313 1194 1386 931,
1214 1317 1285 1388 eta,
1306 1319 1411 1376 contra
1523 1387 1525 1390 ¹

135 1402 311 1464 nonnullos.
532 1457 533 1460 ,

175 1495 245 1555 637.
261 1526 301 1536 -
319 1491 421 1566 Quen.
443 1493 475 1554 2⁰
497 1489 547 1551 Ad
565 1488 640 1572 quid
657 1497 773 1552 terretur
788 1507 940 1572 possessor
958 1486 1039 1550 tono
1050 1487 1139 1570 fidei,
1155 1488 1182 1550 ai
1202 1507 1264 1550 rem
1280 1489 1410 1552 alienam

136 1579 227 1642 alteri
238 1580 417 1642 donaverit?

174 1669 265 1752 Hesp.
282 1669 354 1731 :Ad
368 1667 448 1730 nihil
463 1674 596 1742 tenetur,
614 1667 640 1730 si
652 1667 745 1730 ditior
756 1665 886 1730 minime
897 1665 994 1730 iaetus
1007 1665 1062 1741 sit,
1075 1669 1111 1728 ut
1120 1665 1258 1746 sequitur
1269 1683 1306 1727 ex
1319 1664 1410 1728 dietis

136 1775 229 1838 supra
242 1757 277 1819 in
291 1755 441 1838 principio
459 1758 496 1818 ll.
513 1759 604 1820 Seous
618 1754 779 1818 restituere
793 1755 881 1818 debet
899 1754 932 1816 id
949 1754 984 1816 in
1001 1771 1062 1835 quo
1081 1753 1174 1816 ditior
1192 1753 1302 1828 evasit,
1319 1758 1355 1815 ut
1373 1772 1411 1816 ex

134 1843 285 1926 principio
298 1847 452 1908 tonsae.

175 1936 278 2009 Quen.
294 1938 326 1998 3⁰
340 1933 390 1993 Ao
404 1934 489 2013 forto
504 1932 683 2010 deuotione,
706 1941 735 1994 ct
753 1951 856 1994 errore
874 1931 1001 2007 detecto,
1020 1940 1158 1994 teneatur
1175 1948 1293 1993 monere
1310 1931 1411 1992 dono-

135 2023 263 2091 torium,
281 2031 315 2082 ot
336 2041 400 2083 rem
416 2021 538 2084 domino
552 2021 676 2098 reddet,
693 2021 855 2102 calipsum
873 2019 1092 2092 0010111001,οτ
1112 2039 1174 2082 rem
1192 2039 1277 2082 avom
1294 2038 1412 2101 recupe-

133 2129 207 2172 rore
221 2109 347 2172 valeat?

174 2199 268 2280 110οΡ.
283 2218 295 2260 .·
309 2201 445 2262 Tenetur
456 2204 536 2261 carto
550 2217 587 2260 ex
601 2197 733 2278 generali
751 2197 891 2261 Caritatis
902 2197 1067 2279 principio,
1084 2196 1110 2260 si
1124 2196 1209 2260 facile
1223 2197 1254 2259 id
1267 2203 1410 2276 praestare

133 2285 243 2366 possit.
267 2288 324 2349 Sed
340 2287 463 2351 videtur
483 2287 577 2350 etiam
598 2286 694 2350 teneri
712 2287 828 2349 ratione
848 2285 993 2367 justitia,
1018 2305 1056 2350 ex
1078 2285 1209 2367 generali
1229 2284 1410 2365 obligatione

135 2393 232 2455 quam
246 2376 379 2438 incurrit
392 2375 554 2457 injustitia
568 2375 663 2438 etiam
677 2393 760 2438 mere
774 2375 941 2438 materialis
955 2379 1070 2440 auctor.

174 2467 246 2528 638.
268 2499 310 2510 —
325 2466 427 2546 Qvnn.
452 2469 485 2528 l⁰
505 2463 559 2526 Ad
578 2464 656 2546 quid
673 2473 790 2528 tenetur
809 2483 960 2548 possessor
980 2464 1062 2528 dono
1078 2464 1167 2547 fidei,
1185 2467 1322 2526 sicema
1338 2463 1410 2546 sure

132 2561 263 2633 emptam
274 2553 367 2614 alteri
380 2551 573 2616 vendiderit?

173 2641 264 2723 Hesp.
289 2648 320 2705 1ο
343 2661 350 2702 :
372 2641 410 2703 Io
428 2662 497 2704 cocu
517 2641 690 2720 evictionis,
707 2642 738 2704 id
757 2647 803 2706 est
819 2641 845 2706 si
863 2642 1008 2706 dominus
1026 2660 1093 2705 rem
1112 2659 1199 2705 suam
1218 2641 1256 2704 ab
1275 2648 1410 2724 emptore

133 2729 351 2805 vindicaverit,
368 2730 509 2793 venditor
532 2731 663 2811 emptori
683 2731 820 2812 pretium
842 2731 965 2794 reddere
990 2737 1121 2794 tenetur.
1146 2729 1235 2795 Ratio
1254 2737 1317 2804 est,
1336 2731 1409 2812 quia

133 2818 271 2882 venditio
285 2817 330 2880 rei
347 2817 468 2892 aliene,
480 2818 528 2881 vel
539 2823 585 2880 est
595 2818 721 2882 omnino
733 2817 838 2895 irrita,
850 2827 887 2881 ut
901 2819 1027 2900 quidam
1040 2818 1195 2893 sentiunt,
1208 2822 1239 2880 et
1253 2825 1327 2882 tunc
1340 2837 1408 2900 pre·

131 2904 215 2968 tium
234 2923 297 2968 non
316 2913 362 2968 est
376 2905 544 2969 venditoris
568 2907 620 2969 sed
640 2907 801 2987 emptoris,
818 2906 881 2981 vel,
903 2912 995 2988 prout
1015 2908 1124 2970 docent
1145 2907 1361 2982 communiter,
1377 2913 1408 2971 et

129 2996 204 3056 Jure
219 2998 357 3059 Romano
372 2993 531 3068 statuitur,
549 2993 694 3056 dnnitate
713 2995 822 3058 saltem
841 3002 938 3070 earet,
956 3000 987 3056 et
1005 3002 1053 3058 est
1070 2995 1241 3058 rescissioni
1260 2995 1404 3072 obnoxia;

126 3081 358 3146 interveniente
367 3101 435 3164 ergo
446 3082 610 3157 evictionc,
622 3086 793 3146 contractus
802 3084 997 3147 resolvendus
1004 3091 1065 3158 est,
1077 3090 1109 3147 et
1119 3087 1238 3164 emptor
1248 3101 1406 3147 recursum

125 3167 191 3252 ipso
208 3170 288 3234 facto
298 3171 331 3234 ln
342 3170 532 3235 venditorem
544 3171 677 3252 acquirit
689 3190 696 3233 :
706 3171 818 3253 quippe
830 3172 885 3253 qui
893 3173 1030 3253 pretium
1039 3172 1077 3234 ab
1089 3179 1224 3253 emptore
1234 3171 1406 3252 accipiendo

126 3275 158 3321 se
171 3257 329 3341 implicite
342 3258 488 3340 obligavit
498 3261 537 3323 ad
551 3260 703 3323 damnum
713 3262 932 3340 reparandum,
946 3261 972 3323 si
984 3260 1061 3324 forte
1074 3259 1180 3324 futura
1191 3267 1270 3323 esset
1284 3259 1404 3322 evictio.

127 3347 217 3411 Idem
231 3347 269 3410 ob
284 3349 423 3411 eamdem
437 3347 589 3412 rationem
598 3347 690 3410 dicito
702 3348 737 3410 in
747 3367 819 3412 casu
829 3354 1003 3430 spontaneae
1012 3349 1216 3412 restitutionis
1224 3348 1261 3411 ab
1270 3352 1406 3428 emptore

127 3434 226 3500 inotae.
242 3472 282 3482 -
296 3435 330 3498 S.
351 3437 421 3519 Liq.
439 3457 473 3498 re.
490 3442 560 3502 001.
575 3471 616 3483 -
635 3437 733 3500 Solm.
754 3458 785 3499 r.
810 3431 1015 3513 80,’010.Ηο0
1030 3444 1135 3500 tamen
1155 3437 1303 3498 ultimum
1321 3439 1410 3514 negat

128 3525 228 3608 Lupo,
244 3525 274 3587 d.
291 3543 376 3602 nvn,
390 3545 421 3587 a.
437 3530 506 3604 100,
524 3543 595 3590 cum
609 3525 726 3600 Lessio,
744 3524 799 3586 lid.
813 3527 856 3601 Π,
872 3545 938 3609 cop.
953 3545 1018 3602 xrv,
1035 3545 1065 3586 a.
1082 3528 1137 3598 18,
1154 3524 1276 3604 quando
1289 3531 1409 3604 sponta-

129 3631 188 3678 nea
209 3614 378 3690 restitutio,
402 3614 558 3678 venditore
581 3633 644 3677 non
668 3613 842 3690 admonito,
867 3613 960 3692 lacta,
985 3615 1135 3677 damnum
1159 3613 1311 3692 injustum
1336 3611 1409 3675 huic

128 3701 240 3777 infert,
257 3702 451 3783 impediendo
464 3721 503 3764 ne
514 3703 648 3784 pretium
664 3721 757 3765 suum
775 3721 951 3784 recuperare
963 3701 1070 3784 possit.
1088 3737 1127 3746 -
1145 3702 1229 3763 Idem
1242 3699 1407 3764 dicendum

129 3797 193 3866 est,
210 3790 237 3853 si
252 3809 299 3852 res
313 3790 412 3853 aliena
421 3791 455 3853 in
470 3808 581 3854 manus
591 3789 749 3854 variorum
759 3809 968 3871 possessorum
980 3791 1069 3854 titulo
1081 3807 1205 3853 oneroso
1215 3787 1403 3852 transiverit.

128 3878 161 3940 Si
184 3878 269 3942 enim
292 3879 423 3942 ultimus
444 3897 595 3960 possessor
619 3897 685 3942 rem
708 3880 832 3943 domino
853 3880 976 3944 reddere
1003 3885 1134 3960 cogatur,
1160 3877 1225 3959 ipse
1243 3882 1273 3939 et
1293 3875 1406 3957 singuli

129 3971 279 4049 emptores
299 3970 351 4048 jus
373 3968 486 4031 habent
500 3969 688 4032 venditorem
708 3987 801 4032 suum
821 3967 1037 4050 persequendi,
1058 3974 1096 4031 ut
1113 3966 1249 4048 pretium
1271 3965 1407 4030 solutum

129 4061 316 4137 recuperent.
1372 4077 1373 4080 ¹
1479 4049 1486 4068 “

170 4145 260 4228 Resp.
281 4151 313 4208 i·
331 4147 438 4210 Extra
462 4165 563 4208 casum
586 4145 756 4221 evictionis,
781 4148 830 4210 vel
849 4151 1021 4227 spontaneae
1042 4143 1245 4208 restitutionis
1269 4159 1304 4205 ex
1324 4144 1408 4222 porte

130 4235 295 4314 emptoris,
311 4253 360 4296 res
374 4233 550 4298 difficultate
564 4252 626 4297 non
640 4241 733 4311 caret,
750 4241 781 4298 et
798 4235 907 4298 acriter
925 4237 1169 4296 controvertitur.
1187 4231 1236 4296 Sic
1254 4230 1342 4293 nobis
1360 4247 1406 4292 re-

130 4320 311 4385 solvendum
325 4341 390 4386 esse
402 4323 524 4386 videtur
538 4342 545 4384 :

170 4415 202 4472 l⁰
214 4409 245 4472 E
246 4431 269 4472 c
282 4411 357 4474 lure
370 4411 504 4472 Romano
517 4411 657 4475 venditor
669 4413 708 4475 ad
719 4411 798 4475 nihil
817 4415 938 4474 tenetur
955 4411 1061 4473 saltem
1072 4409 1276 4493 praboMI‘ius,
1292 4407 1354 4470 nisi
1368 4425 1406 4468 ex

130 4498 302 4564 venditione
313 4498 406 4564 ditior
419 4499 515 4564 iactus
529 4499 632 4564 luerit.
649 4502 737 4566 ilatio
751 4505 810 4577 est,
825 4500 899 4582 quia
914 4497 1051 4564 venditio
1069 4499 1114 4562 rei
1132 4499 1238 4564 aliene
1248 4497 1333 4560 'hona
1345 4495 1403 4559 fide
