3216 5020
220 214 289 275 226
749 230 958 276 ruuarauus

221 340 381 402 buendum
392 346 438 401 est
449 339 575 402 alterius
588 339 710 414 actioni,
719 341 770 402 sed
783 340 884 421 potius
894 341 1085 421 ignorantiae,
1094 343 1383 422 imaginationi,aut
1394 347 1489 408 otiam

217 427 344 490 malitiae
352 427 436 490 iilius
449 429 502 510 qui
512 429 689 491 scandalum
701 429 829 508 patitur,
840 430 885 490 vel
900 430 965 491 siue
975 429 1175 494 fundamento
1186 431 1337 494 admittit.
1348 431 1379 494 Si
1391 452 1430 496 eu
1441 434 1490 496 io-

217 516 363 580 firmitate
379 517 424 578 vei
436 516 610 596 ignorantia
625 517 820 598 suscipiatur,
835 517 949 579 dieitur
961 519 1137 581 scandalum
1149 519 1350 602 pusillorum·
1362 530 1490 585 uocatur

216 623 287 667 voro
303 604 523 687 pharisaicum,
541 604 567 666 si
582 624 620 668 ox
633 624 718 668 ruera
732 606 860 687 subjecti
874 604 994 668 malitia
1007 607 1175 686 proveniat.
1191 643 1232 655 -
1248 609 1284 671 S.
1300 609 1370 691 Lip.
1387 631 1418 671 n.
1435 616 1487 675 13.

337 759 562 838 Principia.

912 849 926 880 0

252 909 323 969 1315.
339 941 380 950 -
393 907 416 966 Ι.
431 905 628 980 Soandalum,
645 905 739 967 etiam
759 904 959 981 iudirootuui,
975 911 1022 968 εει
1039 913 1196 985 peceatum
1217 925 1306 987 gravo
1325 928 1488 990 exgenere

212 1013 282 1067 suo,
297 994 370 1076 quia
384 1013 422 1056 ex
436 1012 542 1073 genere
560 1012 615 1056 suo
629 999 675 1056 esi
689 992 892 1067 contrarium,
909 1013 962 1056 seu
983 994 1146 1074 opponitur
1159 1015 1216 1077 per·
1232 999 1483 1075 commissionem,

211 1083 354 1156 Caritati;
369 1083 480 1145 directe
501 1081 601 1156 euim,
623 1088 657 1144 ut
677 1081 722 1144 ait
743 1083 772 1144 S.
789 1082 922 1144 Thomas
934 1083 979 1162 (2.
996 1087 1039 1158 2.,
1057 1103 1086 1164 q.
1103 1088 1158 1158 ta,
1175 1095 1238 1148 ort.
1255 1087 1304 1166 3),
1321 1088 1488 1167 opponitur

211 1171 388 1234 correctioni
405 1171 567 1234 fraterne:
588 1170 741 1251 siquidem
761 1171 825 1234 haee
848 1171 1024 1250 proximum
1042 1191 1060 1233 a
1077 1181 1197 1253 peooato
1216 1175 1356 1251 retrahit,
1373 1175 1485 1239 illude

210 1267 315 1323 ooutra
333 1279 404 1323 eum
417 1260 512 1324 trahit
526 1260 564 1321 ad
577 1260 773 1340 peccandum.

249 1352 286 1411 11.
310 1350 491 1412 scandalum
512 1347 693 1430 pusillorum
712 1367 765 1411 seu
788 1348 983 1410 infirmorum
1002 1348 1164 1414 vitandum
1184 1358 1250 1426 est,
1271 1352 1391 1433 quoties
1416 1354 1483 1416 fiori

207 1445 307 1519 potest
328 1437 393 1500 siue
414 1437 499 1517 gravi
517 1437 724 1511 incommodo,
744 1443 813 1500 turn
833 1438 931 1517 operis
952 1438 1171 1514 indifferentis,
1189 1441 1367 1503 tumetium
1383 1442 1482 1523 operis

206 1527 280 1589 boui
295 1546 356 1590 nou
369 1526 509 1607 praeoepti
522 1525 701 1601 omissione;
718 1527 812 1600 ratio,
829 1526 902 1606 quia
921 1545 958 1587 ox
976 1527 1108 1590 Caritate
1127 1529 1252 1591 ruinam
1274 1530 1406 1610 proximi
1425 1550 1482 1611 ope

206 1623 311 1678 nostra
325 1615 493 1694 indigeatis
504 1613 651 1694 impedire
665 1620 806 1676 tenemur
818 1632 889 1676 oum
900 1613 985 1678 faoiie
997 1634 1170 1696 possumus,
1183 1636 1213 1679 v.
1227 1637 1285 1698 gr„
1296 1618 1482 1682 abstinendo

206 1703 244 1767 ab
258 1705 375 1767 actione
390 1723 452 1766 nou
463 1704 551 1766 valde
570 1703 657 1778 utili,
672 1709 727 1766 aut
747 1721 816 1765 eam
835 1702 1015 1779 differendo,
1032 1705 1080 1766 vel
1100 1711 1238 1768 nostram
1257 1707 1366 1786 agendi
1385 1708 1481 1770 ratio-

205 1811 277 1855 nem
289 1793 475 1874 exponendo,
491 1799 561 1866 eto,
574 1792 625 1854 sed
636 1791 746 1872 pusitii
757 1811 810 1871 ope
822 1791 972 1870 indigent,
987 1811 1059 1855 otuu
1070 1801 1192 1874 propior
1204 1795 1409 1873 ignorantiam
1421 1804 1481 1858 aut

204 1881 419 1944 infirmitatem
443 1887 605 1944 versentur
626 1880 659 1942 iu
684 1881 817 1961 quadam
839 1879 1018 1943 necessitate
1039 1881 1202 1962 spirituaii.
1224 1886 1312 1962 Ergo,
1334 1919 1375 1929 -—
1397 1890 1481 1948 Beue

203 1977 309 2034 autem
327 1971 467 2034 observat
487 1969 523 2032 S.
546 1969 650 2032 roem.
670 1969 715 2050 (2.
741 1973 789 2044 1.,
808 1989 837 2051 q.
867 1973 922 2044 13,
948 1980 1009 2032 ort.
1035 1970 1069 2051 7)
1093 1971 1270 2034 scandalum
1294 1972 1480 2052 pusillorum

202 2066 271 2140 post
282 2059 484 2123 monitionem
497 2057 562 2120 fieri
574 2058 753 2138 plerumque
766 2058 983 2138 pharisaioauu.

241 2151 292 2210 ΠΙ.
309 2148 491 2211 Soandalurn
501 2147 703 2228 ptantairam
722 2165 776 2208 seu
793 2145 990 2222 malitiosum,
1006 2133 1114 2210 saltem
1128 2147 1296 2226 ordinarie,
1311 2168 1366 2212 noo
1380 2152 1479 2214 ornis-

202 2237 286 2300 sioue
305 2236 402 2318 operis
423 2235 511 2311 honi,
526 2253 580 2296 neo
600 2235 765 2298 omissione
785 2235 883 2315 operis
903 2235 997 2298 etiam
1018 2235 1237 2311 indifferentia,
1252 2238 1327 2300 mali
1344 2239 1478 2319 speeiem

200 2343 264 2387 uou
279 2325 435 2399 habentis,
452 2331 499 2386 εει
509 2322 676 2386 ueoessario
686 2323 849 2385 vitandum
863 2343 870 2385 :
883 2325 976 2399 ratio,
992 2323 1065 2404 quia
1080 2325 1258 2388 scandalum
1271 2326 1420 2406 patientes
1432 2348 1478 2392 ex

200 2413 264 2476 sola
276 2431 331 2475 sua
343 2413 462 2474 malitia
473 2431 536 2474 non
550 2418 624 2474 sunt
637 2413 672 2473 iu
685 2412 864 2474 nooessitate
878 2431 896 2474 a
910 2431 972 2492 qua
988 2430 1051 2474 nou
1069 2413 1188 2492 possint
1202 2433 1234 2476 se
1247 2415 1332 2477 saoiio
1344 2415 1479 2480 liberare

201 2501 266 2564 sine
278 2520 331 2581 ope
344 2501 484 2577 alteriue,
499 2507 529 2563 ει
543 2500 679 2581 alioquin
698 2501 823 2563 daretur
842 2501 924 2564 loeus
944 2500 1062 2583 iniquis
1080 2501 1268 2583 impediendi
1285 2504 1362 2567 bona
1381 2523 1479 2584 opera

200 2607 271 2654 cum
284 2591 405 2652 vellent.

320 2744 513 2823 Quaesita.

237 2897 307 2957 236.
318 2927 357 2938 -—
366 2894 466 2966 Quart.
484 2896 516 2953 10
531 2891 581 2951 Αη
594 2899 746 2972 proecepta
759 2888 822 2950 sint
835 2889 1017 2971 quandoque
1034 2889 1198 2951 omittenda
1207 2898 1331 2973 propter
1344 2892 1477 2956 scanda-

199 2980 260 3042 lum
270 2978 469 3064 pusillorum?

237 3069 326 3152 Resp.
345 3075 377 3132 10
392 3067 483 3150 Nep,
500 3068 599 3149 quoad
617 3074 764 3148 praecepta
777 3067 858 3148 juris
874 3066 1024 3128 uatrualis
1044 3067 1202 3146 negativa,
1218 3068 1291 3148 qrria
1307 3069 1372 3131 haeo
1391 3089 1475 3132 seni-

195 3177 249 3239 per
262 3165 293 3220 et
304 3175 358 3238 pro
370 3175 487 3238 semper
498 3155 644 3236 obligant,
659 3162 751 3236 atque
765 3173 854 3235 opera
866 3155 927 3217 iliis
943 3155 1097 3217 oontraria
1110 3162 1185 3218 sunt
1196 3155 1363 3220 intrinseoe
1376 3159 1471 3221 maia.

195 3246 388 3311 Affirmativa
399 3251 518 3319 autem,
534 3263 602 3325 qua
614 3262 676 3306 nou
690 3243 826 3324 ohligant
839 3261 893 3323 pro
910 3261 1039 3324 semper,
1056 3263 1086 3305 v.
1102 3262 1160 3323 gr,
1176 3252 1361 3327 praeoeptum
1375 3248 1475 3310 oorri-

195 3336 286 3417 gendi
301 3341 482 3416 peccatores,
499 3331 641 3395 omittere
655 3331 813 3394 interdurn
825 3332 909 3404 iioet,
926 3331 990 3394 imo
1004 3338 1123 3413 etopus
1138 3340 1198 3406 est,
1215 3332 1242 3394 si
1259 3335 1380 3413 gravior
1394 3335 1471 3398 iude

195 3426 286 3489 ruina
306 3423 443 3486 timenda
466 3422 521 3498 sit;
538 3428 569 3483 at
591 3421 694 3502 potius
715 3420 878 3484 dicendum
897 3420 1272 3502 est,tunoipsamiege1u
1284 3441 1409 3486 cessare.
1424 3457 1469 3472 ·-

196 3513 232 3577 S.
246 3515 316 3596 Lip.
334 3534 365 3574 u.
381 3517 430 3576 51.

233 3611 324 3692 Hesp.
341 3615 374 3673 2⁰
387 3627 394 3670 :
409 3609 511 3684 Quoad
523 3613 669 3688 praecepta
686 3606 817 3688 positiva
833 3605 986 3682 humana,
1001 3609 1246 3668 controvertitur.
1259 3608 1290 3670 10
1305 3607 1471 3672 Sententia

191 3699 382 3784 probabilior
399 3697 556 3778 affimant,
576 3696 690 3758 secluso
708 3696 901 3758 incommodo
923 3696 1025 3775 gravi,
1047 3694 1120 3777 quia
1140 3703 1324 3776 praeoeptum
1346 3697 1469 3760 vitantii

193 3789 369 3853 scandalum
385 3784 533 3867 proximi,
547 3791 652 3864 utpote
670 3784 826 3860 naturaie,
842 3783 983 3864 posititis
998 3783 1154 3865 praeoeptis
1171 3784 1395 3865 praeferendum
1406 3793 1466 3848 est.

191 3879 270 3942 Hino
286 3876 397 3940 mulier
409 3874 506 3936 sciens
518 3891 549 3936 εε
561 3873 693 3953 turpiter
704 3890 768 3934 esse
780 3871 1050 3953 concupiscendam
1065 3872 1235 3954 abaliquo,
1250 3873 1276 3934 si
1289 3874 1327 3935 ad
1339 3873 1469 3937 Missam

192 3973 372 4048 praeceptam
383 3968 503 4044 pergat,
518 3966 640 4023 tenetur
656 3978 723 4022 eam
740 3960 882 4022 omittere
900 3962 992 4023 semel
1005 3966 1060 4023 aut
1071 3959 1200 4034 iterum,
1216 3960 1241 4022 si
1254 3979 1321 4040 spes
1333 3962 1414 4023 adsit
1429 3969 1468 4025 ut

191 4055 299 4119 deinde
314 4053 490 4116 scandalum
501 4055 595 4112 cesset
608 4068 615 4109 ε
629 4067 692 4111 uon
710 4055 816 4110 tamen
829 4049 958 4128 plurieS,
972 4049 1010 4111 ob
1027 4067 1117 4129 grave
1135 4047 1366 4111 incommodum
1382 4051 1467 4131 quod

190 4145 263 4207 inde
280 4146 523 4222 oonsequeretur.
540 4171 580 4185 —
591 4137 627 4199 S.
645 4137 728 4218 Lip,
741 4137 819 4200 itta.
833 4172 873 4184 -
888 4138 1012 4200 Suarez.
1029 4171 1070 4182 -
1086 4137 1259 4219 Laymanu,
1275 4141 1330 4201 oto.
1345 4172 1387 4184 —
1400 4137 1465 4202 Ne-

190 4242 266 4315 paru
279 4239 383 4293 tamen
397 4227 465 4303 alii,
479 4234 510 4290 ει
523 4226 648 4308 quidem
660 4225 867 4305 probabiliter,
882 4227 962 4306 apud
980 4226 1016 4288 S.
1032 4227 1116 4308 Lip,
1133 4225 1207 4288 ibid.

230 4323 330 4397 Quian.
348 4321 382 4381 2⁰
400 4317 452 4378 An
472 4317 550 4378 boue
570 4313 746 4398 temporalia
770 4315 896 4377 tenearis
915 4315 1065 4378 dimittere
1083 4313 1124 4377 ad
1144 4314 1321 4377 scandalum
1341 4317 1465 4378 evitan-

189 4407 279 4472 dum?

229 4498 317 4579 Resp.
334 4493 426 4575 Nep,
442 4493 598 4556 ordinarie
613 4491 756 4575 loquendo
762 4540 772 4571 ,
783 4491 856 4573 quia
867 4491 983 4555 Caritas
995 4511 1067 4573 erga
1079 4493 1259 4574 proximum
1271 4511 1333 4556 nou
1346 4493 1463 4574 obligat
