3156 5026
205 230 274 292 380
738 243 946 290 rancrnrus

203 363 240 418 ut
260 353 414 436 legitima,
431 353 577 418 dominus
598 371 707 418 verum
722 357 775 436 jus
793 354 828 417 in
847 373 949 418 servos
968 373 1023 418 seu
1034 354 1069 417 in
1082 371 1189 418 eorum
1203 372 1308 435 operas
1325 353 1433 428 habet,
1447 361 1481 416 et

203 441 330 525 proinde
350 442 427 506 illud
450 443 661 507 transmittere
683 443 718 506 in
736 443 812 506 alios
830 442 921 506 valet.
937 443 1023 520 Dixi,
1038 463 1097 526 per
1112 436 1162 519 sej·
1175 443 1296 506 obstare
1313 443 1399 505 enim
1409 460 1478 523 pos

203 535 278 595 sunt
288 531 542 608 circumstantie,
559 551 589 596 v.
605 551 664 612 gr,
681 530 708 594 si
726 535 838 614 conjux
852 551 870 594 a
883 535 1010 614 conjuge
1024 537 1103 596 essct
1117 532 1318 614 separandus,
1335 532 1383 594 rel
1399 531 1478 613 leges

207 619 310 684 civiles
323 618 358 682 id
367 625 481 696 vetent,
498 626 591 702 prout
605 639 709 702 reapse
721 621 892 702 generatim
906 620 939 684 in
955 624 1076 702 Europa
1088 620 1222 684 servitus
1234 620 1439 683 interdicitur.

586 809 603 896 ἓ
629 807 674 877 11.
699 807 751 877 Dc
764 809 909 900 subjecto
927 808 1090 876 dominii.

243 971 313 1030 sta.
328 1001 371 1016 ···
382 969 560 1050 subjectum
578 968 709 1032 dominii
730 976 778 1033 est
797 969 841 1032 rei
864 969 993 1051 alicujus
1012 969 1175 1044 dominus,
1191 987 1246 1031 seu
1263 967 1314 1031 ille
1332 971 1478 1050 cujusest

203 1073 252 1119 res
263 1056 376 1136 aliqua.
391 1059 427 1120 ln
442 1063 523 1120 terra
536 1057 638 1120 omnis
656 1063 688 1120 ct
702 1059 783 1121 solus
800 1057 892 1120 homo
908 1063 955 1122 est
970 1055 1104 1121 dominii
1120 1075 1229 1138 capax,
1246 1056 1320 1138 quia
1333 1056 1435 1119 omnis
1445 1063 1480 1120 et

203 1145 285 1206 solus
298 1145 390 1208 homo
409 1163 584 1226 cognoscere
600 1151 700 1227 potest
716 1145 885 1210 utilitatem
899 1165 1022 1222 rerum,
1041 1165 1092 1209 eas
1105 1145 1182 1209 velle
1198 1145 1258 1208 sihi
1272 1143 1436 1226 applicare,
1449 1145 1478 1208 si

203 1231 319 1296 nullius
341 1233 417 1308 sint,
434 1240 527 1316 atque
545 1234 583 1297 de
605 1233 645 1297 iis
666 1234 711 1297 ita
725 1235 786 1298 sibi
801 1233 959 1316 applicatis
976 1234 1137 1316 disponere
1155 1233 1190 1296 in
1206 1233 1368 1314 proprium
1384 1233 1478 1296 tinem

203 1319 422 1402 propriumque
435 1322 646 1399 commodum3
662 1324 744 1386 unde
757 1323 802 1385 ait
820 1325 850 1385 S.
867 1323 1015 1398 Thomas,
1028 1327 1060 1386 ἢ.
1076 1327 1120 1398 2.,
1134 1342 1164 1404 q.
1178 1326 1233 1398 66,
1247 1331 1307 1384 art.
1325 1327 1339 1384 t
1355 1342 1362 1383 :
1379 1321 1478 1384 Nota-

202 1409 266 1472 rule
280 1410 447 1472 domentiam
462 1430 553 1493 super
571 1420 693 1476 caterae
710 1422 867 1475 creaturas
882 1421 1046 1494 competere
1067 1411 1186 1473 homini
1202 1411 1365 1474 secundum
1382 1413 1478 1474 ratio-

203 1517 279 1560 nem.
301 1503 360 1562 Nec
376 1497 532 1580 incapaces
553 1503 628 1564 sunt
649 1500 779 1564 dominii
794 1501 930 1582 parvuli,
947 1519 1002 1564 nec
1015 1499 1075 1582 ipsi
1088 1506 1242 1575 amentes,
1260 1507 1297 1563 ut
1310 1505 1477 1564 constater

202 1587 344 1654 omnium
358 1587 541 1668 populorum
555 1607 631 1664 usu,
647 1595 678 1653 et
691 1589 759 1670 ipsa
775 1588 852 1652 ratio
870 1589 982 1653 dictat:
996 1607 1071 1652 nam
1084 1588 1260 1653 dominium
1277 1587 1425 1652 irmdatur
1441 1589 1475 1652 in

202 1675 344 1741 rationali
368 1676 505 1740 hominis
528 1683 641 1740 natura
660 1681 786 1761 ejusque
806 1677 969 1759 potentiiS,
986 1697 1050 1742 non
1067 1682 1172 1742 autem
1189 1677 1224 1741 in
1242 1679 1355 1741 actuali
1368 1695 1476 1741 earum

202 1765 410 1848 potentiarum
425 1765 579 1829 exercitio.

242 1854 400 1937 Agendum
420 1854 578 1936 speciatim
597 1857 633 1920 de
652 1855 808 1941 dominio:
822 1861 854 1919 {⁰
868 1854 1150 1931 liliorumiamilias‚
1166 1891 1206 1902 -
1222 1859 1257 1918 2⁰
1270 1875 1414 1930 uxorum,
1429 1891 1474 1902 -

202 1949 234 2010 3·
254 1944 454 2018 clericorum,
469 1977 512 1990 -
524 1949 558 2007 t⁰
579 1950 752 2008 auctorum.
773 1947 815 2008 De
836 1944 973 2007 dominio
989 1950 1095 2008 autem
1113 1943 1337 2026 Religiosorum
1354 1945 1472 2009 dicetur

70 2083 77 2104 ,
201 2032 282 2096 infra
295 2032 329 2095 in
345 2042 434 2095 tract.
451 2031 487 2095 de
497 2033 654 2112 Statibm,
668 2033 723 2097 uhi
736 2035 773 2097 de
787 2039 858 2097 voto
872 2033 1070 2115 paupertatis.

751 2235 892 2282 PUNCTUM
913 2237 924 2281 1

603 2357 644 2414 De
657 2356 784 2414 dominio
798 2355 1062 2414 liliorumiamilias.

241 2513 310 2574 543.
333 2542 373 2554 -
394 2507 600 2572 Filiifamilias
621 2509 741 2591 proprie
760 2509 811 2573 hic
831 2509 979 2573 dicuntur
999 2510 1045 2572 illi
1066 2510 1135 2590 qui,
1149 2527 1186 2574 ex
1202 2507 1337 2589 legitimo
1357 2508 1472 2571 matri-

200 2598 304 2662 monio
316 2598 391 2674 orti,
407 2601 626 2680 cujuscumque
640 2599 704 2660 sint
716 2617 821 2674 sexus,
838 2599 938 2662 adhuc
952 2605 1086 2680 paterna
1100 2597 1237 2680 potestati
1249 2596 1417 2679 subjacent.

240 2687 358 2752 Diversi
373 2686 490 2769 generis
505 2693 580 2750 sunt
592 2688 672 2750 bona
686 2686 835 2762 liliorum,
848 2690 940 2768 juxta
953 2686 1075 2750 diversa
1090 2687 1267 2768 populorum
1281 2691 1410 2748 statuta.

240 2779 263 2838 1.
278 2777 334 2838 Ea
346 2776 421 2838 lare
438 2774 571 2838 Romano
584 2775 823 2858 distinguuntur
835 2776 931 2839 bona:
947 2781 979 2840 l⁰
994 2779 1174 2851 castrensia,
1188 2775 1222 2838 id
1238 2781 1299 2848 est,
1315 2773 1475 2838 occasione

200 2863 321 2926 militiae
339 2863 503 2946 acquisita;
525 2901 567 2910 —
584 2868 618 2927 2⁰
632 2864 722 2946 quasi
743 2865 922 2943 castrensia,
946 2883 999 2928 seu
1020 2863 1231 2945 acquisitam
1251 2863 1353 2946 aliquo
1374 2861 1474 2928 officio

200 2951 331 3033 publico,
345 2971 375 3015 a.
391 2971 449 3033 gr,
459 2952 591 3034 Judicis‚
608 2953 733 3030 medici,
747 2959 819 3032 etc.;
832 2989 872 3001 -
888 2960 921 3018 3⁰
935 2953 1132 3037 profectitc‘a,
1150 2971 1219 3036 qum
1232 2951 1314 3016 filius
1330 2971 1367 3015 ex
1382 2951 1473 3015 bonis

198 3041 334 3122 paternis
353 3041 500 3117 lucratur,
521 3061 552 3105 v.
575 3061 634 3123 gn,
655 3043 770 3123 agendo
791 3042 1030 3123 negotiationem
1044 3059 1116 3106 cum
1137 3041 1266 3123 pecunia
1281 3041 1395 3122 patris:
1412 3040 1473 3104 huc

200 3135 338 3210 spectant
351 3128 445 3192 etiam
456 3130 537 3193 bona
550 3149 618 3212 quaa
630 3130 692 3194 filio
707 3131 821 3194 dantur
831 3132 928 3212 patris
942 3131 1077 3208 intuitu;
1093 3166 1133 3176 -
1147 3135 1181 3194 4⁰
1200 3130 1385 3200 adventitia,
1403 3147 1472 3210 quae

200 3217 262 3281 filio
282 3218 470 3299 proveniunt
489 3217 612 3282 aliunde
633 3237 727 3300 quam
747 3238 767 3283 a
784 3219 872 3283 bonis
890 3219 1042 3301 paternis,
1057 3218 1118 3282 nisi
1137 3219 1251 3282 donata
1269 3218 1334 3282 sint
1347 3217 1408 3281 filio
1423 3217 1472 3279 in·
1572 3227 1573 3232 ’

199 3312 433 3458 ιωίῗὲἒωιῧῖνε
453 3395 566 3460 Gallico
585 3395 838 3477 distinguuntur:
854 3401 886 3460 l⁰
897 3397 977 3460 hona
994 3395 1143 3478 acquisita
1161 3396 1317 3459 industria
1334 3405 1471 3478 separato

200 3483 273 3560 filii,
296 3492 351 3548 aut
370 3485 433 3567 apri
449 3485 505 3547 soli
525 3483 615 3564 datm·
640 3487 674 3546 2⁰
695 3494 803 3550 cetera
822 3484 903 3548 bona
921 3485 992 3548 filiis
1012 3484 1233 3565 provenientia.
1260 3489 1343 3549 Bona
1366 3491 1473 3546 autem
1571 3517 1572 3524 .

200 3573 349 3653 ampuisita
370 3573 522 3636 industrio
542 3583 682 3656 separato
702 3574 964 3655 comprehendunt
983 3573 1063 3636 bona
1084 3572 1249 3636 castrensia
1267 3579 1298 3636 et
1316 3572 1405 3655 quasi
1423 3590 1473 3635 ca-

201 3661 333 3723 strensia
360 3661 444 3724 luris
468 3661 615 3737 Romani,
636 3667 667 3724 et
695 3661 821 3743 insuper
847 3661 999 3745 quidquid
1025 3661 1107 3725 filius
1133 3661 1270 3724 lucratur
1296 3661 1397 3724 labore
1423 3660 1472 3722 vel

199 3749 378 3813 commercio
393 3757 540 3831 separato.

322 3911 537 3993 Principia
559 3929 610 3977 ex
629 3913 735 3979 dure
757 3915 958 3980 Romano.

239 4061 309 4122 did.
325 4094 365 4104 -
387 4063 411 4122 l.
434 4059 531 4123 Filius
552 4059 644 4124 habet
665 4059 832 4142 perfectum
850 4059 1025 4124 dominium
1045 4059 1197 4124 bonorum
1215 4058 1420 4122 castrensium
1440 4063 1473 4118 et

198 4147 288 4228 quasi
302 4149 520 4225 castrensium
536 4149 678 4231 impubes
691 4153 796 4211 tamen
809 4167 916 4212 eorum
929 4147 1230 4212 administrationem
1246 4165 1308 4209 non
1324 4145 1427 4208 habet.

239 4239 276 4299 ll.
298 4239 385 4300 Pater
403 4237 496 4301 habet
519 4237 694 4301 dominium
718 4236 885 4320 perfectum
909 4237 1169 4319 prol'ectitiorum‚
1196 4235 1364 4299 dummodo
1391 4233 1474 4297 filius

200 4323 241 4386 sit
255 4325 314 4386 suh
332 4331 458 4406 paterna
476 4332 636 4408 potestate.
655 4331 757 4390 Potest
776 4331 880 4390 tamen
897 4327 960 4390 filio
982 4326 1211 4390 usumfructum
1229 4321 1473 4405 prolectitiorum

199 4413 312 4474 cedere.

240 4499 291 4559 111.
308 4498 406 4562 Filius
417 4500 511 4565 habet
523 4504 698 4568 dominium
716 4503 910 4588 proprietatis
923 4504 959 4568 in
975 4503 1161 4582 adventitia,
1177 4509 1263 4586 pater
1276 4521 1347 4567 vero
1362 4517 1472 4565 usum·
1567 4563 1568 4572 ,
