3216 5020
180 268 249 328 994
711 279 919 326 ιιιοιιιιι

220 392 362 454 Tentatio
373 391 441 465 Dei,
455 398 524 453 ιιιιιι
539 409 693 472 expressa,
712 398 780 453 turn
796 391 1044 472 interpretativa,
1061 397 1107 454 est
1121 397 1279 472 peccatum
1293 411 1453 475 exgenere

180 503 233 543 suo
247 481 375 543 mortale
390 487 494 542 contra
511 480 713 561 Religionem,
730 481 812 561 quod
828 479 953 560 proinde
969 480 1127 542 levitatem
1141 481 1279 544 materia
1300 482 1452 546 admittit.

180 607 221 618 -
234 571 286 631 Ita
298 572 503 632 communiter.
514 604 553 613 -
568 569 600 630 Si
612 574 716 632 tamen
730 587 768 630 ex
779 567 958 632 infidelitate
970 569 1124 650 procedat,
1136 587 1199 631 non
1211 570 1312 632 solum
1325 577 1373 633 est
1384 589 1455 634 con-

181 667 230 723 tra
244 658 451 739 Religionem,
469 657 629 720 sedetiam
648 664 753 720 contra
771 657 894 731 Fidem,
913 658 1047 738 adeoque
1068 657 1207 720 mortalis
1225 657 1261 720 lit
1278 677 1317 721 ex
1336 679 1376 722 ec
1394 669 1456 722 toto

181 767 289 830 ponere
302 767 365 808 suo.
385 745 621 826 interpretativa
640 763 717 826 saepe
730 746 767 807 oh
784 745 1009 826 ignorantiam,
1027 745 1301 823 inadvertentiam,
1319 755 1375 812 aut
1389 767 1456 812 ma-

181 837 266 900 teria
283 835 483 917 parvitatem,
500 833 630 898 venialis
642 853 706 898 esse
720 840 829 914 potest.
840 869 882 880 -
894 834 931 897 S.
947 835 1018 916 Lip.
1035 855 1066 895 n.
1082 838 1137 910 99,
1154 840 1210 897 etc.

303 1007 516 1072 Resolves.
847 1067 870 1112 ι

223 1174 256 1231 ιο
277 1167 418 1231 Graviter
440 1172 542 1246 peccat
562 1172 666 1228 contra
687 1164 892 1245 Religionem,
916 1164 971 1247 qui
991 1163 1200 1228 innocentiam
1223 1185 1312 1228 suam
1334 1167 1458 1248 probari

183 1257 317 1338 postulat
332 1255 446 1330 duello,
462 1254 540 1316 lerro
554 1253 711 1328 candenti,
726 1260 795 1328 etc,
810 1253 858 1316 vel
872 1254 926 1335 qui
943 1255 983 1316 ad
1001 1253 1190 1336 martyrium
1205 1255 1287 1318 ultro
1301 1274 1334 1317 se
1348 1255 1455 1332 offert,

183 1345 245 1407 nisi
258 1344 338 1406 hona
352 1343 411 1405 lide
427 1350 483 1406 aut
495 1341 602 1404 divina
615 1341 817 1422 inspiratione
827 1349 1000 1404 excusetur.

223 1435 370 1495 Attamen
390 1432 460 1494 licet
478 1451 496 1494 a
515 1435 574 1493 Deo
594 1437 694 1512 petere
714 1430 898 1493 mirandum
918 1431 975 1493 sub
994 1429 1182 1505 conditione,
1201 1432 1229 1492 si
1246 1432 1276 1494 ci
1285 1432 1455 1512 placuerit,

183 1520 302 1602 quoties
316 1520 397 1584 adsit
409 1539 499 1582 causa
511 1519 613 1600 gravis
626 1520 665 1582 ad
676 1526 815 1582 nostram
828 1525 884 1582 aut
895 1518 1026 1582 aliorum
1041 1519 1183 1594 salutem,
1198 1520 1245 1582 vel
1259 1521 1298 1583 ad
1313 1521 1456 1584 divinam

182 1609 370 1690 implendam
385 1609 586 1682 voluntatem,
600 1608 664 1670 sive
678 1607 730 1688 (nt
743 1607 788 1670 ait
802 1607 838 1669 S.
856 1607 926 1682 Tin,
936 1612 966 1671 9.
981 1612 1024 1682 9.,
1039 1628 1068 1690 q.
1082 1611 1132 1682 97,
1147 1615 1206 1670 art.
1222 1610 1258 1689 9)
1269 1627 1342 1672 oum
1354 1609 1456 1674 subsit

179 1702 264 1780 Justa
285 1697 447 1761 necessitas
467 1715 520 1760 seu
539 1697 590 1778 pia
611 1696 745 1772 utilitas,
763 1702 795 1758 et
815 1697 874 1758 alia
895 1715 963 1778 que
989 1697 1028 1758 ad
1048 1697 1105 1760 hoc
1125 1715 1302 1760 concurrere
1321 1697 1454 1776 dehent;

183 1805 256 1849 nam
273 1793 347 1850 tuno
363 1793 486 1850 nonest
501 1791 619 1848 tentare
631 1789 742 1860 Deum,
760 1785 812 1847 sed
828 1785 881 1848 Dei
895 1785 1048 1848 arrxilium
1064 1793 1172 1866 expost
1159 1785 1256 1848 tulare
1271 1786 1305 1848 in
1322 1793 1458 1868 tempore

184 1894 276 1957 oppor
279 1883 364 1938 t.uno

222 1968 256 2028 90
273 1966 350 2026 Item
364 1969 464 2044 peccat
484 1956 617 2042 graviter
634 1962 689 2044 qui
705 1963 819 2044 absque
829 1964 915 2043 justa
931 1979 1022 2024 rausa
1041 1961 1173 2043 periculo
1190 1969 1273 2024 mort
1274 1962 1301 2025 is
1321 1982 1353 2026 se
1369 1981 1457 2044 expo·

183 2053 246 2126 nit,
267 2060 424 2154 propterea
443 2053 525 2133 quod
545 2050 688 2113 divinum
707 2058 859 2132 exspectat
847 2050 1048 2126 taurilium;
1068 2050 1094 2112 si
1114 2068 1183 2113 vero
1198 2059 1311 2114 temere
1332 2057 1456 2115 uncum

183 2148 268 2221 agat,
283 2141 360 2222 quin
379 2147 460 2203 certo
478 2139 593 2203 divinae
612 2140 814 2202 Providentia
834 2139 981 2215 confidat,
1005 2158 1067 2202 uon
1085 2146 1186 2220 peccat
1202 2145 1307 2202 contra
1328 2141 1457 2220 Religio·

184 2248 270 2303 nem,
288 2231 339 2292 sed
355 2236 480 2292 tantum
496 2235 602 2292 contra
615 2227 763 2310 quintum
776 2227 913 2308 Decalogi
927 2234 1123 2309 praeceptum.

224 2323 256 2382 30
268 2319 389 2380 Leviter*
406 2324 530 2380 tanturn
548 2323 649 2398 peccat
664 2316 718 2398 qui
738 2316 771 2378 in
790 2315 896 2378 morbo
914 2315 986 2390 levi,
1006 2316 1125 2396 rejectis
1145 2316 1304 2392 remediis,
1323 2323 1457 2418 sperata

182 2405 244 2470 Deo
260 2406 440 2482 sanitatem;
464 2406 537 2488 quia
556 2406 601 2468 ibi
622 2412 751 2468 nonest
771 2405 873 2484 gravis
894 2403 1062 2468 deordinat'
1040 2411 1094 2466 ι.ιο
1123 2406 1186 2466 Ιιιιο
1207 2405 1245 2466 ab
1265 2406 1350 2468 omni
1369 2406 1457 2507 culpa

183 2502 355 2569 excusatur,
373 2495 399 2557 si
414 2501 512 2575 speret
526 2513 557 2557 se
571 2501 626 2558 nat
612 2494 765 2568 turaliter,
775 2496 834 2556 Deo
845 2495 990 2573 juvante,
1006 2493 1091 2556 atali
1104 2493 1210 2556 morbo
1222 2493 1412 2556 liberatum
1401 2494 1454 2556 ιιι.

182 2585 274 2647 -S
290 2585 362 2666 Lep.
379 2606 410 2645 ιι.
428 2589 477 2648 30.

222 2679 256 2736 ιο
270 2675 345 2736 ltem
365 2679 464 2755 peceat
480 2693 537 2754 per
553 2691 583 2733 se
600 2670 760 2734 venialiter
776 2670 829 2752 qui
849 2689 887 2732 ex
900 2669 1084 2751 negligentia
1103 2669 1273 2752 imparatus
1286 2669 1401 2733 accedit
1414 2670 1457 2732 ad

182 2763 410 2842 predicandum
421 2761 475 2824 Dei
490 2760 634 2834 verbum,
651 2779 775 2840 sperans
789 2779 808 2822 a
821 2764 879 2822 Deo
892 2758 1018 2840 speciale
1031 2759 1197 2823 auxilium.

634 2978 652 3070 ᾗ
671 2979 715 3047 ιι.
736 2979 784 3046 Dc
801 2977 1004 3067 Sacrilegio.

221 3186 291 3246 939.
301 3215 341 3226 -
355 3179 553 3262 sacrilegium
573 3188 619 3244 est
636 3180 760 3243 violatio
779 3199 833 3244 seu
849 3179 978 3261 indigna
993 3178 1133 3244 tractatio
1152 3179 1196 3243 rei
1216 3198 1319 3243 sacra.
1336 3180 1461 3263 Triplex

182 3270 403 3351 distinguitur:
421 3274 452 3333 l⁰
466 3271 636 3350 personale;
650 3274 684 3333 90
696 3269 802 3346 locale;
817 3275 850 3332 30
864 3270 953 3332 reale.

301 3424 528 3522 Princlpla.

221 3581 243 3639 Ι.
258 3581 385 3640 Sacrum
398 3578 449 3641 hic
463 3576 576 3639 dicitur
590 3576 740 3659 quidquid
756 3577 794 3640 ad
807 3575 952 3640 divinum
965 3574 1221 3656 cultum'publico
1237 3575 1302 3638 ritu
1315 3594 1354 3638 ex
1367 3575 1461 3639 insti-

181 3667 300 3730 tutione
321 3667 427 3729 divina
447 3667 494 3728 vel
516 3665 714 3728 ecclesiastica
731 3667 907 3746 deputatur,
930 3664 1057 3745 ideoque
1077 3663 1236 3745 specialem
1254 3664 1457 3728 reverentiam

181 3763 326 3818 meretur.
343 3755 432 3817 -S.
453 3754 557 3817 Τιοιιι
575 3759 605 3817 9.
622 3759 652 3816 9.
659 3775 715 3837 ,q.
733 3757 787 3828 99,
802 3763 864 3815 ort.
882 3759 912 3817 3

219 3843 314 3906 Hinc:
330 3849 362 3908 1⁰
377 3847 515 3906 Persona
532 3861 627 3905 coerce
643 3849 717 3905 sunt
724 3861 817 3924 ‚qua
832 3843 896 3905 cult
883 3842 929 3905 tui
949 3841 1055 3904 divino
1076 3847 1151 3904 sunt
1170 3842 1325 3923 deputata
1344 3859 1398 3923 per
1410 3860 1461 3904 sa-

181 3950 265 3993 cram
279 3940 455 4009 tonsuram,
472 3939 528 3994 aut
539 3950 591 4012 per
604 3937 674 3995 vota
687 3891 835 4012 religiosa.

220 4025 253 4082 90
268 4025 343 4084 Loca
364 4040 451 4083 saera
473 4027 548 4084 sunt
568 4038 603 4082 ea
623 4039 706 4100 qua,
723 4019 844 4101 publica
858 4020 997 4084 Ecclesia
1016 4018 1332 4094 auctoritat,etcvdttu1
1322 4017 1458 4082 divino

180 4108 320 4171 dedicant
308 4116 368 4185 t,ur
389 4117 427 4172 ut
445 4111 572 4191 templa,
593 4109 781 4184 coemeteria,
802 4109 908 4170 sacella
931 4109 1066 4190 publica,
1087 4108 1183 4170 etiam
1202 4125 1266 4170 non
1284 4113 1460 4170 consecrata

180 4203 235 4259 aut
248 4197 422 4274 benedicta,
439 4217 503 4263 non
515 4216 585 4260 vero
600 4198 709 4260 sacella
721 4197 852 4277 privata.

221 4289 253 4348 30
267 4290 325 4350 Res
336 4305 431 4349 sccroe
445 4293 519 4350 sunt
532 4306 574 4350 eae
589 4304 658 4369 qua
669 4286 707 4348 ad
722 4286 841 4349 cultum
855 4283 999 4348 divinum
1018 4283 1174 4366 pertinent
1188 4285 1235 4347 vel
1254 4283 1393 4365 proxime
1411 4299 1458 4346 re

179 4373 331 4448 teruntur,
348 4381 384 4437 ut
402 4380 611 4450 Sacramenta,
635 4393 707 4437 vasa
726 4380 912 4449 consecrata,
930 4373 1077 4456 Reliquiae
1095 4374 1142 4436 vel
1161 4373 1313 4454 imagines
1332 4375 1457 4436 Sancto·

180 4479 267 4536 rum3
291 4461 366 4523 item
386 4483 453 4545 quae
474 4465 629 4545 pertinent
647 4465 686 4526 ad
707 4469 852 4527 ornatum
878 4463 1016 4526 Ecclesiae
1040 4463 1088 4525 vel
1113 4461 1345 4538 ministrorum
1375 4461 1456 4524 tona

180 4549 311 4632 denique
322 4551 520 4615 ecclesiastica
533 4553 627 4615 ctiam
639 4552 775 4616 mobilia.
790 4587 832 4598 -
846 4551 882 4615 S.
899 4551 1016 4630 Tuom,
1033 4549 1119 4630 ibid,
1135 4557 1193 4616 eto.
