3202 5020
570 195 612 239 aa
637 195 790 241 lamnas
813 197 979 242 nonanis
1346 189 1408 248 lae

131 311 250 374 tarium
264 308 347 370 enim
362 308 428 370 sine
441 307 581 370 libertate
595 325 693 387 neque
708 307 796 369 laude
810 325 909 388 neque
922 307 1075 392 vituperia
1086 309 1215 390 dignum
1225 315 1284 384 est,
1296 311 1410 394 quippe

130 402 226 464 homo
240 398 308 461 siue
320 397 460 460 libertate
473 415 537 460 nou
550 401 595 459 est
606 403 692 459 aetus
706 395 756 458 sui
771 396 926 462 dominus.

257 583 458 662 Quaesitae.

174 751 225 810 bl.
241 781 283 792 -
296 747 398 821 Quae.
415 751 447 808 1⁰
466 744 519 806 An
539 743 649 804 dentur
667 751 751 804 actae
769 744 896 826 proprie
919 743 1144 828 indifferentes,
1169 763 1218 808 aen
1240 745 1411 810 moralitate

133 843 282 914 carentes,
295 837 358 896 sica
372 837 405 894 in
416 835 527 916 speeie,
540 835 601 894 aiae
615 833 648 892 in
663 831 841 894 individuo?

174 925 269 1006 Resp.
285 929 316 986 ιο
334 941 341 984 :
358 925 484 984 Certum
496 925 541 983 εει
561 920 627 981 dari
641 927 727 983 aetus
741 919 949 986 indifferentes
962 922 994 983 in
1006 922 1122 1004 speeie,
1136 941 1190 986 seu
1204 929 1290 992 aetus
1305 922 1359 1004 qui
1377 923 1412 986 in

134 1033 192 1076 sua
204 1011 303 1093 specie
321 1017 459 1090 expertas
479 1016 553 1072 sunt
575 1009 770 1072 moralitatis.
793 1013 873 1072 Sunt
886 1010 970 1072 enim
984 1016 1070 1072 aetus
1084 1011 1154 1091 qui,
1173 1011 1208 1073 in
1223 1031 1253 1074 se
1268 1011 1411 1092 spectati,

134 1101 340 1166 abstrahendo
362 1119 381 1162 a
401 1099 462 1164 fine
481 1105 513 1162 et
531 1099 785 1172 circumstantiiS,
805 1099 924 1162 nullam
942 1099 1057 1162 habent
1077 1118 1149 1162 cum
1168 1101 1245 1182 lege,
1262 1107 1317 1163 aut
1330 1107 1412 1162 reeta

136 1191 254 1254 ratione
269 1187 516 1252 convenientiam
531 1193 586 1250 aut
599 1187 851 1268 repugnantiam,
870 1187 998 1270 ideoque
1010 1207 1065 1250 nee
1078 1189 1152 1252 boni
1166 1207 1220 1251 uec
1236 1189 1310 1252 mali
1324 1207 1412 1270 repu-

136 1279 223 1342 tandi
238 1284 323 1342 sunt.
341 1276 389 1340 Sic
409 1277 582 1352 ambariana,
598 1275 743 1351 seribere,
759 1279 789 1338 ει
801 1275 967 1340 innumera
978 1277 1108 1354 similia,
1126 1283 1199 1340 suut
1213 1284 1300 1342 aetus
1312 1297 1370 1360 per
1383 1297 1412 1342 se

135 1365 356 1430 indifferentes.

178 1456 269 1538 desp.
286 1461 318 1518 2⁰
333 1475 342 1518 ;
359 1454 602 1518 controvertitur
615 1461 720 1517 antem
734 1454 833 1534 quoad
847 1460 934 1516 aetus
949 1457 982 1514 in
995 1443 1174 1531 individae,
1191 1473 1244 1518 seu
1258 1455 1293 1517 in
1306 1459 1412 1536 agente

136 1549 293 1626 spectatos

174 1635 208 1696 1⁶
222 1632 380 1696 Sententia
401 1634 581 1695 communior
597 1640 627 1694 et
638 1630 829 1714 probabilior
845 1640 936 1713 nepat
953 1651 1022 1694 earm
1039 1631 1075 1692 S.
1099 1632 1221 1694 Tbonaa.
1243 1633 1332 1696 Ratio
1350 1639 1411 1708 est,

136 1723 210 1803 quia
223 1723 261 1785 ab
277 1721 435 1784 hominem
450 1721 612 1784 deliberate
629 1727 786 1801 agentem,
803 1723 935 1800 adeoque
954 1719 1004 1782 sui
1023 1727 1109 1782 aetus
1127 1720 1304 1795 dominnm,
1320 1720 1413 1800 perti-

136 1817 202 1888 net,
220 1819 256 1874 ut
270 1818 375 1874 aetum
390 1811 424 1872 in
437 1810 578 1874 debitum
591 1809 683 1873 finem
696 1809 833 1884 ordinet;
847 1809 918 1872 finis
932 1812 1036 1872 autem
1049 1808 1172 1872 debitus
1185 1807 1298 1888 estqui
1308 1827 1413 1872 conve-

136 1901 184 1963 nit
198 1905 318 1963 natura
332 1898 487 1974 rationali,
504 1906 540 1961 ιιι
553 1897 709 1962 rationalis
723 1903 779 1962 est.
792 1901 882 1961 Porro
893 1903 980 1960 aetus
994 1897 1118 1962 aliunde
1130 1916 1167 1962 ex
1180 1898 1296 1980 objecto
1310 1897 1413 1960 bonus

136 1997 191 2053 aut
205 1991 315 2052 saltem
327 1987 521 2061 indifferens,
538 1994 569 2049 et
578 1987 622 2049 ita
637 1987 670 2049 in
684 1986 825 2049 debitum
839 1987 932 2050 finem
944 1985 1118 2061 ordinatus,
1132 1985 1300 2050 necessario
1312 1984 1413 2048 bonus

135 2084 200 2154 est;
221 2084 310 2140 actus
329 2083 434 2139 autem
456 2075 510 2138 tali
531 2075 721 2138 ordinatione
741 2093 847 2138 careas
868 2076 968 2138 malus
990 2083 1036 2138 est
1059 2095 1066 2137 :
1093 2093 1162 2156 ergo
1183 2075 1216 2138 in
1235 2075 1320 2138 nullo
1344 2093 1416 2136 casu

135 2173 224 2230 actus
243 2165 364 2247 proprie
377 2164 556 2228 indifferens
575 2169 608 2226 ιη
630 2164 787 2228 individae
805 2163 940 2227 dabitur.
961 2197 1002 2212 -
1022 2164 1060 2228 S.
1086 2164 1414 2245 thm.l.n.,q.18,

136 2265 200 2316 art.
217 2260 249 2317 9.

179 2342 231 2406 ΙΙ“ι
250 2343 406 2405 Sententia
423 2342 563 2424 affirmat
581 2363 647 2404 enne
668 2341 815 2404 Scationa.
836 2341 924 2407 Ratio
941 2348 1046 2404 autem
1064 2361 1170 2404 eorum
1185 2349 1246 2418 est,
1263 2342 1337 2422 qnia
1355 2359 1416 2404 non

136 2436 261 2495 constat
283 2433 319 2493 de
338 2432 400 2512 lege
423 2431 602 2494 intendendi
622 2433 715 2494 finem
733 2431 863 2512 positive
881 2431 999 2494 bonum
1017 2431 1052 2493 in
1072 2431 1236 2505 omninno,
1262 2430 1415 2511 siquidem

137 2520 208 2582 talis
223 2521 272 2582 lex
289 2539 307 2582 a
329 2521 437 2584 multis
451 2520 626 2582 doctoribus
643 2521 813 2599 ignoratur.
830 2519 988 2600 Numquid
1009 2519 1094 2582 enim
1112 2519 1207 2582 dietat
1226 2527 1307 2581 reeta
1320 2519 1414 2592 ratio,

137 2609 297 2672 bominem
309 2609 495 2690 malaopera
509 2609 584 2672 dum
596 2610 683 2690 ponit
695 2609 847 2672 aetianam
857 2628 876 2670 a
887 2613 945 2672 Deo
953 2609 1146 2690 permissam,
1160 2627 1216 2672 nec
1230 2615 1334 2673 tamen
1349 2626 1417 2672 eam

138 2699 177 2760 ad
187 2699 283 2761 finem
297 2698 427 2778 positive
438 2698 603 2762 honestum
616 2697 728 2760 refert?

179 2791 332 2851 (laterum
352 2793 483 2867 utraque
504 2786 671 2860 sententia,
690 2784 760 2848 licet
780 2785 982 2867 specietenus
1001 2785 1152 2868 opposita,
1166 2804 1230 2850 non
1248 2785 1370 2850 ridetur
1382 2785 1417 2847 in

141 2876 226 2956 praxi
240 2877 315 2940 adea
327 2875 459 2939 differre.
474 2875 597 2940 Etenim
606 2878 697 2956 juxta
711 2893 818 2937 omnes
829 2892 943 2956 pravus
959 2874 1029 2936 finis
1044 2874 1133 2938 debet
1147 2891 1265 2956 semper
1279 2873 1414 2949 excludi;

141 2982 226 3028 secus
242 2971 345 3039 actm,
362 2962 563 3045 quantumvis
578 2961 756 3026 indifferens
771 2963 804 3026 in
826 2982 873 3040 se,
894 2964 994 3026 malus
1013 2964 1163 3028 evaderet.
1190 2969 1292 3028 Bonus
1312 2969 1417 3026 autem

140 3054 255 3118 dicitnr
266 3073 285 3116 a
296 3052 465 3116 Themistis
479 3053 566 3127 fiale,
582 3052 637 3133 qni
651 3059 687 3115 ut
706 3051 885 3115 indifferens
903 3052 941 3114 ab
958 3051 1418 3132 adversariishabelur.Agitu1·

141 3140 226 3204 enim
240 3141 364 3215 deflua,
379 3159 442 3204 non
457 3141 698 3221 supernaturali,
719 3141 771 3202 sed
791 3139 976 3202 naturaliter
994 3141 1073 3203 bono
1094 3159 1148 3202 seu
1167 3140 1304 3203 honesto.
1327 3143 1419 3202 Porro

139 3229 191 3292 ille
203 3230 264 3294 fine
276 3229 458 3294 naturaliter
471 3229 600 3292 honesto
615 3230 750 3303 ducitur,
760 3229 815 3310 qui
825 3228 889 3309 agit
900 3236 1022 3310 propter
1033 3229 1127 3292 finem
1139 3229 1321 3294 naturaliter
1335 3225 1417 3306 operi

140 3318 364 3392 intrinsecum,
380 3337 435 3380 seu
448 3324 570 3400 propter
581 3318 628 3393 id,
642 3319 681 3381 ad
694 3319 776 3398 quod
787 3336 864 3398 epus
879 3324 986 3398 suapte
998 3325 1110 3382 natura
1123 3318 1295 3382 ordinatur.
1319 3347 1320 3352 κ

180 3412 232 3472 25.
248 3443 289 3454 -
303 3410 404 3483 Quen.
418 3411 450 3470 2⁰
463 3409 514 3470 Aa
528 3417 611 3470 aetus
627 3417 770 3469 aeternas
784 3405 879 3468 addat
892 3405 1090 3470 moralitatem
1104 3408 1188 3470 artai
1202 3405 1340 3466 interno?

182 3497 276 3579 Resp.
294 3501 324 3559 ιο
341 3516 348 3558 :
363 3495 427 3558 Per
440 3502 569 3558 reactus
584 3502 728 3558 extamus
742 3495 861 3557 nullam
875 3495 1080 3557 moralitatem
1093 3495 1178 3557 addit
1190 3493 1272 3556 actui
1286 3492 1418 3566 interno,

143 3589 236 3666 alque
250 3585 324 3648 adeo
338 3603 437 3666 neque
448 3591 539 3664 auget
553 3603 652 3666 neque
666 3582 783 3646 minuit
797 3581 946 3646 meritum
957 3589 1013 3646 aut
1022 3583 1205 3646 demeritum
1220 3579 1420 3644 substantiale

20 3727 22 3756 ,
143 3680 233 3736 actus
247 3673 375 3736 interni.
392 3709 432 3720 ·-
450 3672 537 3738 Ratio
551 3679 612 3748 est,
629 3671 702 3752 quia
720 3671 822 3734 omnis
840 3671 996 3734 moralitas
1015 3672 1053 3735 ab
1068 3671 1248 3744 intrinseco,
1264 3685 1351 3730 seua
1368 3685 1420 3730 vo-

143 3763 266 3824 luntate
288 3761 477 3836 desumitur;
492 3781 547 3824 nec
563 3768 650 3842 actus
664 3763 806 3822 externus
831 3761 950 3824 nubam
973 3760 1065 3824 habet
1088 3757 1362 3841 imputabilitatem
1383 3756 1420 3818 ad

20 3903 21 3908 ,
145 3851 297 3914 meritum
312 3851 361 3913 vel
372 3851 557 3914 demeritum
572 3850 631 3913 sibi
641 3848 795 3932 propriam
807 3855 837 3912 et
846 3849 1027 3912 distinctam
1038 3849 1076 3912 ab
1088 3845 1327 3928 imputabilitate
1336 3849 1422 3908 aetus

145 3939 273 4002 interni.
290 3937 433 4014 Quocirca
446 3946 532 4002 aetus
544 3946 688 4002 externus
706 3943 825 4002 nonest
839 3937 1014 4014 formaliter,
1027 3937 1079 4002 sed
1089 3941 1213 4000 tautum
1224 3932 1422 3998 materialiter

138 4027 303 4102 honestus,
320 4026 368 4089 vel
382 4027 573 4091 inhonestae.

193 4118 319 4178 Constat
339 4115 434 4178 etiam
451 4115 660 4198 rescriptum
680 4135 780 4189 saera,
800 4133 869 4198 qua
888 4135 966 4198 saepe
983 4115 1172 4178 voluntatem
1190 4131 1244 4194 pro
1263 4113 1330 4194 ipso
1344 4110 1428 4174 laeto

142 4209 277 4285 reputat.
301 4203 363 4278 Sic,
391 4203 465 4266 Gen.
484 4223 566 4280 auu,
585 4207 663 4266 Deus
682 4204 762 4266 dixit
779 4192 926 4279 abraha,
942 4201 997 4284 qui
1011 4200 1111 4264 lilium
1124 4200 1283 4266 immolare
1296 4203 1421 4266 tantum

142 4291 265 4356 voluit:
283 4291 360 4369 Quia
370 4292 473 4374 fecisti
484 4292 563 4354 bane
576 4311 651 4366 rem,
667 4312 720 4355 nec
732 4291 898 4378 pepercisti
911 4291 978 4375 pilio
996 4299 1098 4365 taam,
1114 4289 1282 4355 benedicam
1298 4289 1364 4352 tibi.
1382 4290 1422 4350 Et

143 4379 256 4443 Marta.
278 4401 310 4456 v,
335 4379 414 4445 dixit
436 4381 501 4462 ipse
521 4378 688 4444 Christus:
709 4381 768 4458 Oai
789 4379 899 4442 aidait
922 4377 1077 4442 mulierem
1099 4379 1139 4440 ad
1156 4376 1420 4462 concupiscendam

145 4487 225 4550 eane,
244 4467 494 4552 jam'macbatns
514 4478 557 4533 est
579 4469 610 4530 in
635 4469 721 4532 carde
743 4489 807 4531 sno.
828 4504 869 4516 —
887 4473 946 4533 Nea
964 4465 1065 4532 obstat
1084 4467 1226 4550 obligatio
1247 4461 1420 4532 declarandi
