3136 5034
185 243 252 310 508
716 260 921 305 raxcrxros

185 369 400 454 dispositiones
419 370 669 447 testamentariae,
690 371 749 434 etsi
770 371 877 434 vatus
896 391 914 434 a
935 370 1099 452 principio,
1115 370 1246 434 infirma
1266 376 1378 434 tamen
1398 389 1463 434 era·
1556 401 1557 446 3

185 463 265 525 dunt
278 462 317 524 ob
330 461 478 542 quasdam
492 460 739 522 circumstantias
756 479 763 522 :
781 480 811 523 v.
826 479 884 541 gr,
899 459 926 522 si
939 460 1103 540 legatarius
1119 460 1269 523 moriatur
1282 466 1360 522 ante
1376 465 1465 522 tasta-
1556 461 1557 490 ¹

186 557 301 626 torem,
317 549 365 612 vel
379 555 450 610 ante
463 548 687 612 exsecutionem
699 549 829 631 alicujus
843 547 1040 624 conditionis,
1058 548 1144 612 sires
1159 549 1258 630 legata
1271 555 1397 628 pereat,
1409 557 1464 612 etr.

729 753 868 798 PUNGTUM
890 755 912 799 V

618 891 657 944 De
671 889 838 946 exsecutore
852 889 1027 946 testamenti.

225 1046 295 1108 83t.
311 1079 350 1088 —
365 1041 556 1104 Testamenti
570 1049 728 1105 exsecutor
740 1043 768 1104 is
782 1049 843 1117 est,
860 1060 952 1124 quern
969 1047 1097 1105 testator
1109 1041 1288 1104 nominavit
1301 1043 1338 1104 ad
1357 1041 1460 1122 dispo

186 1132 313 1196 sitiones
326 1129 572 1194 testamentarius
587 1131 804 1212 exsequendas.
814 1131 903 1194 Nullo
914 1138 1019 1194 autem
1031 1129 1200 1205 nominato,
1210 1130 1360 1192 exsecutio
1368 1133 1458 1192 tasta-

186 1221 285 1284 menti
308 1221 347 1283 ad
368 1220 503 1282 heredes
528 1219 671 1300 pertinet.
697 1219 782 1283 Circa
804 1220 982 1282 testamenti
1000 1219 1227 1284 exsecutionem
1245 1218 1312 1282 haec
1329 1220 1456 1282 tenenda

185 1316 282 1373 sunt:

228 1402 260 1462 1ο
272 1400 313 1460 Ut
327 1397 397 1478 quis
412 1397 453 1460 sit
463 1404 620 1463 exsecutor
634 1399 824 1476 testamenti,
840 1417 959 1462 necesse
973 1403 1019 1461 est
1035 1405 1073 1462 ut
1090 1399 1289 1480 capacitatem
1309 1417 1375 1462 sese
1387 1399 1458 1462 obli·

186 1486 279 1568 gandi
297 1483 419 1549 habeatss
439 1485 517 1549 Hinc
536 1493 723 1551 exsecutores
743 1504 808 1549 esse
828 1493 986 1570 nequeunt
1006 1487 1179 1562 interdicti,
1200 1487 1351 1560 minores,
1368 1486 1461 1550 etiam

186 1575 394 1638 consentiente
408 1581 524 1651 tutore,
540 1583 571 1639 et
584 1595 622 1638 ex
635 1575 709 1637 lare
725 1574 855 1648 Gallico,
869 1595 979 1639 uxores
993 1575 1058 1638 sine
1070 1575 1178 1639 mariti
1191 1594 1349 1638 consensu.
1367 1579 1463 1638 Exse

187 1671 306 1727 cutores
325 1682 389 1728 esse
409 1670 540 1744 possunt
557 1664 701 1745 Religiosi
721 1683 760 1727 ex
777 1664 900 1728 licentia
918 1664 1037 1728 Praelati
1052 1665 1116 1739 sui,
1133 1664 1196 1727 nisi
1209 1663 1326 1728 Ordinis
1342 1665 1462 1744 Regula

187 1753 298 1816 obstet.

226 1845 261 1904 2⁰
278 1842 382 1906 Plures
396 1850 585 1906 exsecutores
600 1842 777 1906 testamenti
790 1843 914 1906 institui
926 1848 1069 1924 possunt,
1083 1847 1114 1906 et
1123 1861 1186 1904 uno
1200 1841 1323 1904 absente
1337 1841 1463 1906 altered
1557 1915 1558 1926 2

187 1931 366 1994 testamenti
377 1930 603 1995 exsecutionem
617 1933 774 2013 procedere
787 1938 896 2012 potest.
910 1931 1099 1995 Testamenti
1110 1935 1266 1994 exsecutor
1277 1930 1336 1992 hoc
1346 1948 1461 1992 munus

187 2019 226 2082 ad
241 2038 312 2082 suos
324 2019 457 2084 heredes
472 2039 535 2083 non
551 2020 746 2084 transmittit.

229 2113 261 2172 3ο
272 2111 439 2172 Exsecutor
448 2107 611 2190 invigilare
624 2109 713 2173 debet
730 2116 783 2173 :1⁰
796 2116 833 2174 ιι
847 2117 1041 2191 apponantur
1054 2110 1166 2190 sigilla,
1185 2109 1212 2172 si
1227 2111 1313 2172 inter
1329 2108 1461 2173 heredes
1557 2153 1558 2184 ,

188 2197 253 2258 sint
266 2198 416 2274 minores,
434 2198 592 2262 interdicti
606 2200 653 2262 vel
667 2199 823 2276 absentes;
839 2204 873 2262 2⁰
887 2205 924 2261 ut
941 2199 995 2261 fiat
1008 2198 1233 2274 inventarium,
1250 2205 1398 2280 praesente
1415 2197 1462 2260 val
1557 2255 1558 2264 ,

187 2282 246 2347 rite
258 2287 403 2350 advocato
414 2287 554 2367 proximo
565 2287 698 2364 herede
714 2294 745 2352 3ο
757 2295 795 2352 ιι
808 2289 982 2351 vendantur
994 2287 1133 2362 mobilia,
1146 2285 1173 2349 si
1184 2287 1317 2368 pecunia
1330 2288 1369 2349 ad
1383 2286 1462 2349 solu-

189 2373 306 2436 tionem
319 2375 490 2454 legatorum
502 2376 637 2452 deiiciat;
648 2380 682 2439 ιι
693 2381 729 2439 ut
741 2376 965 2440 exsecutionem
978 2375 1154 2439 testamenti
1168 2382 1288 2456 urgeat.

228 2465 262 2522 4⁰
276 2463 438 2542 Impense,
455 2481 523 2542 quae
538 2464 619 2527 liunt
632 2463 670 2526 ab
682 2471 872 2540 exsecutore,
887 2465 1024 2550 muneris
1037 2463 1086 2527 sui
1100 2464 1283 2545 adimplendi
1297 2483 1407 2538 causa,
1426 2481 1463 2524 ex

188 2549 280 2610 rebus
294 2549 497 2614 hereditariis
510 2551 586 2614 solvi
601 2552 721 2614 dehent.
738 2557 833 2616 Nemo
848 2553 913 2634 cogi
924 2560 1023 2634 potest
1035 2554 1074 2616 ad
1090 2552 1169 2616 illud
1179 2571 1287 2618 munus
1298 2557 1460 2632 acceptan-

188 2639 279 2715 dum;
297 2639 348 2701 sed
363 2637 389 2700 si
403 2643 550 2720 acceptet,
566 2641 605 2702 ad
618 2639 769 2704 rationem
783 2641 929 2722 gestionis
943 2649 1076 2706 tenetur.

499 2841 598 2932 §tlt
619 2847 667 2911 De
685 2844 867 2913 donatione
884 2847 1008 2913 mortis
1021 2865 1141 2917 caasa.

229 3021 299 3082 835.
317 3051 359 3064 -
376 3019 504 3082 Donatio
518 3021 627 3085 mortis
642 3040 732 3084 causa
745 3041 780 3085 ea
794 3029 855 3099 est,
871 3042 939 3104 quar
955 3023 1074 3087 iutuitu
1094 3024 1203 3088 mortis
1222 3025 1274 3099 iit,
1297 3045 1354 3088 seu
1371 3043 1463 3107 quam
1558 3071 1559 3090 ι

189 3107 318 3169 donator
329 3107 397 3170 vult
409 3115 477 3188 post
489 3117 621 3172 mortem
635 3129 724 3173 suam
735 3116 861 3174 tantum
872 3111 1014 3175 ellectum
1026 3111 1256 3177 irrevocabilem
1270 3114 1385 3177 habere
1399 3135 1406 3178 :
1420 3121 1465 3176 est·
1558 3165 1559 3182 .

188 3194 336 3276 igiturex
347 3201 458 3259 natura
471 3217 527 3260 sua
539 3199 725 3262 revocabilis.
737 3235 779 3245 -
788 3203 868 3263 Mors
880 3208 985 3264 autem
993 3201 1043 3264 hic
1054 3201 1239 3283 intelligitur
1251 3203 1300 3266 vel
1315 3205 1464 3276 absoluta,
1558 3251 1559 3254 ,

188 3283 222 3345 id
233 3288 295 3360 est,
310 3303 502 3366 quocumque
517 3291 650 3368 tempore
663 3287 783 3363 futura,
797 3289 963 3352 dummodo
974 3291 1140 3371 preveniat
1153 3298 1286 3354 mortem
1296 3291 1463 3366 donatarii,

189 3373 237 3434 rel
249 3371 465 3450 determinate,
481 3373 514 3436 id
526 3381 573 3437 est
586 3376 623 3438 de
632 3382 731 3439 morte
741 3377 890 3454 instante,
906 3378 1097 3460 periculoque
1109 3382 1174 3461 ejus
1188 3381 1398 3444 determinato.

229 3465 270 3524 De
280 3465 350 3544 jure
364 3463 523 3526 communi
535 3464 615 3526 valet
628 3464 752 3528 donatio
764 3466 875 3530 mortis
888 3486 994 3544 causa,
1004 3469 1095 3531 modo
1107 3469 1219 3532 debitis
1234 3471 1381 3533 vestiatur
1390 3487 1463 3532 oon-

189 3547 375 3626 ditionibus‚
393 3551 529 3615 scilicet:
545 3557 578 3614 ιο
592 3550 658 3615 fieri
677 3553 766 3617 debet
782 3554 902 3618 intuitu
916 3555 1038 3632 mortis,
1052 3575 1138 3621 secus
1152 3557 1276 3622 donatio
1290 3561 1368 3621 sister
1382 3562 1467 3622 aioos

189 3645 380 3716 censeretur;
402 3645 434 3702 ιο
453 3640 601 3722 acceptari
619 3641 709 3706 debet
727 3650 798 3707 ante
818 3652 950 3708 mortem
971 3645 1125 3709 donatoris
1144 3647 1182 3710 ab
1202 3647 1270 3729 ipso
1290 3649 1465 3720 donatario;

188 3733 348 3789 revocatur
359 3732 464 3790 autem
480 3727 546 3810 ipso
564 3728 656 3806 iacto,
673 3730 700 3794 si
715 3733 843 3796 donator
862 3734 971 3798 mortis
985 3733 1155 3816 periculum
1169 3737 1294 3812 evadat,
1315 3741 1402 3818 cujus
1418 3737 1466 3800 in-

188 3813 275 3878 tuitu
286 3833 352 3878 rem
367 3815 553 3894 donaverat;
569 3823 602 3882 3ο
615 3818 642 3882 si
656 3821 833 3885 donatarius
845 3823 1068 3904 praemoriatur,
1084 3823 1150 3906 ipso
1161 3825 1237 3890 iacto
1252 3827 1368 3890 iterum
1383 3844 1468 3890 revo

189 3908 286 3980 catur,
303 3921 358 3967 nec
370 3904 408 3966 ad
419 3905 570 3970 donatarii
582 3908 716 3973 haeredes
734 3911 858 3974 transit.
874 3949 913 3958 —
928 3913 965 3976 S.
978 3913 1061 3996 Lip,
1077 3914 1164 3992 stad,
1178 3935 1210 3979 ι.
1224 3921 1296 3980 itt.

192 4076 199 4089 ι
230 3992 271 4052 lte
284 3991 361 4055 Jure
380 3991 497 4057 Gallico
514 3996 637 4060 donatio
656 3999 765 4062 mortis
780 4019 870 4064 causa
890 4021 954 4066 non
973 4003 1163 4067 admittitur.
1185 4005 1363 4069 Declaratur
1382 4007 1466 4070 enim

189 4093 223 4139 ιι
236 4087 295 4181 ort.
313 4085 387 4159 893,
403 4085 561 4148 neminem
579 4087 616 4149 de
633 4086 723 4150 honis
739 4088 804 4152 suis
820 4089 979 4172 disponere
995 4110 1081 4174 posse
1093 4093 1242 4174 gratante,
1259 4093 1323 4157 nisi
1338 4113 1393 4176 per
1407 4094 1468 4158 dis-

190 4172 372 4246 pos1tronem
391 4175 471 4236 inter
488 4173 588 4250 oiooe,
604 4182 660 4238 aut
677 4195 730 4258 per
748 4184 970 4243 testamentum
987 4181 1144 4246 informis
1158 4184 1253 4264 alege
1267 4185 1464 4266 prescriptis.

190 4255 268 4319 Hinc
293 4257 330 4321 de
353 4277 388 4323 ea
408 4261 572 4327 dicendum
594 4263 727 4341 videtur,
754 4265 833 4330 sicut
856 4269 892 4331 de
918 4271 1111 4333 testamentis
1135 4289 1203 4353 que
1226 4271 1465 4336 formalitatibm

191 4349 302 4406 carent.
317 4350 483 4426 ceterum,
495 4353 617 4433 quando
629 4353 664 4417 fit
676 4355 712 4419 de
726 4373 823 4418 manu
836 4357 875 4420 ad
888 4376 1033 4435 manum,
1047 4359 1171 4424 videtur
1180 4366 1261 4425 certo
1273 4361 1374 4427 valere
1389 4361 1469 4424 siem

190 4429 272 4525 valet
286 4433 408 4496 donatio
422 4441 575 4504 manualis
589 4444 668 4505 inter
686 4445 785 4520 vivos,
801 4463 896 4526 quam
910 4447 959 4510 lex
977 4467 1040 4511 non
1054 4447 1160 4526 afficit,
1180 4449 1240 4513 etsi
1252 4451 1354 4531 quoad
1367 4446 1469 4532 ipsam

191 4519 342 4577 actionem
357 4521 492 4600 deneget.
506 4561 545 4574 -
559 4527 699 4608 Goasset,
716 4532 797 4596 Cede
806 4538 980 4618 commeate,
993 4547 1053 4599 art.
1065 4539 1136 4621 393,
1148 4539 1467 4622 ειιανίι”]ἰι·ι”ιρενιίι’.
