3216 5020
227 235 294 296 256
756 247 965 294 rnnorarus

225 365 384 441 peccalum
398 376 460 420 non
475 363 520 418 est
535 357 662 436 indigno
677 357 818 420 tractatio
832 357 877 420 rei
896 365 950 420 eut
970 377 1106 440 persone
1131 379 1237 436 sacre,
1253 363 1305 424 sed
1323 364 1448 443 perfidio
1463 367 1495 430 in

225 453 423 529 Deumque
443 446 576 530 pertinet
600 447 638 507 ed
658 445 895 526 irreligiositatis
914 454 1019 510 contra
1036 452 1132 512 Deum
1152 468 1214 512 non
1228 457 1334 513 aulem
1352 452 1393 514 ad
1408 456 1495 518 sacri-

224 537 295 620 legii
310 535 433 600 vitimn.
451 539 491 598 Et
504 553 622 608 revera,
637 553 690 615 per
704 540 813 597 votum
828 536 953 616 precise
970 545 1156 618 spectatum,
1171 557 1235 602 non
1251 559 1313 615 rec,
1328 542 1378 604 uel
1395 551 1493 618 actius,

180 691 182 696 ,
225 627 271 688 vel
284 643 410 707 persona
423 623 549 696 directe,
564 623 616 684 sed
630 623 735 704 polius
744 623 817 686 fides
831 643 966 704 personis
980 627 1079 708 quoad
1091 627 1227 708 aliquam
1241 647 1307 690 rem
1322 636 1379 692 aul
1394 637 1496 695 ectum

223 717 283 778 Deo
295 713 446 794 obligetur
457 719 549 794 atque·
566 712 696 774 dicatur.
710 711 814 774 -tta
829 715 999 793 presertim
1015 715 1145 792 Sumen,
1164 715 1216 778 tit.
1233 719 1287 792 III,
1305 737 1331 780 c.
1346 737 1398 793 111,
1414 729 1443 780 et
1464 721 1495 782 tle

230 803 301 864 Voto
316 802 336 864 l.
354 806 390 877 V,
406 823 430 863 c.
448 821 497 876 111,
512 821 542 862 n.
560 806 579 864 d
594 810 624 862 et
637 805 670 875 5,
687 801 741 882 qui
760 801 840 864 hanc
861 802 1032 866 doctrinam
1054 803 1192 868 extendit
1212 806 1251 867 ed
1272 813 1382 869 votum
1404 811 1497 873 sacris

223 887 382 954 ordinibus
403 891 572 964 adnexum,
589 895 619 952 el
639 891 679 952 ad
697 897 806 953 volum
825 891 958 954 solemne
975 893 1125 956 castitatis
1140 893 1175 956 in
1191 893 1346 975 religione.
1361 933 1404 943 --
1415 898 1497 982 Lay-

223 979 1056 1058 mmlwmlmumnl—fflwmdffi

263 1072 414 1131 Celemm
433 1067 574 1148 quisquis
592 1067 704 1147 ligatus
728 1066 770 1129 sit
797 1075 867 1130 voto
888 1070 1054 1144 castitatis,
1080 1070 1200 1151 quoties
1224 1072 1283 1136 hoc
1300 1074 1409 1148 violet,
1432 1076 1496 1140 sive

223 1156 343 1220 dicatur
362 1157 494 1237 perfidus
516 1157 550 1218 in
568 1160 666 1218 Deum
687 1155 751 1219 sive
772 1157 933 1238 sacrilegus
954 1159 988 1220 in
1008 1159 1158 1240 seipsum,
1182 1166 1262 1223 certo
1284 1162 1397 1243 duplex
1415 1183 1497 1228 com-

223 1246 323 1308 mittit
336 1251 507 1326 peccalum,
531 1245 663 1307 alterum
681 1263 789 1327 nempe
811 1254 917 1309 contre
937 1248 1126 1324 castitatem,
1142 1249 1276 1312 alterum
1297 1270 1368 1313 vero
1390 1261 1496 1316 contre

223 1333 849 1416 Rdndonmn.-Lannic,llss,n.55

262 1427 363 1500 Quum.
380 1429 413 1486 2⁰
427 1423 478 1485 rin
495 1423 596 1486 omnia
609 1433 730 1506 peccota
748 1423 879 1487 lunurioe
899 1426 931 1485 in
946 1425 1067 1487 ecclesio
1086 1436 1141 1487 out
1161 1428 1326 1490 coemeterio
1344 1433 1496 1494 commisso

221 1515 281 1574 st'rrt
296 1511 474 1594 sacrilepio?
984 1539 987 1546 ·

261 1602 350 1682 Ilesp.
375 1607 425 1664 1⁰:
439 1605 562 1664 Peccata
582 1621 662 1663 mere
684 1603 805 1664 interna
826 1621 888 1664 non
914 1609 990 1664 sunt
1008 1603 1148 1666 habendo
1171 1611 1207 1667 ul
1226 1606 1396 1688 sacrilegio,
1423 1610 1497 1690 quie

222 1691 321 1752 locum
341 1708 462 1753 sacrum
482 1709 545 1752 non
565 1689 711 1754 videnlur
729 1689 897 1770 specialiter
915 1690 1044 1766 afficere,
1061 1691 1122 1754 nisi
1137 1693 1286 1756 habeatur
1305 1695 1495 1759 desiderium

220 1778 1460 1866 mmmwfflmwmmmdmfflmmaesmnffl.

261 1869 351 1952 Hesp.
366 1874 398 1931 2⁰
413 1888 420 1929 :
435 1870 538 1944 Quoad
555 1876 674 1949 peccata
688 1879 828 1943 externo,
844 1876 964 1932 certum
983 1875 1029 1931 est
1053 1869 1208 1933 committi
1228 1872 1424 1953 sacrilegium
1442 1893 1497 1954 per

220 1965 306 2020 actus
338 1963 580 2032 consummaloS‚
609 1976 718 2039 nempe
750 1977 804 2039 per
837 1958 1037 2038 pollutionem
1062 1959 1288 2035 voluntariam,
1319 1961 1494 2027 fornicatio-

219 2065 306 2121 nem,
323 2053 380 2110 etc.
396 2049 442 2108 Ex
453 2049 526 2108 lure
540 2047 684 2109 canonico
699 2053 801 2128 operte
817 2053 911 2127 potet.
934 2049 983 2109 An
999 2065 1069 2110 vero
1089 2048 1303 2111 committatur
1322 2051 1416 2114 etiem
1440 2070 1496 2132 per

219 2135 412 2216 aliapecceta
430 2135 691 2215 circumgredi,
713 2155 743 2198 v.
763 2155 820 2216 gn,
839 2141 938 2198 lactus
957 2136 1091 2216 graviter
1110 2144 1224 2218 turpes,
1242 2144 1490 2203 controvertitur.

219 2222 416 2284 Probabilt'us
435 2226 589 2303 affirmant
611 2223 645 2285 S.
667 2225 749 2305 Ltp„
771 2245 802 2284 n.
820 2227 895 2300 t59;
917 2223 1027 2300 Collet‚
1047 2232 1103 2287 elc.
1118 2261 1157 2270 -
1175 2225 1298 2308 Nepant
1313 2234 1416 2291 aulem
1430 2247 1495 2292 non

219 2311 466 2394 improbabiliter
480 2312 630 2386 Sanclres,
650 2312 766 2391 Tomi„
781 2313 909 2392 Bonna,
924 2323 979 2376 etc.

260 2403 361 2476 Qum.
377 2407 409 2465 3⁰
424 2403 475 2462 An
489 2421 574 2462 omne
587 2403 705 2483 furtum
721 2407 753 2463 in
768 2402 905 2463 Ecclesia
919 2403 959 2462 sit
971 2401 1186 2484 sacrilept'um?

220 2504 222 2508 ·
259 2489 347 2574 Besp.
370 2496 420 2553 1⁰:
437 2494 563 2554 Constet
584 2509 648 2553 esse
671 2491 864 2572 sacrilegium
882 2509 972 2554 omne
990 2491 1110 2553 furtum
1131 2490 1174 2552 rei
1189 2509 1279 2553 sacres
1294 2499 1325 2555 et
1338 2493 1433 2555 etiem
1448 2495 1494 2558 rei

221 2579 1490 2661 nmtumne,omnndmaelenmnlmismnioumoffiae,ulpemlexluummn„a.

219 2667 359 2752 Quisquis
381 2674 436 2744 il,
460 2673 476 2746 ἓ
496 2673 529 2742 i,
551 2687 639 2730 causo
658 2673 708 2744 lt,
729 2678 833 2752 quest.
850 2674 885 2742 d,
909 2669 963 2730 ubi
984 2668 1113 2750 legitur:
1130 2667 1279 2731 Similiter
1297 2669 1493 2750 sacrilepium

217 2759 415 2820 committitur
433 2755 598 2838 auferendo
624 2777 747 2819 socrum
766 2757 801 2818 de
822 2775 922 2828 sacro,
946 2758 996 2819 ael
1015 2778 1076 2818 non
1101 2776 1221 2818 sacrum
1243 2757 1279 2818 de
1299 2777 1398 2833 sucro,
1429 2761 1494 2822 siue

216 2865 335 2908 socrum
350 2847 385 2908 de
400 2868 460 2908 non
473 2867 567 2908 sacro.

259 2935 347 3016 Hesp.
370 2941 423 2998 ⁶2⁰:
440 2936 543 3012 Quoad
564 2953 611 2997 res
632 2955 700 3018 quae
715 2954 787 2998 casu
804 2941 860 2998 aut
874 2953 926 3015 per
940 2934 1076 2998 accidens
1090 2935 1125 2996 in
1141 2934 1264 2998 ecclesio
1282 2935 1490 3018 reperiuntur,

217 3029 254 3086 ul
272 3041 439 3099 crumenas,
460 3023 669 3105 horologium,
691 3031 761 3098 etc,
785 3024 1084 3087 controvertitur.—
1104 3021 1300 3084 Probabilius
1325 3043 1395 3106 neq.
1421 3044 1491 3088 oum

216 3113 315 3194 Lupo,
345 3114 438 3192 Azor,
466 3114 560 3190 Lesa,
583 3120 653 3188 eto,
677 3121 782 3176 contra
800 3114 962 3194 Lapmann
979 3119 1014 3176 ol
1038 3111 1113 3176 elios
1134 3109 1337 3186 affirmantes,
1358 3132 1491 3194 quorum

217 3201 402 3264 sententiam
416 3201 647 3283 probabiliorem
659 3201 734 3265 dicit
745 3202 782 3265 S.
799 3202 869 3282 Lip.
886 3222 919 3263 n.
936 3204 985 3265 39.

217 3347 219 3351 ,
255 3295 325 3356 287.
343 3327 382 3336 -
401 3293 502 3367 Qum.
523 3296 557 3354 4⁰
577 3293 628 3354 An
651 3291 732 3356 ltest'o
755 3309 1008 3373 quorumcumque
1030 3288 1172 3352 donorum
1190 3289 1233 3352 ad
1255 3288 1387 3354 Clericus
1396 3292 1492 3373 perti-

215 3381 348 3442 nentium
362 3379 553 3462 sacrileqium
567 3379 752 3442 constituat?

254 3471 345 3552 Ilesp.
362 3469 453 3550 Nep„
476 3470 529 3532 sed
551 3475 676 3532 tantum
696 3469 780 3532 laesio
798 3468 950 3531 honorum
970 3485 1040 3549 ques
1059 3466 1165 3530 Clerici
1184 3465 1344 3548 possideri
1358 3487 1423 3530 non
1437 3487 1491 3532 suo

216 3559 268 3622 sed
285 3558 424 3624 Ecclesiae
445 3557 583 3632 nomine,
604 3564 636 3620 et
649 3559 686 3622 de
700 3557 813 3640 ortibus
827 3555 986 3637 disponere
1000 3561 1175 3637 nequeunt,
1189 3555 1263 3637 qtrio
1282 3555 1347 3618 hec
1366 3562 1490 3620 tentum

214 3655 288 3710 sunl
300 3666 393 3710 sacro.
410 3683 450 3694 -··
461 3645 498 3710 S.
514 3647 599 3728 cip..
609 3667 640 3707 n.
655 3651 710 3720 di,
723 3655 752 3708 et
766 3646 823 3707 alii
835 3647 1048 3722 communiter.

254 3739 355 3813 Quina.
372 3741 403 3800 5⁰
416 3737 468 3798 An
481 3755 552 3798 vaso
563 3745 591 3798 et
605 3745 695 3798 vestes
708 3754 801 3798 sucre
817 3735 953 3796 converti
960 3735 1076 3816 possint
1088 3733 1120 3793 in
1134 3753 1221 3796 usum
1229 3733 1419 3815 profanum?

254 3827 344 3908 Rosp.
367 3826 501 3906 Affirm,
523 3824 549 3886 si
571 3843 618 3886 res
639 3825 771 3887 totaliter
791 3824 836 3886 ita
858 3823 1057 3897 immutetur,
1080 3829 1117 3886 ul
1135 3822 1386 3886 adcommunem
1399 3839 1489 3886 usum

213 3916 387 3988 reducetur,
402 3933 432 3976 v.
448 3933 505 3994 gr„
521 3913 548 3976 si
559 3912 644 3976 Celix
659 3913 728 3993 igne
743 3920 798 3975 aut
809 3911 887 3976 ferro
899 3911 1017 3991 argenti
1031 3929 1133 3975 massa
1149 3911 1213 3974 fiat.

253 4007 344 4066 Secus
358 4010 478 4077 aulem,
493 4002 520 4064 si
534 4001 669 4066 lololiler
683 4020 746 4064 non
759 4001 955 4066 immutetur.
973 4000 1051 4064 Hinc
1063 4020 1125 4063 non
1143 3999 1215 4064 licet
1225 4018 1263 4061 ex
1276 3997 1375 4061 veleri
1389 3999 1488 4062 cosule

213 4098 311 4154 restes
334 4091 473 4172 profanos
498 4089 656 4165 resarcire,
684 4108 740 4152 neo
760 4095 940 4152 ornamenta
960 4089 1158 4152 Sacerdotum
1185 4089 1224 4152 ed
1249 4105 1323 4150 usus
1349 4087 1488 4167 profanos

212 4180 371 4260 applicare.
394 4181 485 4244 Secus
504 4186 609 4243 autem
627 4180 665 4242 de
682 4177 721 4242 iis
742 4197 810 4258 que
829 4195 892 4240 non
915 4177 1149 4251 benedicuntur,
1172 4185 1210 4241 ut
1228 4180 1359 4256 lapelee,
1381 4176 1488 4239 cende·

213 4268 607 4350 lunas-S.Lupn.dl

190 4351 1487 4438 'fflwwfflwmwmmmmmmmmmfflm

213 4449 456 4507 muscerationcm
470 4447 633 4524 retineant,
648 4446 708 4508 siue
719 4465 778 4506 non
786 4464 799 4523 ,·
812 4453 975 4525 antequam
997 4445 1160 4508 tradantur
1171 4443 1289 4524 artifici
1302 4441 1483 4525 reficiendo,

212 4533 339 4597 debeant
351 4553 371 4596 a
383 4533 544 4598 Sacerdote
557 4533 731 4598 exsecrari?
