3216 5020
206 201 274 261 208
736 213 948 259 insereres

204 328 264 390 bus
278 327 379 390 verbis
392 325 487 390 etiam
501 325 667 388 inclusum.
683 357 724 374 -
737 329 771 388 10
786 324 960 387 Creatorem
975 325 1043 388 eoeii
1055 336 1084 388 et
1100 336 1206 406 terre,
1216 327 1249 390 id
1261 335 1322 403 est,
1337 331 1480 394 omnium

204 435 310 478 rerum
322 433 390 497 que
402 421 488 477 extre
501 418 599 477 Deum
610 413 777 476 exsistunt.

244 507 368 567 llAnr.
384 539 425 550 -
440 525 456 562 o
478 507 518 565 Et
539 503 700 566 inlesum
723 502 896 577 Christum,
922 503 1038 567 Filium
1058 505 1124 586 ejus
1146 506 1289 581 unicum,
1313 509 1483 574 Dominum

205 599 358 656 nostrum.
377 615 392 652 o
409 599 441 655 10
456 592 495 654 Io
510 593 611 656 desum
629 591 914 666 coriscum-eodem
930 593 1060 655 modoet
1075 594 1180 656 eodem
1192 613 1285 658 sensu
1298 615 1332 658 ao
1345 599 1431 660 credo
1446 597 1482 661 in

203 687 334 746 Patrem.
345 686 425 744 -10
443 681 562 743 Filium
575 681 641 762 ejus
654 681 786 756 unitum,
799 679 934 743 creditur
946 681 1097 763 explicite,
1113 681 1270 746 Christrun
1284 704 1348 748 esse
1363 685 1481 749 Filium

203 770 256 834 nei
271 771 481 834 naturalem...
496 770 661 832 secundam
672 787 834 850 personam
849 771 898 831 SS.
913 770 1113 833 Trinitatis...
1127 779 1159 834 et
1172 773 1297 854 proinde
1316 777 1424 836 Delum
1439 811 1481 822 -
1603 811 1604 814 =

203 864 236 924 30
256 859 416 922 Dominum
431 870 586 932 nostrum·
597 859 792 931 credendum,
807 857 966 920 Christum
979 877 1043 920 esse
1055 859 1197 922 omnium
1210 862 1387 925 Dominum.

244 951 282 1010 llI
296 949 364 1010 Art.
378 983 419 996 -
432 971 448 1008 u
470 946 528 1023 Qui
549 953 710 1026 conceptus
729 952 775 1008 est
794 947 830 1008 de
851 946 969 1027 Spiritu
989 955 1108 1022 sancto,
1127 957 1219 1012 nstris
1238 968 1277 1013 ex
1296 951 1391 1016 Maria
1408 953 1481 1016 Vir-

203 1037 282 1118 gine.
299 1059 314 1096 »
330 1043 363 1100 10
379 1036 546 1119 Conceptus
561 1045 604 1096 est
618 1035 654 1097 de
671 1034 795 1116 Spiritu
807 1046 927 1107 seueto,·
940 1035 1079 1116 explicite
1098 1038 1283 1100 credendum
1301 1039 1480 1116 Christum,

202 1133 239 1188 ut
254 1124 429 1202 hominem,
444 1130 623 1205 conceptum
638 1130 747 1204 praeter
761 1123 900 1186 ordinem
912 1130 1030 1186 naturae
1042 1143 1107 1187 esse
1119 1125 1251 1206 Spiritus
1263 1129 1362 1191 sancti
1373 1147 1481 1210 opera-

202 1215 295 1278 tione.
306 1249 345 1259 -
357 1217 391 1276 10
406 1213 505 1275 Notus
516 1233 555 1274 eu
569 1211 669 1274 Morio
691 1211 836 1294 Virpiue;
849 1211 988 1293 explicite
1001 1215 1149 1276 credenda
1164 1213 1311 1278 nativitas
1323 1235 1362 1279 ex
1372 1218 1472 1281 Maria

202 1302 328 1384 Virgine
339 1311 545 1385 antepartum
559 1306 590 1364 et
601 1301 635 1364 in
648 1311 752 1382 portu.
1603 1351 1604 1374 ,

242 1395 312 1457 199.
324 1428 366 1438 -
378 1393 419 1454 lV
435 1393 512 1454 Aer.
528 1425 565 1436 —
585 1411 600 1449 o
623 1395 734 1454 Passus
758 1389 815 1452 sub
836 1389 944 1453 Pontio
964 1390 1075 1465 Pilato,
1090 1392 1269 1468 crucifixus,
1284 1401 1425 1458 mortuus
1445 1403 1481 1459 11
1603 1379 1604 1416 ³

201 1482 349 1562 sepultus.
364 1503 379 1540 o
393 1517 433 1526 -
446 1484 478 1543 10
490 1478 623 1551 Passus·
636 1478 734 1559 passio
749 1477 862 1542 Christi
879 1478 1018 1560 explicite
1032 1481 1179 1543 credenda
1195 1488 1242 1544 est
1254 1482 1308 1543 sub
1322 1485 1421 1564 prom.
1435 1519 1480 1531 -

200 1573 234 1632 10
250 1569 316 1631 Sui
332 1569 441 1632 Pontio
453 1568 575 1643 Pilato,
587 1567 818 1630 circumstantia
833 1567 898 1630 hrec
911 1568 949 1630 sd
961 1567 1067 1632 Fidem
1079 1568 1217 1649 explicite
1231 1572 1393 1634 tenendam
1411 1592 1479 1636 non

199 1658 342 1738 pertinet.
358 1659 408 1720 Ite
426 1677 586 1720 omues-
599 1661 631 1720 30
648 1655 841 1738 Crucifieus;
855 1655 1042 1736 probabilius
1060 1657 1231 1732 crucifixio,
1248 1677 1344 1738 genus
1364 1660 1478 1724 mortis

199 1746 384 1827 exprimens,
398 1745 539 1827 explicite
550 1751 596 1808 est
609 1745 770 1821 credenda3
784 1743 826 1806 sic
840 1744 925 1806 euim
936 1745 1041 1825 sipost.
1056 1747 1146 1808 lCor.
1159 1765 1181 1822 1,
1195 1747 1482 1812 23:1²roedicomus

201 1833 355 1897 Ciri'stum
369 1835 559 1916 crucifixum.
576 1838 664 1897 -10
679 1834 837 1904 Mortuus·
850 1851 933 1894 mors
954 1833 1069 1896 Christi
1087 1835 1227 1915 explicite
1248 1837 1394 1900 credenda
1413 1845 1478 1901 est.

198 1927 291 1988 lCor.
312 1943 364 2000 xx,
379 1929 417 1988 3:
436 1922 567 1985 Tradidi
580 1922 662 1984 uobis
679 1923 866 2003 imprimis...
883 1923 1026 2002 quoniam
1050 1922 1189 1986 Christus
1205 1933 1339 1987 mortuus
1359 1934 1402 1987 est
1416 1947 1479 2008 pro

196 2015 326 2096 peccetis
344 2013 465 2074 nostris.
481 2046 523 2059 -
536 2015 569 2074 5⁰
587 2011 730 2094 Sepultus
736 2032 749 2087 ;
770 2010 927 2090 sepultura
948 2011 1061 2074 Christi
1082 2012 1221 2093 explicite
1242 2014 1387 2076 credenda
1408 2023 1476 2092 est;

198 2104 250 2165 sed
264 2099 450 2182 probabilius
467 2098 524 2162 sub
543 2099 603 2162 levi
622 2107 762 2175 tantum,
778 2098 851 2180 quia
864 2103 910 2160 est
923 2098 1155 2162 circumstantia
1169 2101 1255 2164 levis.
1269 2103 1373 2166 —Ite
1390 2104 1477 2166 eirca

197 2189 261 2252 tec
274 2191 376 2252 omniu
389 2189 491 2270 Lupo,
506 2187 586 2271 disp.
602 2207 662 2263 x11,
678 2209 709 2249 o.
723 2192 775 2251 il.

237 2281 264 2339 V
278 2281 354 2340 Aur.
367 2313 409 2324 —
424 2299 440 2337 <‹
455 2276 615 2340 Descendit
631 2277 670 2339 ad
687 2277 815 2352 inferos,
835 2278 926 2340 tertia
944 2275 993 2338 die
1013 2278 1180 2341 resurrexit
1200 2297 1218 2340 a
1239 2281 1381 2343 mortuis.
1398 2305 1413 2341 s
1428 2317 1476 2332 -·

197 2372 230 2430 10
241 2366 404 2429 Descendit
416 2366 458 2428 od
469 2367 601 2447 e'uferos;
614 2365 802 2446 probabilius
823 2365 880 2427 hoc
901 2384 964 2428 non
984 2372 1030 2427 est
1049 2365 1189 2446 explicite
1207 2369 1390 2432 credendum
1411 2373 1474 2436 sub

196 2455 297 2536 grevi,
313 2455 376 2518 imo
390 2474 444 2518 nec
456 2455 514 2517 sub
526 2454 597 2530 levi,
610 2458 702 2535 juxte
716 2453 847 2526 Suerez:
863 2453 936 2536 quia
954 2472 972 2516 a
990 2452 1131 2517 fidelibus
1147 2473 1211 2517 non
1227 2456 1312 2519 facile
1325 2457 1474 2539 intelligi-

196 2551 260 2607 tur.
275 2545 332 2607 Sed
346 2542 525 2607 contradicit
539 2545 637 2625 Lupo,
649 2542 726 2604 ibid.
736 2579 776 2590 -
785 2547 818 2606 2⁰
832 2543 1040 2604 Resurrectio
1050 2544 1193 2624 mortur's;
1207 2545 1264 2606 sub
1280 2546 1363 2625 graii
1374 2547 1476 2628 expli-

195 2633 254 2696 cite
276 2634 475 2708 credendum,
496 2633 570 2713 quia
590 2639 636 2695 est
658 2631 823 2712 Religionis
846 2631 1095 2694 fundamentum.
1110 2667 1150 2678 -
1163 2637 1194 2696 30
1212 2633 1314 2694 Tertio
1332 2634 1398 2712 (111,-
1414 2635 1474 2700 ills

194 2722 340 2804 temporis
351 2721 582 2785 circumstantia
593 2739 655 2784 non
669 2727 716 2784 est
730 2720 869 2801 explicite
883 2720 1040 2782 credenda.
1055 2755 1094 2765 -
1108 2721 1157 2782 lto
1172 2723 1376 2784 communiter.

234 2813 428 2873 Viden—o
441 2810 586 2872 Ascendit
600 2810 636 2871 in
647 2811 769 2884 coelum,
780 2810 862 2871 sedet
877 2810 915 2870 ad
926 2808 1084 2870 dexteram
1096 2808 1196 2872 Patris
1209 2811 1437 2891 omnipotentis.
1450 2836 1469 2874 u

193 2933 233 2948 -
248 2905 281 2962 10
294 2900 438 2962 Ascendit
457 2903 490 2958 in
510 2897 614 2960 coelum
635 2899 803 2960 secundum
824 2897 1067 2971 humanitatem,
1091 2898 1232 2978 explicite
1253 2905 1284 2962 et
1303 2901 1361 2963 sub
1381 2902 1470 2980 gravi

194 2988 389 3050 credendum.
405 3022 445 3033 -
457 2990 491 3049 2⁰
507 2987 599 3050 Sedet
615 2987 656 3047 ad
671 2986 827 3047 dexteram
844 2984 965 3056 ratris
981 2985 1177 3065 probabiliter
1187 2989 1279 3069 juxta
1296 2988 1397 3070 plures
1410 2989 1470 3053 hoc

193 3093 256 3138 non
270 3081 316 3137 est
330 3076 515 3138 credendum
524 3073 674 3156 explicite,
687 3074 760 3154 quia
772 3093 791 3136 a
802 3073 942 3136 fidelibus
952 3072 1071 3136 difficile
1085 3073 1283 3154 intelligitur;
1297 3076 1350 3139 elii
1362 3085 1469 3142 cutem

192 3163 349 3227 affirmant
362 3182 426 3226 esse
438 3165 622 3227 credendum
636 3161 775 3243 explicite
789 3162 888 3244 quood
899 3163 1057 3238 honorem,
1071 3169 1264 3242 potestatem,
1278 3166 1469 3229 dominium-

193 3272 253 3334 que
273 3269 463 3332 supremmn.
480 3288 521 3299 -
534 3253 588 3316 Ito
601 3252 730 3316 Suet-ei.
748 3285 787 3297 -
802 3257 835 3314 3⁰
852 3251 1067 3332 Omnipoteutis
1078 3271 1090 3313 .·
1101 3250 1183 3313 idem
1202 3270 1236 3314 ac
1256 3252 1291 3315 in
1311 3257 1471 3318 1111.-

192 3341 388 3423 significatur
401 3341 494 3404 etism
506 3341 652 3404 indirecte
666 3346 799 3422 potestas
814 3339 945 3414 Christi,
962 3339 1015 3422 qui
1033 3341 1071 3402 ad
1087 3341 1245 3403 dexteram
1259 3343 1313 3404 Dei
1329 3344 1470 3426 omnipo-

193 3431 287 3494 tentis
302 3432 395 3494 sedet.

231 3525 301 3585 100.
316 3557 356 3566 -
368 3522 423 3585 v11
436 3523 512 3582 Aer.
531 3556 571 3565 -
587 3542 602 3579 o
617 3520 689 3582 Inde
703 3525 855 3582 venturus
872 3525 917 3581 est
927 3516 1065 3599 judicare
1082 3517 1168 3582 vivos
1183 3526 1214 3583 et
1228 3528 1376 3585 mortuos.
1395 3545 1410 3580 o
1421 3559 1471 3595 ,-

192 3615 223 3673 l⁰
237 3609 314 3672 lude
325 3619 469 3672 venturus
478 3617 521 3670 est
524 3608 669 3688 judicare
673 3627 686 3688 ;
701 3607 840 3688 explicite
853 3607 1171 3683 credendum,iterum
1184 3609 1342 3672 Christum
1358 3616 1470 3674 rentu-

189 3717 262 3762 rum
277 3699 316 3761 ad
328 3697 469 3762 homines
479 3696 671 3779 judicandos.
688 3734 728 3743 —
740 3702 771 3760 2⁰
786 3697 872 3759 Vioos
884 3705 912 3757 et
925 3705 1072 3770 mortuos,
1085 3696 1117 3758 id
1131 3702 1195 3771 est,
1210 3716 1316 3762 omnes
1326 3699 1469 3762 homines

191 3795 328 3851 mortuos
342 3787 381 3850 ab
395 3785 511 3866 origine
523 3785 634 3848 mundi
649 3793 679 3848 et
693 3787 780 3849 rivos
794 3783 849 3865 qui
863 3784 897 3846 in
910 3783 1022 3847 ultima
1036 3784 1270 3865 conflagratione
1282 3787 1467 3850 morientur.

189 3911 230 3923 —
245 3877 299 3940 Ito
311 3878 503 3939 communius.
519 3875 576 3937 Sed
588 3874 654 3937 hrec
667 3874 759 3937 verbs
773 3873 854 3934 uiuos
872 3882 903 3934 et
918 3881 1066 3951 mortuos,
1085 3877 1175 3956 juxte
1194 3874 1293 3956 Lupo,
1316 3894 1378 3938 non
1393 3883 1472 3939 sunt

189 3964 328 4046 explicite
344 3963 506 4039 credenda,
525 3962 562 4025 ob
577 3963 756 4026 varietatem
772 3959 1022 4041 explicationum.
1039 3981 1044 3990 ·

229 4057 296 4117 Vlll
310 4056 385 4117 Ans.
402 4089 441 4098 -
460 4075 476 4112 o
489 4052 582 4115 Credo
599 4051 634 4113 in
651 4049 802 4132 Spiritum
817 4053 969 4113 sunctum.
988 4073 1003 4109 o
1028 4087 1066 4096 -
1079 4056 1110 4114 10
1129 4051 1242 4131 Credo,
1260 4053 1473 4118 eodemmodo

189 4161 223 4228 ac
235 4143 269 4204 in
283 4145 403 4206 Patrem
413 4146 444 4205 et
456 4139 587 4214 Filium,
604 4145 641 4202 ut
659 4157 763 4221 supra.
784 4173 825 4185 -
838 4142 871 4201 2⁰
885 4139 924 4201 Iu
945 4138 1101 4221 Spiritum
1114 4151 1269 4219 sonetum
1283 4143 1474 4206 credendum

188 4230 341 4313 explicite,
358 4232 440 4312 quod
453 4230 495 4293 sit
509 4229 600 4292 tertia
616 4247 743 4310 persona
758 4227 1031 4305 SS¹²⁰.Trinitatis,
1048 4230 1174 4311 equalis
1187 4230 1271 4293 Patri
1291 4235 1323 4292 et
1330 4230 1426 4307 Filio,
1442 4237 1476 4294 et

189 4319 314 4403 proinde
326 4323 415 4383 Deus.
432 4355 471 4364 -
484 4325 517 4383 3⁰
536 4316 686 4381 Processio
705 4336 723 4380 1
739 4320 826 4380 Patre
847 4315 984 4397 Filioque
1003 4336 1066 4381 non
1087 4322 1133 4380 est
1157 4319 1308 4382 credenda
1331 4319 1475 4400 explicite

188 4408 367 4471 necessitate
388 4406 567 4488 preceptis
587 4406 716 4488 singulis
734 4403 891 4480 fidelibus,
908 4406 966 4468 etsi
988 4407 1024 4468 de
1040 4406 1113 4470 Fide
1132 4407 1184 4469 sit.
1207 4408 1303 4470 Multo
1326 4407 1413 4470 enim
1433 4410 1473 4474 de

188 4497 263 4562 Fide
274 4515 336 4559 non
351 4496 388 4558 ab
402 4494 546 4558 omnibus
556 4494 627 4559 sciri
641 4495 761 4559 dehent.
779 4529 820 4541 —
832 4495 917 4577 Lupo
923 4541 933 4573 ,
949 4493 1073 4568 soeret,
1088 4504 1117 4557 et
1130 4494 1189 4557 ulii
1199 4499 1409 4559 communiter.
