3202 5020
616 287 658 331 01
684 283 921 330 00100111111
1339 277 1404 336 131

168 396 277 476 Hesp:
287 397 353 458 Non
368 394 470 473 agitur
480 394 514 457 in
529 414 601 457 casu
617 395 768 476 proposito
783 395 820 458 de
833 394 990 458 honestate
1005 397 1057 458 sed
1071 397 1108 458 de
1122 395 1293 462 efficacitate
1309 402 1405 463 medii

128 483 260 548 omnino
273 481 450 546 adhibendi.
469 485 555 548 Unde
570 481 745 565 exemplum
759 491 880 547 nonest
894 483 933 547 ad
947 502 1024 546 rem.
1038 484 1144 547 Recole
1155 486 1237 547 dicto
1251 509 1282 549 a.
1298 495 1348 554 56.

171 578 222 636 71.
238 608 278 617 -
295 571 389 652 otjtc.
407 575 457 634 9⁰:
474 573 574 635 ludex
589 574 622 635 in
640 573 762 636 feranda
777 573 926 636 sententia
940 573 1029 636 debet
1043 573 1131 654 sequi
1147 575 1321 655 opinionem
1337 598 1405 659 pro-

127 661 324 735 babiliorem,
340 666 376 723 ut
389 665 471 741 patet
485 661 673 742 exsequenti
689 681 807 742 propos.
827 661 864 724 ab
882 665 984 724 Innoc.
998 665 1038 725 XI
1053 663 1217 726 damnate:
1233 666 1407 728 Probabili-
1444 679 1445 688 ¹

3 779 4 808 1
127 761 175 813 ter
190 751 343 822 caucino,
353 749 489 830 judicem
500 771 583 832 posse
590 751 733 832 judicare
742 752 840 833 juata
859 754 1028 833 opinionem
1046 753 1136 814 etium
1154 756 1252 814 minos
1263 755 1407 836 probabi-

129 840 199 902 lem.
217 843 296 919 Ergo
309 857 371 902 non
385 838 454 902 licet
469 839 554 920 sequi
569 840 746 920 opinionem
760 840 866 902 minus
880 840 1080 919 probabilem.

168 929 276 1010 aaa:
288 926 379 990 Cone.
393 938 457 990 ont.
468 933 499 990 et
514 929 591 1008 Nep.
603 949 717 1009 conseq.
730 929 914 1010 Exemplum
928 929 1043 992 iterum
1057 949 1119 994 non
1132 938 1178 994 cst
1192 934 1230 995 ad
1244 951 1321 1008 reni,
1334 951 1406 997 cum

128 1018 181 1080 bio
195 1035 258 1080 non
272 1021 381 1097 agatur
393 1017 429 1079 de
445 1019 506 1080 solo
520 1017 602 1079 licito
617 1017 664 1079 vel
678 1017 795 1090 illicito,
812 1019 864 1079 sed
881 1019 918 1080 de
931 1016 991 1080 fine
1006 1019 1142 1082 securius
1159 1020 1334 1098 obtinendo,
1352 1042 1406 1086 seu

129 1109 169 1170 de
184 1106 340 1169 sententia
358 1125 376 1167 a
389 1106 491 1187 judice
508 1105 634 1187 equiori
655 1123 716 1186 quo
735 1110 832 1186 potest
851 1108 941 1169 modo
957 1105 1089 1170 ferenda.
1105 1110 1153 1171 Ad
1167 1109 1199 1170 id
1215 1109 1299 1174 enim
1310 1111 1407 1192 judex

130 1196 283 1276 obligatur
298 1213 337 1256 ex
350 1195 438 1275 quasi
453 1199 609 1257 contractu
621 1213 693 1257 cum
708 1194 848 1256 societate
862 1200 893 1257 et
907 1195 1045 1275 privatio,
1057 1201 1148 1277 prout
1161 1217 1253 1279 supra
1267 1199 1406 1263 diximus

129 1285 165 1348 de
179 1284 299 1348 medico
313 1287 344 1346 et
357 1283 514 1363 chirurgo,
529 1304 561 1344 a.
576 1287 630 1356 57,
646 1283 745 1345 Beaol.
764 1288 794 1346 3.

632 1505 847 1568 ARTIGULUS
866 1507 906 1566 III

331 1659 370 1704 DE
391 1661 445 1704 USU
467 1659 730 1717 PROBABILITATIS,
753 1661 790 1704 ET
810 1661 849 1704 DE
870 1660 993 1704 suenus
1016 1661 1202 1705 serietatibus

418 1749 458 1793 nl>
480 1749 702 1794 caremtenam
723 1748 755 1792 IN
776 1749 876 1793 DL'BHS
897 1749 1119 1794 EFFORMANDAM

170 1897 274 1956 711.-
291 1895 402 1955 Praetu
415 1892 565 1973 principia
581 1893 742 1972 generalia,
755 1893 867 1974 quihus
882 1892 999 1956 theoria
1011 1893 1222 1973 probabilismi
1233 1897 1346 1957 statuta
1358 1901 1406 1958 est

128 1982 163 2044 in
186 1981 317 2044 articulo
339 1981 534 2061 precedenti,
555 1981 667 2044 scilicet
690 1981 763 2043 Non
781 1992 826 2042 est
849 1983 1031 2064 imponenda
1054 1981 1216 2064 ollipctio,
1235 1983 1296 2044 aial
1314 1983 1352 2044 de
1370 2003 1406 2044 co

128 2080 208 2133 certo
220 2079 346 2145 constet,
364 2071 412 2132 vel
425 2069 475 2131 len
485 2071 577 2132 dubia
593 2090 652 2132 non
669 2071 795 2150 0111001,
812 2075 1006 2134 recensentur
1019 2071 1113 2133 etiarn
1126 2071 1280 2134 nonnullae
1294 2072 1405 2151 regular

129 2158 291 2239 speciales,
310 2159 423 2240 quibus
442 2177 477 2221 aa
495 2159 645 2239 principia
664 2159 893 2234 confirmantur,
911 2160 958 2222 vel
977 2159 1012 2221 in
1030 2159 1266 2240 particularibus
1284 2160 1404 2222 casibus

127 2247 334 2328 applicamur.
352 2249 431 2310 Sunt
443 2254 548 2310 autem
563 2253 741 2328 sequentes:
1193 2309 1199 2320 ,

171 2339 197 2398 I.
216 2336 256 2397 In
266 2335 355 2398 dubio
367 2336 506 2398 standum
522 2346 565 2398 est
578 2357 636 2418 pro
655 2357 701 2416 co,
716 2357 775 2419 pro
789 2357 847 2418 quo
859 2347 920 2400 stat
929 2339 1138 2420 praesumptio
1154 2338 1243 2402 Ratio
1257 2342 1316 2413 est,
1333 2337 1406 2418 quia

128 2423 334 2506 praesmnptio
346 2426 526 2506 plerumque
540 2425 629 2488 efficit
647 2425 862 2488 certitudinem
877 2426 1023 2489 moralem
1038 2427 1146 2488 saltem
1160 2428 1266 2488 latam.
1286 2427 1364 2488 Hinc
1381 2426 1408 2488 si

131 2513 231 2576 soleas
251 2512 304 2574 tali
321 2517 452 2594 tempore
471 2514 630 2594 diligenter
649 2514 776 2577 recitare
797 2515 1004 2590 Breviorium,
1022 2521 1052 2576 et
1073 2515 1194 2578 dubites
1212 2535 1252 2577 an
1271 2516 1407 2595 aliquam

131 2607 253 2682 partem
268 2601 453 2676 recitaveris,
470 2602 668 2683 presumptio
683 2603 741 2665 tihi
753 2603 844 2679 favet,
858 2609 888 2666 et
901 2608 930 2665 te
942 2604 979 2666 ab
994 2603 1174 2683 obligationi
1190 2604 1336 2666 recitandi
1354 2623 1408 2666 seu

130 2689 289 2770 repetendi
309 2690 428 2754 eximit.
448 2694 523 2754 Item
541 2691 567 2754 si
588 2691 710 2754 dubites
731 2695 838 2754 utrum
859 2693 1002 2772 Superior
1015 2696 1098 2774 juste
1116 2693 1272 2772 precipiat
1283 2693 1330 2754 rel
1345 2693 1407 2754 dis-

131 2785 254 2858 penset,
272 2797 327 2860 pro
349 2779 401 2842 illo
425 2784 485 2842 stat
506 2780 719 2860 presumptio;
742 2779 814 2860 quia
833 2780 860 2842 is
880 2781 1051 2843 rationibus
1072 2780 1131 2842 tibi
1152 2780 1314 2860 incognitis
1337 2780 1409 2848 duci

130 2871 246 2948 potest,
262 2869 362 2930 uelde
380 2868 508 2949 cognitis
526 2869 691 2950 prudenter
701 2867 838 2948 judicare
852 2875 1003 2932 censetur.
1020 2872 1148 2949 Insuper
1167 2873 1268 2930 rectus
1289 2869 1361 2932 ordo
1379 2873 1410 2931 et

131 2955 252 3018 bonum
267 2974 429 3020 commune
442 2957 580 3038 exigrmt,
593 2961 628 3019 ut
641 2957 675 3020 in
693 2957 747 3019 tali
764 2975 836 3020 casu
850 2956 909 3038 ipsi
923 2956 1086 3050 deleratur.
1100 2960 1200 3019 -lta
1213 2957 1409 3020 communiter

132 3043 276 3128 theolopi.

174 3136 211 3195 ll.
227 3135 268 3196 In
282 3135 371 3198 dubio
382 3136 579 3216 judr'condom
593 3147 636 3198 est
647 3156 685 3199 ea
699 3135 1113 3218 0111110110000111190111101.
1126 3135 1256 3199 Axioma
1271 3154 1409 3199 commu-

131 3221 215 3284 niter
228 3230 394 3304 receptum.
411 3225 444 3287 S.
460 3225 544 3306 Lip,
560 3225 686 3305 passim.
700 3263 740 3272 -
754 3225 872 3290 Recidit
887 3225 951 3288 haec
964 3226 1069 3305 regula
1082 3225 1177 3288 ferme
1193 3225 1227 3287 in
1241 3225 1409 3306 praeceden-

131 3316 213 3386 tem,
233 3330 305 3374 cum
321 3312 355 3375 in
370 3317 501 3394 utraque
517 3315 718 3395 presumptio
740 3314 781 3377 sit
801 3313 879 3377 ratio
897 3313 941 3376 ita
957 3312 1127 3395 judicandi.
1145 3315 1201 3376 Sed
1218 3313 1301 3393 prior
1318 3311 1409 3373 latius

131 3407 235 3480 patet;
252 3400 407 3481 siquidem
425 3403 623 3483 presumptio
642 3403 709 3466 erui
729 3409 829 3483 potest
846 3421 909 3465 non
929 3407 1052 3464 tantum
1070 3421 1109 3465 ea·
1127 3402 1280 3464 ordinarie
1295 3402 1411 3462 contia-

130 3489 285 3569 9entr‘lnu,
302 3491 353 3552 sed
368 3490 462 3554 etiam
477 3509 514 3554 ex
527 3491 764 3572 particularibus
779 3489 1030 3554 circumstantiis.
1042 3527 1082 3536 -
1093 3489 1127 3554 S.
1142 3491 1224 3572 Lip,
1243 3489 1317 3550 illd.

176 3579 227 3638 Ill.
244 3578 283 3639 In
304 3577 392 3640 dubio
409 3579 550 3640 standum
564 3589 609 3641 est
620 3599 678 3661 pro
698 3579 800 3641 valore
819 3589 912 3640 octus.
929 3579 1042 3658 Regula
1056 3583 1102 3641 est
1111 3579 1192 3660 juris
1204 3576 1302 3640 civilis
1315 3574 1410 3637 etiam

131 3665 228 3728 rebus
248 3666 422 3747 theologicis
440 3669 646 3732 communiter
664 3668 823 3749 applicata.
838 3671 900 3730 Hoc
913 3666 1148 3747 intelligendum
1169 3673 1231 3740 est,
1248 3665 1274 3726 si
1293 3664 1410 3726 iactum

132 3754 305 3836 principale
325 3755 367 3818 sit
385 3761 516 3832 certum,
536 3763 566 3820 et
585 3757 741 3820 dubitetur
754 3757 791 3819 de
807 3756 911 3838 aliqua
928 3755 1161 3819 circumstantia
1175 3755 1223 3816 vel
1237 3753 1411 3816 conditione

132 3843 321 3919 necessaria,
340 3849 394 3908 aut
407 3846 444 3908 de
457 3847 546 3908 modo
561 3845 661 3909 debito
674 3865 680 3907 :
693 3865 722 3908 v.
741 3865 799 3926 gn,
816 3845 843 3908 si
855 3845 976 3908 dubites
991 3863 1032 3907 an
1042 3864 1118 3908 cum
1133 3840 1296 3906 sufficienti
1310 3840 1411 3902 dolore

132 3937 291 4012 peccatum
306 3933 459 3997 confessus
472 3934 581 4008 iberis,
599 3953 661 3998 non
683 3935 797 3998 teneris
819 3934 933 3997 ilerum
950 3933 1095 3997 confiteri.
1110 3969 1150 3979 -
1165 3931 1201 3993 S.
1218 3930 1287 4010 Lip.
1306 3927 1357 3990 lib.
1379 3930 1407 4003 1,

130 4041 166 4081 n.
186 4024 240 4097 16,
261 4025 316 4085 etc.
337 4022 527 4103 Principium
550 4023 634 4086 istud
654 4023 777 4086 videtur
800 4023 892 4086 etiarn
914 4023 1148 4102 intelligendum
1169 4026 1200 4082 1ο
1223 4019 1254 4078 in
1274 4019 1410 4098 fororem

131 4109 300 4182 uberans,
318 4111 408 4176 modo
429 4129 492 4174 non
509 4113 608 4175 obstet
630 4112 781 4175 contraria
801 4111 1016 4192 presumptio,
1036 4116 1090 4173 aut
1108 4109 1226 4170 bonum
1246 4125 1409 4170 commune

131 4198 336 4278 Reipublicae,
352 4200 400 4262 vel
414 4199 593 4280 Religionis3
610 4205 641 4263 2⁰
651 4209 758 4263 contro
778 4201 944 4263 libertatem
960 4201 996 4262 in
1014 4199 1078 4261 1010
1090 4203 1232 4272 01101110,
1251 4195 1410 4258 ueletiam

129 4286 171 4348 in
183 4286 247 4351 1010
261 4288 396 4362 interno,
413 4307 485 4351 cunr
503 4289 606 4368 agitur
623 4290 660 4352 de
680 4289 758 4351 bono
772 4289 907 4370 publico,
925 4308 955 4351 v.
970 4306 1029 4366 gn,
1046 4286 1083 4346 de
1099 4285 1317 4362 contractibus,
1332 4303 1409 4365 prar-

130 4375 243 4438 sertim
257 4377 294 4438 de
308 4377 511 4439 matrimonio.
528 4376 616 4440 Ratio
630 4381 744 4452 autem,
761 4396 816 4440 cur
830 4379 908 4441 illud
920 4373 1108 4457 principium
1121 4392 1183 4436 non
1200 4372 1240 4436 sit
1257 4373 1409 4454 applican-

128 4465 210 4526 dum
231 4464 265 4527 in
286 4465 373 4528 omni
393 4485 465 4528 casu
486 4470 591 4528 contra
612 4465 802 4540 libertatem,
820 4465 936 4546 petitur
952 4483 991 4526 ex
1013 4462 1073 4525 alio
1096 4461 1246 4544 principio
1268 4461 1409 4542 superius
1445 4473 1450 4488 ·

125 4560 314 4631 memorato,
330 4573 459 4636 nempe:
472 4554 542 4618 Noa
562 4563 607 4616 est
627 4554 807 4636 imponendo
826 4552 987 4635 obligatio,
1002 4553 1062 4613 nisi
1082 4552 1118 4615 de
1136 4571 1173 4614 co
1191 4559 1271 4614 cerlo
1286 4557 1408 4612 constet.
