3156 5026
202 208 272 271 390
731 219 943 266 cancrosus

242 335 333 416 Resp.
349 336 401 394 2⁰:
417 331 450 393 Si
463 337 572 411 agatur
590 332 627 394 de
642 335 712 413 jure
729 330 879 404 naturali,
896 334 1143 394 controvertitur.
1159 332 1328 396 Probabile
1341 336 1475 416 videtur,

201 427 355 486 auctorem
375 437 437 482 non
450 420 561 482 habere
571 424 624 501 jus
642 423 825 500 perpetuum
845 419 970 500 inopus
987 439 1099 496 suum,
1117 421 1193 502 quia
1211 439 1274 498 res,
1290 424 1326 486 in
1339 442 1481 490 commu-

200 512 329 574 nitatem
342 509 434 572 semel
447 507 569 582 tradite,
581 509 616 570 fit
630 526 663 571 aa
678 508 745 588 ipsc
759 509 874 589 dejure
886 507 1054 572 communi.
1067 510 1109 572 At
1119 510 1326 591 probabiliter
1340 516 1479 578 sentiunt

200 600 293 663 etiam
308 617 370 661 non
382 598 481 678 pauci,
494 615 560 660 rem
573 597 608 660 in
622 597 878 660 communitatem
889 597 969 660 tradi
983 601 1107 660 tautum
1120 599 1221 678 quoad
1232 599 1368 680 aliquem
1379 603 1479 684 ipsius

200 705 309 762 usum,
326 686 456 760 librum,
473 705 504 748 v.
523 705 581 766 gu,
598 690 634 749 ut
652 688 780 766 legatur,
802 703 865 748 nou
885 692 990 748 autem
1009 688 1109 766 quoad
1129 688 1347 768 proprietatem
1366 699 1398 754 et
1415 693 1479 772 ple·

199 795 273 840 nam
286 776 461 838 facultatem
475 776 512 837 de
526 793 561 837 ea
576 773 767 856 disponendi.
786 773 942 854 Quidquid
959 775 1015 850 sit,
1037 779 1274 840 consentaneum
1288 781 1368 842 certe
1383 781 1479 862 aequi-

199 866 257 928 tati
272 872 332 940 est,
348 870 384 926 ιιι
395 867 466 946 ]ἰιιι
480 864 613 944 positivo
626 863 750 944 aliquod
760 862 957 944 privilegium
967 863 1083 926 aucwri
1096 865 1136 927 ad
1149 871 1268 930 certum
1280 874 1419 948 tempus,
1430 871 1478 934 rel

199 955 238 1018 ad
251 954 349 1036 ipsius
363 954 461 1016 uitam
478 953 667 1016 concedatur.

239 1046 341 1120 Quas.
362 1047 396 1105 t⁰
418 1044 469 1104 Au
489 1042 572 1124 typis
595 1040 740 1104 mandari
752 1043 855 1122 possit
875 1042 908 1103 in
928 1061 1022 1123 reqoc
1043 1043 1142 1108 viduo
1161 1043 1239 1108 liber
1256 1055 1390 1109 recenter
1407 1047 1480 1110 oul-

198 1141 301 1214 qatas,
316 1133 378 1192 siue
397 1130 520 1192 licentio
534 1128 689 1192 nariodo?

243 1220 330 1302 llecp.
347 1240 354 1282 :
373 1218 537 1282 Affirmant
550 1219 606 1300 qui
619 1221 726 1282 tenent
739 1217 873 1298 priorem
890 1218 1077 1282 sarmatiam
1090 1220 1125 1282 in
1142 1239 1230 1302 praec.
1246 1241 1342 1304 quaes.
1359 1225 1478 1306 exposi-

199 1313 280 1384 tam3
301 1307 374 1388 quia
393 1311 506 1383 auctor,
525 1307 689 1388 inquiunt,
706 1307 743 1368 de
760 1309 831 1388 jure
849 1307 983 1369 naturali
1003 1308 1124 1370 nullum
1139 1313 1191 1391 jus
1212 1319 1330 1374 certum
1344 1321 1478 1394 repetere

199 1401 311 1478 potest,
328 1401 357 1458 et
371 1396 499 1476 proinde
520 1396 557 1458 de
576 1396 687 1458 violato
700 1395 804 1457 stricto
822 1395 957 1456 dominio
971 1397 1117 1477 conqueri
1136 1399 1355 1480 nequit.1dem
1370 1403 1477 1465 dicunt

198 1487 235 1548 de
246 1484 460 1547 inventoribus
473 1483 630 1546 vanarum
645 1483 773 1546 artium.
789 1483 894 1546 -Ito
910 1482 1068 1559 Corriere,
1085 1486 1160 1548 ibid.
1165 1534 1174 1566 ,
1191 1493 1249 1549 etc.
1263 1489 1325 1551 Alii
1340 1509 1412 1553 vern
1424 1509 1476 1553 ue-

200 1579 274 1654 gant
293 1579 415 1654 propter
437 1572 589 1635 rationem
605 1572 784 1652 oppositam.
801 1575 951 1636 Ceterum
969 1573 1077 1636 multis
1093 1574 1128 1636 in
1149 1575 1221 1638 locis
1240 1577 1356 1660 optime
1375 1579 1476 1659 prori-

199 1679 270 1724 sum
292 1667 338 1723 est
359 1679 413 1744 per
435 1665 582 1724 tractatus
602 1661 684 1724 iuter
701 1659 803 1722 varias
824 1659 956 1724 ditiones
977 1662 1142 1740 admissos,
1163 1681 1298 1746 quorum
1317 1666 1349 1730 ιι
1372 1674 1477 1730 auctor

199 1751 304 1813 eodem
313 1753 383 1832 jure
400 1749 474 1813 abbi
488 1767 523 1812 ac
536 1749 570 1812 in
584 1747 707 1832 propria
720 1748 819 1830 patria
836 1751 966 1829 gaudere
979 1754 1087 1832 potest.

518 1961 534 2050 ἓ
551 1961 615 2030 111.
626 1999 671 2013 -
690 1961 738 2030 Dc
755 1964 981 2052 acquisitione
994 1961 1157 2034 dominii.

238 2139 418 2204 Domiuium
445 2139 596 2221 praecipua
622 2140 741 2223 acquiri
766 2148 891 2222 potest:
915 2147 948 2206 1⁰
975 2141 1188 2224 occupatione;
1217 2148 1252 2206 2⁰
1277 2143 1470 2222 inventiaue;

200 2236 233 2294 3⁰
252 2229 494 2310 prascriptione,
518 2235 551 2293 40
569 2230 754 2308 acccssioue;
779 2236 812 2295 5⁰
832 2230 1056 2306 contractibus,
1082 2232 1120 2295 dc
1143 2231 1257 2314 quibus
1277 2233 1312 2296 in
1333 2237 1475 2298 Tractatu

200 2318 376 2400 particulari
395 2318 525 2382 dicetur.

752 2482 892 2528 PUNGTUM
912 2483 924 2530 1

708 2619 749 2674 De
764 2618 960 2692 occupatione.

240 2781 308 2841 569.
321 2811 362 2822 —-
374 2773 535 2855 Occupatio
549 2777 594 2837 est
610 2771 699 2836 realis
713 2774 911 2854 apprehensio
925 2773 984 2849 rei,
999 2791 1067 2855 quea
1082 2773 1196 2838 nullius
1210 2772 1260 2850 sit,
1277 2791 1350 2837 cum
1366 2773 1476 2840 auimo

199 2884 267 2928 eam
281 2864 340 2928 sibi
352 2862 540 2945 acquirendi.
557 2867 612 2926 Est
622 2862 778 2942 legitimus
792 2865 903 2926 modus
917 2862 1093 2926 dominium
1106 2862 1297 2944 acquirendi,
1314 2865 1405 2927 modo
1421 2867 1477 2928 ad-

199 2953 263 3016 sint
281 2953 469 3017 conditiones
490 2952 663 3034 requisita,
685 2951 820 3014 scilicet:
838 2958 870 3015 10
890 2958 927 3014 ut
947 2970 995 3014 res
1015 2951 1056 3014 sit
1075 2951 1207 3014 dominii
1226 2951 1339 3034 priuati
1361 2971 1472 3033 capax,

199 3060 253 3104 nec
267 3042 360 3105 ullius
372 3041 430 3119 sit;
444 3077 486 3089 —
502 3047 536 3106 20
551 3047 587 3104 ut
600 3059 749 3122 occupans
765 3041 840 3104 velit
856 3059 922 3104 rem
937 3057 1027 3103 suam
1041 3039 1152 3116 facere,
1170 3059 1242 3102 cum
1263 3057 1332 3103 eam
1347 3041 1383 3104 dc
1397 3039 1474 3104 lacto

200 3131 417 3212 apprehendit;
439 3167 480 3178 -
500 3137 532 3196 30
554 3131 697 3194 utnulla
717 3130 795 3212 lege,
817 3148 885 3210 quae
910 3147 979 3192 cam
1005 3136 1085 3192 certo
1108 3129 1233 3193 domino
1255 3131 1472 3204 reservaverit,

200 3240 231 3284 v.
247 3238 305 3300 gr,
322 3219 520 3300 Reipublicae,
537 3239 584 3282 res
598 3219 695 3284 ueluti
709 3225 781 3282 ante
795 3225 939 3300 occupata
952 3217 1057 3281 fucrit.

239 3313 333 3372 Casus
347 3307 566 3388 frequentiores
580 3307 615 3370 in
628 3306 717 3390 praxi
731 3307 958 3388 occupationem
978 3306 1163 3369 animalium
1181 3306 1369 3388 respiciuut3
1390 3307 1426 3370 de
1439 3325 1475 3370 ea

198 3397 295 3477 igitur
310 3398 372 3462 sola
387 3414 486 3460 sermo
501 3396 571 3460 erit.

238 3485 377 3568 Triplicis
392 3492 496 3548 autem
512 3483 630 3566 generis
645 3484 792 3548 animalia
806 3483 1052 3564 distinguuntur,
1070 3485 1183 3548 scilicet
1199 3485 1369 3562 silvestria,
1386 3503 1474 3548 man-

199 3581 300 3651 sueta,
323 3582 354 3638 ct
372 3573 589 3638 mansuefacta.
607 3579 639 3636 10
661 3573 818 3636 Silvestria
839 3591 892 3636 seu
913 3572 975 3635 iera
993 3591 1028 3635 ea
1047 3581 1138 3650 sunt,
1155 3591 1225 3654 qiua
1246 3581 1361 3638 natura
1380 3574 1475 3638 libera

197 3662 309 3726 vivunt
332 3667 416 3725 extra
438 3662 573 3726 hominis
594 3662 798 3738 consortium,
821 3660 870 3724 uti
895 3661 1024 3741 lepores,
1048 3661 1145 3738 cerri,
1167 3662 1279 3743 pisces,
1305 3681 1393 3738 area,
1416 3667 1473 3726 etc.

196 3755 230 3814 2⁰
244 3756 402 3816 transacta
416 3771 470 3814 seu
482 3752 649 3814 domestica
660 3757 748 3825 sunt,
765 3768 834 3831 qua
852 3749 1024 3812 naturalem
1042 3751 1158 3814 habent
1176 3769 1248 3813 cum
1262 3751 1389 3814 homine
1403 3769 1473 3814 ocu·

197 3841 409 3914 suetudinem,
423 3847 515 3920 atque
529 3840 568 3903 ad
584 3839 688 3920 ipsum
707 3845 814 3918 sponte
832 3855 887 3900 sua
904 3837 1047 3913 redeunt,
1064 3839 1112 3902 uti
1130 3858 1215 3915 oves,
1230 3839 1318 3920 equi,
1335 3840 1471 3920 gallina,

196 3933 253 3989 etc.
269 3933 300 3991 3⁰
313 3927 516 3990 Mansuelacta
527 3931 615 4002 suut,
630 3945 699 4007 qua
717 3927 756 3988 ad
771 3925 943 3988 naturalem
957 3926 1084 4006 quidem
1098 3927 1273 3990 liberaum
1288 3935 1470 4002 nascuntur,

195 4015 331 4080 hominis
344 4023 447 4080 ‘umen
462 4015 618 4079 industria
635 4015 693 4078 hac
705 4015 878 4096 privantur,
899 4017 1027 4096 ejusque
1046 4015 1197 4080 consortio
1211 4023 1408 4094 assuescunt,
1424 4016 1472 4080 uti
1573 4087 1574 4104 χ

195 4123 281 4181 aves,
297 4124 366 4188 quae
380 4113 445 4169 arte
459 4110 489 4168 ιι
501 4104 659 4169 industria
671 4104 897 4181 mansuefiunt,
915 4103 1077 4180 columba,
1095 4123 1180 4187 ιρις,
1196 4111 1255 4169 etc.

315 4259 541 4342 Principia.

234 4405 304 4468 570.
316 4439 357 4452 -
370 4409 393 4468 Ι.
410 4407 566 4470 Animalia
578 4405 731 4470 silvestria
745 4421 799 4468 seu
813 4404 885 4486 sero
898 4403 980 4468 fiunt
991 4403 1090 4486 primi
1102 4408 1282 4488 occupantia.
1297 4409 1357 4471 Res
1371 4405 1469 4480 enim,

195 4508 262 4573 quea
282 4493 397 4556 millius
419 4501 507 4570 sunt,
520 4500 590 4579 jure
611 4492 744 4558 naturali
765 4493 848 4558 licite
870 4500 1067 4574 occupantur,
1084 4501 1115 4559 et
1133 4493 1259 4576 proinde
1278 4495 1359 4560 fiunt
1376 4493 1470 4577 primi
1572 4551 1573 4562 ,
