3156 5026
529 280 571 326 ou
592 279 756 325 suerum
775 280 817 324 ur
837 279 924 325 cuer
1301 266 1371 328 tor

102 397 211 477 duplex
228 393 324 458 istur
335 390 504 465 reumatis,
517 388 673 453 affirmaris
693 389 807 453 scilieet
825 397 856 453 et
872 408 998 470 negans.
1013 394 1082 454 Non
1100 391 1193 454 surlet
1211 409 1278 454 rem
1296 391 1373 456 utri-

102 502 182 550 mere
194 484 262 564 ipse
274 479 312 544 S.
325 481 482 562 Liparis,
497 478 567 560 qui,
584 477 731 560 expositis
743 478 915 542 moenibus
933 478 1156 542 nonnullorum
1166 479 1374 562 theologorum

107 575 140 636 in
156 570 366 652 benigniorem
388 575 509 650 parum
528 567 785 649 propendendum
801 569 848 648 (n.
869 567 955 649 bib),
969 566 1034 630 sii:
1049 569 1102 630 An
1119 576 1238 643 amm,
1246 580 1375 654 propte·

105 662 159 724 bac
179 664 328 734 rationes,
344 678 412 740 quac
435 666 576 720 coeterum
593 675 655 718 non
674 655 816 720 rihmar·
835 655 1074 736 contemnenda,
1090 659 1158 740 pau
1176 657 1375 738 (affirmatius

105 747 271 829 sententie)
289 750 331 809 cit
342 745 533 828 mfficientcr
554 743 737 827 probabilia,
753 745 993 828 sapientioribus
1004 765 1052 808 sse
1071 746 1204 809 remitto.
1223 749 1264 810 m
1281 747 1373 814 trau

105 847 217 920 apost,
230 857 263 898 a.
277 839 331 910 ts,
348 834 520 898 concludit:
534 831 602 896 Hoc
619 841 720 896 tamen
738 854 802 896 non
815 834 963 915 abstante,
980 853 1032 916 epo
1045 854 1105 896 mn
1123 835 1229 897 anneta
1243 840 1376 918 primun

104 927 114 1006 (
121 925 296 1007 negantem)
309 924 489 986 sententiam
501 922 640 986 suadere.
656 957 696 970 -
711 923 868 1003 Praecipue
879 929 986 988 autem
998 941 1106 987 eorum
1121 927 1286 988 Doctorum
1298 926 1376 990 ratio

105 1015 138 1077 in
154 1012 376 1077 consuetudine
393 1011 563 1075 universali
582 1011 688 1075 taliter
699 1013 796 1091 legem
811 1011 977 1093 aecipiendi
990 1017 1021 1075 et
1034 1012 1258 1093 interpretandi
1266 1014 1378 1079 inniti?

102 1110 164 1166 tur.
180 1101 386 1179 Quamobrem
404 1100 494 1163 nohis
508 1119 630 1182 quoquc
644 1100 720 1164 satis
733 1099 808 1176 erit,
825 1101 867 1176 si,
883 1099 1028 1182 expositis
1042 1100 1203 1164 sententiis
1217 1105 1377 1168 nonnullo-

103 1209 173 1254 rum
186 1191 396 1270 theologorum
416 1188 530 1270 pietate
551 1208 586 1252 ac
606 1189 743 1254 doctrine
766 1188 997 1270 prestentimn,
1012 1190 1064 1272 pio
1079 1191 1183 1254 lectori
1199 1192 1377 1258 ductionem

102 1280 326 1361 relinquamus.
344 1278 392 1341 Sic
405 1277 503 1358 igitur
516 1277 562 1340 illi
578 1298 586 1341 :

142 1374 213 1433 llo.
232 1403 271 1414 -
289 1373 463 1442 munstur,
484 1365 565 1448 disp.
588 1385 629 1442 11,
649 1367 686 1430 de
705 1367 862 1442 Restitut,
881 1376 986 1450 quast.
1004 1370 1040 1443 9,
1053 1378 1164 1450 punct.
1181 1374 1214 1444 l,
1230 1391 1325 1454 prop.
1339 1377 1376 1448 Ξ,

103 1458 204 1538 quood
218 1455 335 1520 tribute
350 1454 509 1530 mdireotu,
522 1455 585 1518 ait:
601 1489 642 1504 -
652 1455 751 1519 Nobis
765 1456 904 1539 sufficiat
919 1456 1027 1536 dicere,
1037 1457 1242 1538 probabiliter
1254 1459 1379 1541 defendi

100 1565 186 1628 posse
201 1543 284 1628 quod
293 1547 453 1606 assuimus
458 1591 468 1622 ,
482 1561 519 1606 ne
533 1563 608 1606 onus
620 1544 747 1606 nimium
760 1564 853 1627 praue
863 1545 1086 1628 poenitentibus
1106 1545 1294 1628 imponamus
1309 1560 1380 1630 post

101 1635 217 1715 sactum
224 1681 236 1713 ,
251 1633 387 1715 querneus
404 1642 475 1693 onte
498 1632 615 1712 factum
635 1633 699 1696 boec
713 1636 859 1696 sententia
874 1632 1032 1716 bcnipnior
1048 1653 1110 1696 non
1129 1637 1170 1696 sit
1187 1636 1376 1715 carnulentia,

101 1743 169 1786 cum
183 1723 345 1804 Principis
359 1719 458 1783 edicta
472 1724 608 1782 nonunt
619 1722 712 1802 facite
725 1721 977 1804 reprehendenda.

142 1813 401 1886 varumnam.
417 1810 608 1874 -Etiamsi
618 1809 724 1890 fideus
737 1811 800 1872 sint
813 1815 944 1874 manime
958 1810 1115 1888 bertaudi,
1129 1822 1163 1873 ut
1178 1813 1295 1876 tributa
1308 1813 1380 1877 diti-

101 1911 211 1984 penter
233 1900 372 1976 soleant,
395 1899 423 1959 si
441 1907 538 1960 tanuen
562 1899 686 1962 sainte
708 1899 900 1981 aliquantum
924 1899 1125 1980 defraudant,
1144 1921 1206 1964 non
1225 1903 1381 1986 obiipandi

102 1991 252 2053 uidentur
269 1987 312 2050 ad
323 1987 562 2062 restitutionem,
577 1990 652 2069 quia
668 1990 911 2050 communissima
925 1989 1039 2070 pranis
1060 1988 1094 2051 id
1108 1989 1207 2065 babet,
1223 1991 1381 2076 Principes

105 2081 280 2154 connivent,
287 2085 315 2138 et
326 2075 359 2136 in
372 2085 460 2138 tanta
472 2075 667 2138 multitudine
681 2076 865 2138 tributorum
875 2077 1093 2160 sapientissimi
1105 2080 1216 2161 quique
1225 2079 1378 2158 dubitant,

104 2187 146 2231 an
161 2168 267 2228 omnia
281 2165 449 2246 sintjusta.

146 2259 243 2328 Lueo,
260 2252 290 2315 d.
304 2271 410 2328 xxxm,
424 2273 456 2314 n.
472 2257 523 2317 43.
532 2288 573 2300 -
586 2253 679 2334 mett,
695 2255 809 2336 inquit,
822 2273 937 2338 conper
950 2256 1081 2318 maaian
1093 2256 1210 2338 placuit
1223 2259 1382 2322 consitium

102 2350 139 2409 Ρ.
156 2342 331 2418 mame...,
348 2342 560 2422 antefactum,
577 2343 792 2405 consulendum
809 2363 870 2406 esse
885 2363 922 2405 ne
942 2344 1057 2406 tributa
1069 2344 1303 2427 defi-audentem·
1312 2357 1385 2430 past

100 2433 241 2514 factum,
253 2433 282 2492 si
292 2433 441 2513 pauitans
456 2430 517 2490 sibi
530 2441 608 2492 certo
622 2441 676 2492 aut
686 2431 889 2514 probabiliter
903 2435 1131 2514 persuadentia
1151 2443 1236 2498 tanta
1250 2436 1383 2500 tributo·

98 2541 174 2584 rum
188 2519 384 2580 multitudine
395 2537 456 2582 esse
469 2517 594 2601 alc'quid
606 2520 792 2601 injuntum...
796 2567 806 2598 ,
826 2541 887 2582 non
902 2541 961 2583 csse
975 2522 1173 2604 rapendune
1188 2523 1383 2607 Conseccario

97 2611 144 2674 od
157 2607 381 2671 restitutionem
386 2631 397 2678 ;
415 2607 471 2668 boc
487 2617 586 2670 tomen
605 2607 744 2671 matrina
760 2610 925 2691 prudenter
938 2611 1081 2674 utendum
1101 2631 1173 2688 csse,
1192 2623 1254 2676 tran
1272 2635 1309 2678 nc
1326 2614 1384 2679 Sa·

98 2706 293 2762 crumentum
308 2695 498 2760 Paenitentia
511 2695 644 2760 reddant
659 2701 750 2760 nimis
764 2719 873 2780 praue,
889 2709 919 2762 et
931 2719 970 2761 ne
981 2703 1061 2762 uiam
1074 2701 1182 2762 solutis
1191 2704 1383 2784 procludunt

97 2787 220 2862 multis,
237 2786 299 2866 qni,
314 2785 341 2846 si
355 2804 376 2847 a
390 2783 584 2865 Conscnaria
599 2785 783 2868 obliquatur,
800 2807 859 2848 non
874 2788 1042 2866 restituent,
1058 2799 1088 2852 et
1100 2799 1245 2854 eteniam
1256 2791 1384 2854 darnna-

99 2881 216 2939 tionem
231 2877 399 2936 incurrent.

143 2969 218 3028 tlt.
236 2998 276 3008 -
300 2964 427 3024 Scirem
447 2959 628 3043 (Tbcolapia
645 2961 784 3041 moralis,
804 2963 852 3025 ed.
873 2962 1026 3037 Novariee,
1047 2967 1151 3047 lete),
1168 2967 1203 3030 de
1223 2969 1381 3052 liestitut„

98 3075 126 3118 c¹
144 3073 168 3129 1,
187 3061 255 3115 art.
271 3056 315 3126 l.,
334 3049 471 3130 exposite
485 3049 628 3128 negative
640 3050 808 3125 sententis,
825 3069 919 3132 quam
930 3053 1217 3118 communissimsm
1232 3063 1263 3120 et
1278 3059 1383 3141 probs-

96 3142 251 3206 biliorem
262 3139 414 3221 agnoscit,
430 3137 473 3201 sio
486 3137 552 3200 ait:
568 3137 710 3200 Secunda
726 3143 894 3214 sententia,
909 3159 977 3222 quo
990 3140 1145 3222 affimant,
1158 3163 1221 3206 non
1232 3158 1315 3210 caret
1329 3168 1384 3210 sua

95 3233 289 3295 auctoritate
301 3236 331 3290 et
339 3225 594 3309 probabilitate...
612 3225 771 3310 Quidquid
782 3231 822 3289 sit
838 3230 920 3290 circa
936 3237 996 3290 tam
1008 3232 1117 3311 prima
1130 3251 1220 3314 quam
1235 3239 1326 3298 etiam
1339 3255 1385 3298 ce·

96 3321 211 3382 cundae
231 3318 386 3380 sententie
402 3313 652 3398 probabilitatem
667 3316 766 3399 (quod
779 3317 1012 3399 sapientioribus
1029 3317 1234 3401 definiendum
1254 3325 1384 3387 rccnitti·

93 3421 197 3488 mus),
215 3427 312 3468 unum
325 3425 380 3466 noc
390 3423 448 3487 pro
461 3405 558 3487 proci
576 3424 725 3468 nmnemus
739 3425 806 3468 cum
820 3406 991 3468 doctissimo
1009 3406 1099 3472 Cord.
1116 3408 1152 3471 de
1164 3409 1249 3493 Lupo
1264 3430 1277 3473 .·
1292 3411 1385 3476 Gene-

93 3499 213 3560 raliter
236 3493 398 3576 loquendo,
416 3492 601 3556 admonendi
621 3503 692 3555 sunt
707 3495 820 3577 populi
837 3504 866 3556 et
878 3496 1035 3558 recitandi
1048 3494 1088 3558 ad
1102 3497 1216 3560 tributa
1227 3499 1382 3578 soluenda,

90 3587 150 3651 scd
171 3593 248 3668 post
268 3585 388 3665 sactum
404 3602 465 3644 non
479 3591 551 3645 mut
570 3583 697 3666 copcndi
717 3583 760 3646 cd
775 3585 991 3647 aestimationem
1011 3584 1122 3648 tributi
1138 3585 1334 3670 defraudati,
1357 3592 1385 3654 si

93 3672 318 3759 probabiliter
330 3673 390 3734 sibi
403 3672 547 3734 suadeant
566 3675 600 3733 in
617 3682 703 3734 tanta
720 3672 915 3754 oeca‘palium
928 3673 1125 3737 multitudine
1138 3675 1261 3760 aliquid
1272 3680 1385 3761 injuste

93 3765 248 3836 solvisse,
263 3759 312 3824 uel
323 3769 526 3844 competenter
538 3760 737 3824 contribuisse
751 3761 792 3822 ad
801 3761 940 3844 publicas
953 3764 1152 3830 necessitates.

142 3857 224 3917 rte.
240 3885 280 3896 -
293 3855 466 3914 Roossmor
481 3847 529 3930 (in
549 3851 629 3911 notis
653 3850 695 3912 od
712 3849 740 3911 Τ
738 3850 854 3932 beolop.
870 3871 946 3913 mar.
964 3851 1101 3929 Sattler,
1117 3854 1152 3916 de
1171 3855 1228 3938 lep.
1241 3865 1326 3937 parc.
1341 3860 1383 3934 Π,

97 3963 126 4004 c.
146 3961 193 4018 11,
212 3949 274 4004 art.
291 3938 336 4020 3),
353 3939 452 4020 quood
465 3937 583 4000 tributa
595 3937 740 4019 impositu
753 3939 788 4002 in
801 3957 926 4016 meroes,
941 3959 1074 4022 quarum
1088 3945 1306 4008 commercium
1318 3964 1385 4009 om-

96 4031 205 4094 nibus
220 4026 415 4110 permittitur
433 4025 491 4089 suh
513 4026 687 4090 conditione
705 4026 817 4091 tributi
838 4029 990 4106 soluendi,
1005 4030 1071 4093 haeo
1083 4031 1176 4094 habet
1189 4051 1196 4093 :
1211 4031 1283 4096 Nan
1295 4041 1387 4097 datur

96 4117 264 4200 oblipatio
285 4113 423 4178 soluendi
441 4113 579 4196 quedam
601 4115 718 4177 tributa
738 4125 899 4198 antequam
915 4125 1072 4200 petantur,
1091 4139 1120 4181 u.
1136 4139 1198 4200 pr,
1214 4123 1329 4186 tributa
1348 4123 1390 4188 ad

89 4217 231 4291 portam
255 4207 405 4279 ciuitatis,
419 4203 460 4266 ad
473 4211 609 4284 pontem,
629 4212 685 4266 etc.
703 4203 759 4266 Sic
771 4209 849 4267 enim
862 4206 926 4288 sert
942 4207 1140 4287 consuetudo,
1162 4219 1191 4272 et
1215 4209 1291 4293 iopes
1304 4213 1388 4274 ultro

91 4293 353 4360 consuetudinem
367 4313 428 4354 non
448 4291 597 4372 obtipant.
617 4291 765 4355 Ceterum
784 4314 850 4356 cum
870 4305 994 4357 auctore
1015 4295 1170 4380 (Settler)
1182 4309 1211 4360 et
1230 4301 1299 4363 aliis
1318 4301 1389 4364 bene

93 4383 216 4447 multis
229 4380 382 4444 extraneis
391 4379 588 4464 probabilius
599 4383 695 4444 asseri
707 4391 819 4464 potest,
834 4383 950 4446 tributa
964 4382 1030 4463 itta,
1043 4405 1102 4466 pro
1114 4387 1221 4469 quibus
1234 4391 1390 4473 cciperedis

98 4475 275 4537 constituti
287 4480 358 4533 sunt
370 4468 503 4533 custodes
515 4478 543 4531 ct
557 4479 727 4547 coactores,
744 4491 840 4553 neque
853 4473 885 4534 in
901 4475 1082 4538 conscientia
1093 4474 1236 4541 soluenda
1249 4499 1323 4561 csse,
1337 4500 1392 4544 nec

21 4635 24 4640 ,
103 4581 145 4626 ea
160 4560 351 4643 fraudantes
366 4559 408 4623 ad
419 4560 636 4622 restitutionem
652 4558 755 4624 teneri.
