3202 5020
599 240 641 282 DE
667 238 909 284 consentiam

588 457 728 520 PRIMA
760 458 918 520 THESIS

106 621 181 684 Non
197 621 269 683 licet
280 621 367 702 sequi
383 620 553 702 opinionem
571 618 775 701 probabilem,
793 641 847 681 neo
865 618 1117 700 probabiliorem,
1133 621 1242 684 relicta
1260 624 1388 698 tutiore,

150 713 269 793 quoties
282 709 366 770 adest
380 709 523 789 obligatio
538 708 678 770 absoluto
690 708 822 790 alicujus
835 709 908 790 finis
923 708 1119 770 determinati
1134 709 1298 790 ostentator
1314 713 1391 774 obti-

152 797 261 876 nendi,
281 817 367 880 qoem
380 815 449 858 nsua
464 798 560 859 medii
572 796 774 878 probabiliter
788 799 886 880 inepti
898 799 932 860 in
943 797 1115 879 periculum
1131 799 1307 878 adduceret;
1322 813 1391 864 tuno

153 891 249 972 igitur
259 907 334 968 pore
346 888 440 949 tutior
453 895 495 949 est
509 886 665 968 sequendo.

156 1032 205 1091 56.
221 1061 263 1072 -—
276 1024 371 1087 Prob.
388 1023 533 1103 Quisquis
547 1023 730 1103 obligatione
744 1024 882 1085 absoluta
898 1023 991 1085 finem
1005 1023 1164 1088 efficaciter
1177 1026 1313 1090 obtinere
1326 1029 1390 1092 adi-

114 1117 211 1196 gitur,
228 1114 257 1175 is
267 1133 301 1176 ea
315 1117 437 1175 tenetur
451 1113 558 1193 eligere
572 1112 688 1186 media,
703 1111 816 1192 quibus
827 1112 921 1174 finem
936 1111 1091 1175 efficaciori
1106 1133 1166 1195 qno
1179 1116 1289 1196 poterit
1301 1119 1390 1181 modo

114 1205 158 1267 sit
171 1209 380 1266 assecuturus.
402 1201 498 1281 Atqui
511 1221 563 1282 per
578 1201 673 1264 solam
688 1199 832 1262 tutiorem
847 1205 966 1280 partem
979 1199 1128 1265 efficacius
1143 1201 1273 1266 obtineri
1292 1213 1392 1285 potest

115 1293 187 1357 finis
203 1310 262 1354 :ex
276 1289 436 1372 hypothesi
448 1290 531 1352 enim
544 1289 697 1364 medium,
708 1288 905 1369 probabiliter
915 1293 1037 1350 tantum
1047 1296 1170 1370 aptum,
1182 1291 1216 1353 in
1226 1291 1391 1356 discrimen

115 1381 242 1444 adducit
262 1380 371 1452 finem,
385 1397 478 1459 quem
496 1379 632 1440 absolute
653 1377 795 1458 consequi
819 1381 931 1439 teneor.
952 1380 1030 1457 Ergo
1049 1397 1111 1441 non
1132 1379 1202 1443 licet
1223 1380 1270 1442 uti
1293 1383 1391 1445 medio

116 1476 244 1531 tantum
268 1467 466 1548 probabiliter
489 1473 573 1548 apto,
600 1468 652 1529 sed
673 1465 790 1546 aptiora
812 1465 913 1528 media
933 1467 1098 1547 eademque
1120 1469 1234 1530 tutiora
1257 1471 1393 1550 eligenda

117 1565 204 1621 sunt.
221 1556 320 1636 Igitur
332 1575 403 1636 pars
420 1553 515 1618 tutior
529 1557 681 1637 sequenda
694 1561 750 1617 est.

241 1712 352 1775 Hinc
373 1711 574 1775 resolves.

160 1853 212 1911 57.
233 1884 277 1893 —
298 1854 329 1910 t⁰
344 1850 380 1910 In
399 1847 463 1924 his,
485 1866 553 1928 quae
575 1845 667 1909 saluti
689 1847 856 1909 necessaria
879 1848 952 1906 sunt
973 1846 1148 1909 necessitate
1166 1848 1276 1924 medii,
1299 1850 1395 1913 tutius

119 1937 231 2000 sectari
245 1936 374 2012 toneris3
391 1935 574 2015 gravissima
589 1934 673 1998 enim
688 1953 841 2015 quemque
859 1940 948 2013 urget
962 1934 1105 2014 obligatio
1120 1941 1267 1998 aeternam
1286 1938 1398 2002 arima

120 2043 185 2088 suae
201 2025 334 2087 salutem
348 2031 429 2087 certo
444 2025 586 2099 curandi;
603 2023 730 2103 proinde
743 2023 843 2086 media
857 2023 992 2086 absolute
1005 2027 1076 2085 ‘tuta
1089 2030 1120 2085 et
1134 2031 1215 2086 certa
1227 2031 1302 2088 sunt
1313 2027 1398 2089 adhi-

120 2101 232 2176 b'enda.
254 2115 290 2174 ln
305 2113 395 2176 rebus
412 2113 509 2192 igitur
522 2114 561 2175 ad
580 2113 688 2175 Fidem
703 2130 756 2174 seu
769 2113 809 2175 ad
828 2129 934 2175 veram
954 2109 1141 2190 Religionem
1155 2113 1396 2193 pertinentibus,

120 2202 262 2284 opposita
284 2201 497 2282 probabilitate
515 2201 706 2282 posthabita,
733 2200 836 2282 opinio
859 2201 957 2262 tutior
982 2201 1149 2264 necessario
1170 2204 1323 2282 sequenda
1341 2208 1396 2267 est.

118 2291 201 2354 Hinc
216 2290 361 2370 nequeob
376 2289 557 2372 infidelitate
570 2289 762 2352 eoousobt'tnn
776 2289 909 2372 infidelis
923 2309 982 2350 non
995 2288 1130 2368 medens,
1145 2289 1253 2352 doctus
1264 2291 1399 2374 opinione

118 2380 226 2440 minus
238 2379 403 2460 probabili,
419 2385 511 2459 prout
527 2379 642 2442 ferebat
655 2384 689 2442 t·
707 2379 872 2460 propositio
886 2378 924 2440 ab
941 2380 1043 2440 lnnoc.
1063 2379 1103 2441 XI
1121 2379 1282 2454 damnata,
1302 2399 1400 2462 neque

118 2468 147 2530 is
160 2466 260 2528 etiam
270 2467 323 2546 qui
335 2467 456 2530 ducitur
468 2474 522 2529 aut
533 2467 603 2530 duci
613 2472 753 2530 censetur
762 2466 903 2548 opinione
912 2465 1119 2548 probabiliori.
1127 2467 1196 2530 —S
1200 2516 1207 2530 .
1222 2469 1290 2551 Lip.
1302 2490 1333 2531 n.
1346 2475 1397 2534 lb.

162 2560 195 2618 2⁰
211 2557 344 2618 Venator
359 2556 486 2632 timeus,
504 2575 543 2617 ne
555 2556 721 2636 plumbum
737 2556 772 2617 in
793 2555 889 2617 leram
902 2555 1078 2637 ejaculando
1093 2554 1227 2636 aliquem
1240 2557 1399 2622 hominem

121 2644 199 2707 forte
218 2644 323 2720 laedat,
341 2646 499 2725 explodere
517 2664 578 2707 non
598 2651 711 2726 potest,
730 2643 853 2706 etiamsi
874 2643 1063 2725 probabilius
1084 2645 1276 2708 existimaret
1297 2647 1401 2710 abesse

121 2733 311 2814 periculum;
327 2735 383 2796 hoc
406 2734 505 2809 enim,
523 2733 551 2795 si
571 2732 648 2796 forte
668 2734 764 2810 adsit,
780 2732 994 2813 probabilitate
1013 2733 1180 2810 contraria,
1202 2734 1261 2797 etsi
1274 2736 1398 2818 majori,

122 2822 276 2884 removeri
290 2840 354 2886 non
367 2828 477 2903 potest.
506 2903 507 2908 ἵ

167 2915 198 2974 3⁰
211 2910 346 2974 Medicus
359 2916 389 2972 et
404 2910 567 2991 chirurgos
581 2915 728 2974 tenentur
741 2911 779 2972 ad
789 2909 1014 2973 medicamenta
1026 2917 1056 2973 et
1071 2911 1173 2974 media
1187 2911 1317 2989 tutiora,
1332 2932 1401 2994 quae

121 2999 229 3061 hicet
251 3017 335 3061 nunc
357 2999 463 3062 haberi
486 3008 630 3080 possunt,
655 2999 842 3076 adhibenda;
866 2998 940 3079 quia
963 2999 1056 3063 tacito
1074 3007 1232 3064 contractu
1250 3003 1288 3063 ad
1307 3003 1400 3065 finem

121 3087 262 3150 macrias
277 3087 494 3163 obtinendum,
511 3088 544 3150 in
559 3095 713 3169 quantum
726 3087 793 3150 fieri
806 3093 922 3168 potest,
938 3105 969 3150 se
986 3088 1170 3169 obligarunt.
1189 3091 1273 3151 Idem
1287 3091 1401 3171 pariter

121 3176 290 3238 dicendum
304 3177 341 3239 de
353 3176 497 3240 omnibus
507 3177 575 3241 aliis
589 3177 644 3259 qui
652 3195 723 3258 erga
736 3176 914 3258 proximum
928 3177 1066 3258 aliquam
1078 3178 1228 3261 ejusmodi
1242 3179 1399 3260 obligatio-

119 3281 197 3328 nem
211 3271 440 3328 contraxernnt.
455 3301 496 3313 -
509 3266 544 3328 S.
560 3267 630 3348 Lip.
648 3287 680 3327 n.
696 3271 747 3330 ll.

163 3358 197 3416 t⁰
210 3353 351 3416 Minister
367 3355 570 3430 Sacramenti,
587 3355 642 3417 ubi
657 3356 693 3418 de
708 3359 772 3437 ejus
787 3355 889 3418 valore
907 3354 1020 3435 agitur,
1037 3354 1099 3418 nisi
1113 3355 1245 3421 defectus
1262 3355 1399 3436 supplea-

118 3450 177 3504 tur
189 3443 228 3504 ab
242 3443 388 3517 Ecclesia,
402 3445 449 3507 rel
461 3451 569 3524 urgeat
580 3461 668 3526 casus
678 3442 882 3518 necessitatis,
894 3443 1041 3507 tutiorem
1051 3449 1186 3525 partem,
1198 3445 1232 3506 in
1246 3449 1398 3525 quantum

117 3537 236 3610 potest,
254 3531 360 3594 relicta
374 3532 481 3595 minus
493 3538 563 3596 tuta
576 3533 741 3614 probabili,
757 3532 915 3595 ueletiam
929 3532 1142 3612 probabiliori,
1160 3533 1246 3613 sequi
1260 3537 1395 3608 tenetur3

118 3619 216 3694 ratio,
232 3620 307 3701 quia
320 3621 409 3684 aliter
423 3626 585 3702 exponeret
602 3623 836 3703 Sacramentum
848 3620 982 3702 periculo
994 3620 1162 3697 nuditatis,
1177 3629 1207 3684 et
1220 3620 1397 3701 proximum

117 3707 256 3788 periculo
267 3709 373 3772 damni
383 3709 562 3791 spiritualis.
573 3710 650 3773 Hinc
664 3709 774 3772 merito
788 3710 934 3771 damnata
949 3715 996 3771 est
1008 3711 1174 3792 propositio
1189 3710 1227 3772 ab
1241 3711 1344 3772 Iunco.
1357 3711 1398 3772 XI

118 3797 182 3860 sub
196 3819 227 3858 n.
244 3804 260 3861 l
281 3817 288 3859 :
304 3797 374 3860 Non
389 3809 433 3860 eet
445 3799 587 3860 illicitum
597 3799 631 3860 in
639 3797 843 3860 Sooroonentis
853 3797 1135 3881 conferendieeeqni
1150 3797 1319 3880 opinionem
1325 3815 1397 3876 pro-

119 3885 250 3950 bobilam
266 3887 303 3949 de
317 3888 417 3950 valore
428 3887 636 3965 Sacramenti,
651 3886 759 3950 relicto
770 3889 891 3949 tatione.
907 3923 947 3934 -
961 3887 999 3949 S.
1014 3888 1085 3970 Liq.
1100 3907 1131 3947 n.
1146 3889 1196 3948 48.

162 3976 234 4038 Dixi
247 3982 281 4039 l⁰
301 3995 309 4038 :
328 3977 389 4038 nt‘et'
407 3977 537 4057 desectos
553 3977 732 4060 suppleatur
749 3977 787 4038 ob
803 3976 953 4039 Eooleeia.
973 3976 1146 4057 Aliquando
1164 3972 1247 4036 enim
1269 3973 1399 4037 Ecclesia

118 4071 223 4146 potest
242 4071 273 4128 et
291 4071 431 4129 censetur
449 4066 482 4129 id
497 4067 649 4148 supplere,
666 4067 747 4148 quod
761 4065 954 4128 desideratur
972 4066 1010 4128 ad
1030 4064 1163 4126 valorem
1185 4063 1371 4126 Sacmmenti
1390 4081 1397 4125 :

121 4154 206 4233 quod
225 4153 352 4238 quidem
370 4154 404 4217 in
423 4154 542 4218 duobus
564 4154 764 4238 sacramentis
785 4159 886 4234 potest
906 4153 1095 4232 contingere,
1112 4149 1225 4212 scilicet
1246 4150 1281 4212 iu
1305 4169 1401 4216 sacra-

122 4247 231 4305 mento
245 4241 452 4319 Paenitentia,
468 4244 495 4305 si
512 4262 550 4306 ex
564 4244 650 4324 gravi
662 4243 781 4306 ratione
797 4261 868 4305 oum
879 4241 1093 4324 jurisdictione
1108 4238 1200 4301 dnbio
1218 4239 1399 4313 conteratur,

121 4338 182 4393 aut
203 4350 275 4395 cum
298 4332 512 4413 jurisdictione
532 4331 700 4414 probabili,
729 4332 817 4394 etin
841 4335 1029 4394 sacramento
1053 4327 1257 4403 Matrimonii,
1281 4329 1403 4409 quando

121 4419 295 4484 celebratur
313 4439 385 4484 oum
399 4420 493 4484 dubio
507 4419 727 4502 impedimento
738 4420 818 4501 juris
837 4415 1046 4490 ecclesiastici,
1063 4416 1227 4481 autetiam
1245 4422 1291 4479 est
1310 4415 1404 4480 dubia

122 4509 274 4589 delegatio
288 4509 456 4573 Sacerdotis
470 4508 658 4585 assistentis,
676 4513 714 4572 ut
725 4507 788 4572 loco
803 4527 857 4572 suo
870 4507 998 4570 dicetm.
1018 4539 1058 4552 -
1071 4503 1106 4567 S.
1124 4505 1193 4589 Lip.
1214 4527 1245 4566 n.
1263 4509 1313 4570 50.

222 4625 295 4669 corr.
305 4642 331 4653 -
345 4625 404 4670 τοι.
419 4625 438 4668 1·
1266 4609 1282 4658 9
