3216 5020
200 186 269 246 232
730 197 939 244 reserares

200 313 248 374 vel
262 311 327 374 leve
342 309 511 390 periculum
526 305 665 370 libidinis
679 309 773 370 adest.
786 344 826 354 -
839 310 891 371 ltu
906 309 943 372 S.
960 311 1042 393 Lip,
1062 331 1128 374 cum
1142 312 1228 386 aliis,
1242 313 1264 374 l.
1283 316 1338 389 III,
1351 336 1382 375 a.
1400 320 1475 380 aaa.

241 400 272 462 Si
295 405 399 461 autem
418 397 530 459 affectu
548 415 641 477 pravo
659 415 771 459 manus
790 399 929 461 mulieris
948 401 1232 481 apprehenderetur,
1252 410 1307 466 aut
1325 404 1477 482 perstrin-

200 495 333 569 geretur,
351 488 439 567 eulpa
457 485 533 548 levis
552 491 607 547 aut
622 485 723 565 gravis
744 483 820 548 foret
838 505 892 567 pro
911 487 1036 551 affectus
1052 490 1218 570 pravitate,
1234 497 1289 554 aut
1307 491 1401 554 etiem
1420 512 1476 574 pro

203 575 319 640 minori
334 575 482 658 majoriae
496 573 628 655 pericrdo
643 593 807 637 consensus
822 574 855 637 in
872 583 1040 656 peccatum.

241 669 311 728 ato.
327 701 366 710 --
379 668 480 741 Quae.
501 668 533 727 5⁰
551 664 599 725 Aa
613 663 736 745 publice
755 667 788 723 ire
802 665 1023 746 predicatione
1038 667 1162 728 choreas
1183 668 1404 750 reprehendere
1423 689 1477 732 ee·

200 753 330 836 peditat?

242 842 330 923 Resp.
353 841 445 923 Nep,
461 839 630 922 generatim
648 839 740 902 iniis
758 841 830 903 locis
844 841 898 904 ubi
918 843 1045 905 suntin
1059 864 1133 918 usu,
1149 851 1179 907 et
1197 852 1381 926 reputantur
1399 847 1479 928 quid

201 930 396 1006 indifferens3
420 929 493 1010 qrda
513 929 704 991 concionator
722 928 801 990 nihil
821 931 991 1010 proficeret,
1013 939 1044 994 et
1065 934 1212 996 saltantes
1234 953 1252 995 a
1277 933 1477 998 concionibus

202 1019 296 1083 simul
310 1027 342 1082 et
355 1040 373 1082 a
387 1018 591 1082 Sacramentis
605 1024 764 1080 averteret.
781 1019 911 1099 Expedit
924 1020 1021 1100 igitur
1036 1028 1072 1083 ut
1089 1023 1328 1097 concionatores,
1348 1041 1477 1104 preser-

202 1108 262 1172 tim
283 1108 422 1182 Paroohi,
437 1114 529 1186 agant
543 1106 688 1168 indirecte
707 1112 831 1169 tentum
847 1107 881 1168 in
895 1109 1032 1185 choreas,
1049 1116 1080 1172 et
1094 1111 1206 1172 directe
1225 1112 1258 1173 in
1273 1119 1393 1192 peccata
1406 1133 1478 1194 que

203 1198 237 1260 in
251 1199 294 1260 eis
309 1197 462 1260 committi
477 1197 586 1258 solent.
608 1200 740 1259 Gareant
757 1201 861 1258 autem
880 1215 919 1259 ne
935 1197 1146 1278 imprudenter
1163 1201 1245 1262 notis
1262 1200 1399 1264 infamiae
1412 1201 1477 1264 alli-

203 1286 285 1348 ciant
297 1292 367 1348 tum
380 1287 536 1360 saltantes,
552 1291 620 1347 tum
633 1283 707 1346 alios
719 1285 758 1345 ad
769 1283 890 1347 choreas
900 1295 1123 1362 concurrentes,
1136 1307 1190 1350 nec
1201 1288 1389 1352 minitentur
1401 1291 1479 1353 tales

203 1381 338 1455 tempore
353 1374 489 1437 Paschali
505 1375 544 1436 ad
561 1391 678 1436 sacram
696 1391 836 1436 mensem
855 1393 917 1437 non
934 1373 997 1438 lore
1013 1376 1230 1440 admittendos.
1246 1411 1286 1423 -
1307 1377 1340 1440 V.
1366 1379 1477 1459 Cosas,

203 1483 234 1525 a.
250 1468 310 1528 223
324 1473 425 1545 etseq.

661 1593 707 1650 lv.
720 1623 754 1636 -
772 1591 814 1648 De
825 1591 1013 1666 spectaculis.

242 1732 312 1791 246.
330 1764 369 1772 -
382 1731 423 1790 De
438 1728 630 1808 spectecrdis,
647 1746 701 1789 seu
720 1728 801 1790 ludis
820 1747 889 1808 que
903 1747 956 1808 per
972 1729 1084 1790 mimos
1101 1729 1164 1792 sire
1180 1748 1233 1810 per
1246 1729 1412 1794 histriones
1429 1751 1479 1794 re-

203 1816 379 1898 presentari
394 1817 506 1891 solent,
523 1816 605 1880 idem
621 1815 681 1878 fere
695 1816 859 1878 dicendmu
871 1818 930 1879 erit
945 1836 978 1879 ac
992 1819 1029 1880 de
1043 1817 1168 1880 choreis.
1186 1822 1284 1894 Quare
1303 1820 1368 1882 hec
1382 1839 1479 1901 pauca

204 1906 351 1987 suincere
366 1903 505 1967 sufficiat.

327 2033 553 2113 Principia.

244 2164 267 2223 l.
285 2162 458 2243 Spectacula
467 2181 526 2245 per
538 2181 568 2223 se
580 2179 642 2224 non
656 2168 731 2224 sunt
744 2163 840 2237 mala,
855 2180 909 2224 nec
923 2161 1049 2242 proinde
1068 2162 1189 2240 illicita;
1206 2162 1285 2226 nulli
1297 2164 1383 2226 enim
1399 2164 1475 2244 legi,

204 2269 259 2313 nec
279 2251 429 2325 naturali,
444 2269 498 2312 nec
517 2249 662 2331 positive,
682 2251 746 2313 sive
764 2251 893 2326 divine,
908 2251 972 2314 sive
984 2252 1145 2327 humane,
1162 2253 1374 2340 adversantur.
1391 2254 1480 2317 Unde

205 2339 233 2401 si
246 2358 294 2401 res
308 2345 412 2420 turpes
425 2339 460 2401 in
478 2340 522 2402 eis
539 2357 603 2402 non
616 2346 917 2420 representerentur‚
932 2347 963 2402 et
978 2341 1102 2404 aliunde
1121 2341 1260 2424 abessent
1277 2341 1478 2404 circumstan-

206 2520 464 2579 commcmiter.-
477 2516 514 2579 S.
533 2517 635 2579 Thoan.
651 2521 679 2579 2.
697 2521 741 2591 b,
755 2537 785 2599 q.
802 2521 876 2594 168,
891 2527 952 2578 art.
970 2522 999 2581 3.

246 2607 282 2668 Il.
304 2605 477 2685 Spectacula
497 2607 531 2667 in
551 2606 666 2686 quibus
687 2612 945 2686 representantur
964 2624 1013 2669 res
1036 2603 1213 2670 notabiliter
1236 2613 1353 2688 turpes,
1371 2607 1419 2670 rel
1442 2608 1478 2669 in

206 2695 320 2776 quibus
334 2701 479 2776 apparent
495 2711 630 2776 persone
644 2693 757 2757 diversi
776 2713 866 2757 sexus
880 2694 991 2757 habitu
1005 2695 1183 2758 notabiliter
1199 2695 1367 2766 indecenti,
1389 2713 1477 2775 gene-

206 2783 299 2845 ratim
314 2784 463 2864 loquendo
477 2784 611 2864 graviter
626 2781 732 2846 illicita
747 2789 836 2857 smil,
850 2783 924 2864 quia
938 2790 1003 2845 tam
1019 2783 1172 2848 actoribus
1189 2802 1284 2866 quam
1301 2785 1478 2864 spectatori-

206 2869 265 2932 bus
280 2872 372 2934 noxia
391 2879 475 2934 sunt.

247 2960 394 3022 Attamen
405 2978 476 3023 cum
487 2961 631 3024 illicitum
641 2961 810 3041 generatim
823 2980 885 3023 non
901 2961 952 3036 sit,
962 2963 1047 3042 justa
1058 2968 1089 3024 et
1100 2961 1328 3042 proportionata
1340 2969 1479 3025 exstante

207 3065 312 3122 causa,
327 3047 417 3110 alicui
429 3067 461 3111 se
474 3049 607 3130 periculo
620 3067 781 3130 exponere,
795 3049 966 3130 presertim
979 3049 1004 3112 si
1021 3050 1209 3112 salutaribus
1223 3049 1376 3132 presidiis
1391 3051 1475 3132 qrris,

207 3135 256 3198 uti
270 3153 325 3216 par
336 3142 392 3211 est,
408 3155 439 3200 se
453 3138 658 3214 communiat;
672 3138 783 3202 idcirco
797 3138 935 3201 excusari
950 3145 1078 3218 possunt
1093 3145 1162 3201 tum
1176 3139 1292 3201 milites
1306 3139 1361 3220 qui
1377 3142 1479 3202 adesse

207 3231 353 3287 tenentur
369 3226 407 3287 ad
420 3225 663 3306 invigilandum,
681 3233 750 3290 tum
765 3227 844 3289 servi
858 3226 913 3308 qui
933 3245 1056 3306 gravem
1073 3226 1321 3308 indignationem
1341 3229 1480 3290 domino-

208 3331 279 3375 rum
293 3318 480 3394 paterentur,
497 3315 524 3376 si
538 3315 642 3378 adesse
657 3321 836 3390 renuerent,
852 3322 909 3378 etc.
927 3351 965 3362 -
979 3313 1118 3378 Scaoim'.

328 3449 539 3517 Resolves

247 3583 318 3643 247.
334 3587 419 3643 -10
436 3583 501 3644 Non
516 3588 618 3661 peccat
635 3582 807 3646 mortaliter
820 3581 890 3664 qui,
914 3581 1038 3661 preciso
1054 3581 1210 3657 scandalo,
1226 3580 1357 3644 interest
1371 3599 1479 3644 comce-

207 3667 266 3732 die
288 3689 350 3732 non
371 3670 506 3751 graviter
526 3669 626 3751 turpi,
648 3671 710 3733 nisi
731 3669 808 3734 forte
826 3670 1014 3751 experientia
1034 3669 1125 3745 sciat,
1146 3689 1178 3732 se
1198 3670 1378 3751 hujusmodi
1401 3670 1481 3732 ludis

208 3757 404 3821 vehementer
424 3759 462 3821 ad
488 3758 649 3822 libidinem
671 3777 743 3822 cum
767 3760 905 3841 proximo
930 3775 1096 3822 consensus
1123 3758 1255 3839 periculo
1276 3757 1478 3832 commoveri,

207 3846 281 3908 adeo
301 3855 338 3909 ut
360 3848 565 3929 spectacrdum
587 3847 629 3910 sit
652 3848 713 3927 ipsi
736 3848 876 3928 proxima
896 3847 1041 3929 peccandi
1061 3846 1186 3910 occasio.
1211 3879 1250 3892 -
1273 3847 1309 3908 S.
1337 3847 1421 3928 Lep„
1447 3845 1481 3909 de

215 3933 259 3995 VI
270 3934 382 4010 Prec„
399 3956 431 3999 n.
449 3940 519 4000 tar.

249 4027 281 4085 2⁰
303 4024 335 4085 Si
355 4025 566 4088 incomoediis
586 4031 877 4105 repraesentarentur
902 4043 950 4087 res
974 4024 1151 4086 notabiliter
1174 4031 1294 4104 turpeS,
1320 4031 1375 4086 aut
1399 4021 1480 4104 turpi

209 4111 313 4186 modo,
329 4115 458 4176 mortale
470 4114 595 4195 quidem
609 4119 689 4176 esset
707 4113 775 4175 illas
795 4119 927 4193 spectare
946 4113 984 4175 ob
999 4110 1230 4175 delectationem
1247 4119 1481 4193 consurgentem

208 4217 245 4261 ex
260 4200 336 4280 ipsis
349 4203 441 4265 rebus
456 4203 615 4285 turpibus;
633 4203 751 4265 veniale
765 4209 870 4264 autem
885 4201 922 4263 ob
937 4201 1148 4264 curiositatem
1161 4207 1287 4264 tantum
1308 4207 1362 4263 aut
1376 4203 1416 4264 ob
1431 4220 1482 4264 ra-

208 4305 287 4350 num
305 4289 463 4366 solatium,
481 4293 595 4355 secluso
609 4297 713 4354 tamen
727 4290 858 4371 periculo
873 4308 1037 4353 consensus
1057 4289 1091 4351 in
1111 4297 1233 4370 turpem
1250 4290 1483 4352 delectationem

208 4375 263 4460 (S.
279 4378 362 4459 Lep,
382 4379 491 4460 ibid),
512 4381 595 4461 quod
612 4380 699 4442 lacile
719 4378 817 4468 aderit
837 4379 870 4441 in
893 4378 1148 4452 adolescentibus
1165 4379 1213 4440 vel
1230 4379 1264 4440 in
1286 4377 1354 4440 aliis
1373 4397 1481 4459 parum

208 4465 361 4529 timorate
387 4467 593 4545 conscientie;
618 4475 648 4531 et
676 4467 736 4530 nisi
757 4467 839 4530 adsit
859 4467 1052 4542 mandalum,
1078 4468 1159 4549 quod
1180 4468 1267 4546 plane
1291 4467 1428 4542 adesset,
1451 4465 1478 4528 si
