3206 5024
216 199 285 261 288
752 211 959 258 retardans

214 455 217 462 ,
341 380 567 460 Principia.

257 537 281 598 Ι.
305 535 353 596 Ad
370 533 497 596 Missam
514 531 614 596 valide
633 533 819 596 audiendam
839 532 1010 615 requiritur
1025 535 1152 596 omnino
1168 535 1298 598 attentio
1317 535 1429 598 saltem
1447 555 1500 600 ex-

214 631 321 698 'terna;
339 622 413 703 quia
430 621 514 684 nullo
529 622 619 684 modo
634 621 693 684 dici
707 628 808 702 potest
822 625 910 685 Sacro
924 621 1086 699 interesse,
1102 623 1157 704 qui
1173 623 1260 704 ponit
1271 625 1407 688 actiones
1423 644 1499 688 com

216 711 390 775 intentione
410 711 534 773 interna
555 710 832 791 incompossibiles;
853 711 917 772 imo
937 710 988 774 ille
1008 712 1204 792 impudenter
1225 717 1283 774 Deo
1306 717 1336 776 et
1354 713 1498 778 Ecclesiae

215 799 331 864 illudit.
347 837 386 845 —
398 801 450 864 Ito
464 819 574 864 omnes.

257 893 294 952 ll.
316 888 630 971 Requiriturinsuper
638 889 768 952 attentio
780 889 1070 970 aliquainterna,et
1079 891 1187 954 saltem
1196 892 1339 954 voluntas
1347 891 1497 956 audiendi

216 978 357 1053 Missam
379 977 452 1058 quia
470 978 502 1040 id
521 996 646 1058 prorsus
665 977 811 1057 exigitur,
831 985 867 1041 ut
888 978 1005 1041 auditio
1027 998 1080 1043 seu
1096 980 1258 1060 praesentia
1279 981 1320 1042 sit
1337 980 1496 1058 humana,

217 1067 341 1131 moralis
355 1074 386 1128 et
400 1085 438 1128 ex
454 1067 569 1149 objecto
583 1067 734 1147 religiosa.
746 1103 787 1112 -
798 1065 933 1146 Saarez,
949 1067 985 1129 de
999 1068 1100 1130 Euat.
1114 1070 1193 1152 disp.
1210 1087 1361 1146 cxxxrrn,
1375 1069 1445 1132 lect.
1463 1076 1496 1136 3.

256 1159 307 1220 ΙΠ.
332 1155 450 1219 Sufficit
461 1159 566 1218 autem
577 1156 701 1218 interna
715 1155 859 1236 qnalibet
868 1175 905 1218 er
916 1155 1015 1219 tribus
1028 1159 1118 1221 modo
1130 1159 1292 1238 expositis,
1304 1159 1368 1223 sire
1379 1159 1499 1223 scilicet

216 1246 258 1310 sit
272 1247 310 1310 ad
325 1245 432 1320 rerba,
449 1244 512 1306 sive
527 1245 565 1307 ad
580 1261 722 1320 sensum,
740 1245 804 1307 sive
818 1251 987 1328 utcumque
999 1245 1038 1308 ad
1048 1250 1157 1309 Deum.
1173 1247 1262 1312 Ratio
1277 1252 1337 1324 est,
1354 1247 1428 1329 quia
1442 1265 1500 1328 per

216 1352 323 1398 earum
338 1333 508 1414 quamlibet
522 1332 708 1396 sufficienter
722 1333 891 1415 applicatur
903 1351 990 1396 mens
1005 1335 1044 1397 ad
1057 1336 1177 1397 cultum
1192 1335 1353 1414 divinum,
1371 1336 1427 1420 qui
1440 1355 1498 1418 per

215 1422 407 1486 Sacrificium
421 1422 605 1485 intenditur.

256 1514 307 1573 IV.
332 1512 422 1574 Nulla
443 1511 540 1573 oratio
565 1511 676 1574 vocalis
698 1511 835 1574 absolute
857 1512 1043 1592 requiritur;
1063 1513 1137 1594 quia
1156 1514 1333 1577 assistentia
1354 1515 1496 1595 religiosa

216 1604 314 1662 Deum
333 1600 478 1674 honorat,
498 1606 529 1661 et
544 1599 624 1662 nihil
640 1600 724 1663 aliud
740 1599 952 1682 praescriptum
970 1599 1111 1665 habetur.
1123 1636 1165 1649 -
1179 1602 1216 1664 S.
1232 1603 1303 1686 Lip.
1320 1624 1351 1665 a.
1368 1609 1438 1667 313.
1455 1639 1501 1650 --

215 1691 252 1751 In
269 1687 358 1768 praxi
378 1695 482 1751 tamen
497 1688 653 1764 fidelibus,
669 1687 842 1769 prasertim
856 1689 1001 1765 rudibus,
1019 1691 1212 1754 suadendum
1231 1698 1277 1754 est
1292 1697 1327 1754 ut
1342 1691 1497 1756 orationes

216 1776 335 1858 aliquas
360 1777 502 1851 recitent,
525 1776 681 1858 imprimis
703 1777 855 1840 orationes
878 1787 1037 1842 consuetas
1060 1799 1113 1860 pro
1135 1780 1234 1844 Missae
1256 1780 1430 1858 auditione,
1447 1783 1498 1844 vel

215 1867 370 1929 rosarium
384 1865 569 1928 beatissima
584 1866 738 1947 Virginis,
753 1885 793 1929 ne
806 1865 914 1930 nimiis
929 1867 1180 1931 distractionibus
1194 1873 1397 1950 exponantur.

341 2028 536 2106 Quaeslta.

257 2188 327 2248 315.
343 2219 384 2230 -
397 2185 501 2259 Quen.
515 2189 548 2248 1ο
560 2183 610 2244 Aa
621 2182 662 2244 ad
676 2182 858 2266 implendam
873 2183 928 2246 doc
940 2195 1129 2268 praeceptam
1142 2188 1322 2267 requiratur
1335 2185 1387 2248 sub
1400 2188 1498 2268 pram'

216 2277 343 2336 attentio
361 2271 506 2334 interno?

258 2363 370 2444 deep:
383 2361 641 2424 Controverticar.
660 2362 692 2426 Ι·
713 2362 873 2425 Sententia
877 2409 887 2442 ,
905 2382 943 2424 erc
957 2362 994 2425 S.
1011 2363 1164 2445 Alpdoaro
1176 2367 1362 2426 communior
1378 2373 1409 2426 et
1418 2385 1497 2446 pro-

219 2451 360 2528 babilior,
377 2449 528 2532 affirmat.
545 2449 670 2514 Etenim
690 2450 728 2514 ab
745 2451 876 2514 Ecclesia
894 2451 1071 2531 precipitur
1090 2458 1178 2516 actus
1193 2456 1343 2534 quereus
1359 2453 1494 2530 colatum

217 2541 304 2622 atqui
326 2559 379 2622 por
402 2541 498 2602 solam
516 2539 711 2620 presentiam
732 2539 892 2622 physicam
913 2543 993 2603 Deus
1014 2539 1070 2602 coli
1090 2541 1213 2621 nequit;
1232 2559 1337 2619 ergo...
1358 2541 1501 2604 Ecclesia
1601 2551 1602 2608 ι

216 2629 330 2710 igitur,
354 2628 556 2711 praecipiendo
577 2628 689 2692 directo
714 2635 819 2692 actum
841 2627 1024 2692 exteriorem
1044 2629 1209 2692 auditionis
1229 2627 1342 2702 tussa,
1365 2627 1499 2690 videtur

217 2718 378 2801 precipere
398 2717 545 2780 indirecte
566 2717 784 2794 attentionem,
806 2718 915 2780 saltem
936 2714 1092 2798 mnam,
1114 2723 1263 2799 tanquam
1284 2715 1498 2780 conditionem

218 2808 283 2870 sine
303 2826 364 2887 qua
381 2825 445 2870 nan
464 2805 643 2870 consisteret
663 2813 750 2870 actus
767 2813 910 2870 externus
929 2807 1075 2870 formalis.
1095 2807 1208 2870 —Ita
1227 2805 1262 2868 S.
1287 2805 1434 2884 Thomas,
1454 2839 1500 2852 —-

216 2895 370 2968 Barzaura,
384 2931 424 2942 —-
437 2895 545 2975 Eldel,
561 2931 603 2942 -
615 2895 718 2959 Solm.
734 2905 764 2958 et
775 2895 833 2958 olii
846 2916 906 2958 aaa
916 2899 1020 2978 pauci.

257 2983 308 3044 11⁶
332 2984 491 3046 Sententia
511 2995 610 3067 nepot.
632 2984 721 3049 Ratio
742 2989 801 3059 est,
824 2985 896 3067 quia
917 2984 1090 3048 assistentia
1109 3003 1182 3048 cum
1200 2983 1373 3048 voluntaria
1395 2989 1497 3048 atten-

217 3073 317 3146 tione,
331 3078 405 3135 utut
418 3092 501 3137 mere
513 3080 654 3150 externa,
667 3080 714 3136 est
728 3083 814 3138 actus
826 3072 1011 3137 sufficienter
1022 3074 1196 3154 religiosus,
1209 3092 1265 3136 nec
1279 3079 1398 3137 constat
1411 3072 1495 3136 aliud

218 3162 256 3224 ab
276 3162 407 3224 Ecclesia
423 3163 559 3242 pracipi.
571 3199 612 3208 -
625 3164 676 3227 Ita
691 3164 793 3245 Lupo,
808 3181 880 3225 cum
898 3162 967 3224 aliis
985 3162 1109 3238 multis,
1123 3167 1155 3225 et
1172 3163 1229 3224 hoc
1243 3162 1319 3225 dicit
1335 3160 1496 3244 probabile

219 3251 257 3313 S.
272 3251 355 3331 Lip,
372 3270 405 3312 a.
417 3255 491 3328 313,
505 3251 554 3314 cui
568 3251 698 3315 assentit
716 3250 852 3330 Goaseet,
867 3271 898 3314 a.
913 3255 983 3316 553.

257 3344 410 3404 Gaeterum
428 3339 462 3401 in
481 3340 569 3420 praxi
586 3359 650 3404 non
666 3347 791 3422 apparet
805 3347 892 3403 tanta
905 3340 1080 3404 differentia
1094 3340 1177 3404 inter
1192 3343 1358 3422 utramque
1372 3344 1499 3402 senten-

217 3429 306 3493 tiam.
328 3428 453 3492 Etenim
465 3432 557 3510 juxta
571 3429 706 3510 priorem
723 3429 909 3492 sententiam
929 3428 1042 3492 sufficit
1060 3429 1187 3492 omnino
1206 3429 1334 3492 attentio
1349 3429 1383 3491 in
1394 3428 1499 3507 gradu

217 3518 360 3592 remisso,
377 3536 486 3599 nempe
502 3518 539 3580 ad
557 3518 724 3599 praecipuas
738 3517 838 3582 Missae
852 3523 968 3598 partes;
985 3521 1077 3599 juxta
1092 3518 1290 3600 posteriorem
1307 3535 1376 3580 rem
1390 3516 1500 3597 requi-

217 3608 319 3670 ritur:
334 3613 365 3669 1ο
377 3606 446 3687 pins
459 3606 571 3669 animae
585 3613 705 3681 motae,
723 3625 777 3669 seu
789 3625 861 3670 vera
871 3605 1002 3668 intentio
1014 3606 1187 3670 honorandi
1198 3609 1311 3682 Deum;
1327 3604 1496 3669 pattendo

218 3695 304 3770 talis,
321 3702 358 3758 ut
372 3695 517 3758 assistens
531 3695 632 3760 Missae
648 3695 800 3759 rationem
813 3695 872 3758 sibi
887 3695 1010 3757 reddere
1023 3695 1134 3775 possit,
1149 3713 1254 3775 reapse
1268 3699 1358 3759 Sacro
1373 3712 1404 3756 se
1418 3693 1498 3755 assi-

218 3789 313 3858 stere,
332 3790 363 3846 et
381 3789 599 3866 consequenter
614 3789 651 3846 ut
670 3786 778 3847 saltem
794 3784 829 3846 in
845 3783 970 3846 contuso
987 3785 1025 3846 ad
1039 3783 1207 3864 praecipuas
1224 3791 1326 3863 partes
1340 3783 1424 3845 illius
1441 3781 1497 3843 ad-

217 3877 329 3935 vertat.
352 3873 430 3936 Hinc
449 3891 511 3935 non
528 3871 613 3936 facile
633 3873 782 3953 arguendi
803 3879 878 3936 sunt
896 3872 997 3935 fideles
1016 3874 1052 3934 de
1072 3873 1160 3953 culpa
1178 3872 1263 3952 gravi
1282 3872 1320 3934 ob
1342 3869 1497 3934 defectum
1599 3891 1600 3950 ;

219 3962 398 4024 attentionis
420 3961 598 4026 sufficientis
616 3961 651 4024 in
669 3962 777 4037 Missa,
799 3963 850 4025 sed
869 3960 971 4042 potius
990 3967 1130 4024 amanter
1146 3960 1328 4024 adhortandi
1350 3965 1442 4035 sunt,
1459 3963 1498 4022 ut

218 4049 268 4130 pie
281 4057 313 4112 et
329 4052 432 4114 sedulo
446 4052 485 4114 ad
501 4051 608 4115 divina
623 4051 769 4132 Mysaris
789 4050 933 4114 animum
946 4049 1120 4114 intendant.
1137 4049 1276 4126 Etenim,
1294 4048 1339 4112 ait
1356 4048 1393 4111 S.
1407 4049 1498 4131 Lip„

217 4157 248 4200 a.
264 4143 338 4214 313,
352 4147 421 4220 post
433 4140 536 4219 Elbel,
549 4141 666 4223 Sporer
679 4143 710 4203 et
724 4139 841 4218 Tama,
856 4158 947 4203 nemo
961 4139 1073 4202 annius
1085 4157 1149 4202 esse
1162 4138 1252 4202 debet
1263 4137 1301 4200 ab
1313 4138 1500 4218 scrupulum

218 4228 398 4291 attentionis
418 4249 481 4292 non
506 4229 669 4311 praestitae,
695 4229 768 4311 quia
793 4226 905 4292 sufficit
927 4227 1072 4292 hahuisse
1093 4228 1299 4292 intentionem
1322 4227 1499 4307 generalem

219 4315 335 4378 colendi
350 4321 458 4382 Deum.
1598 4315 1599 4338 ³

259 4407 328 4466 316.
347 4441 388 4452 ·—
406 4409 507 4482 Quae.
526 4413 559 4472 2⁰
578 4409 626 4472 Aa
644 4409 817 4491 satisfaciat
837 4418 1003 4492 praecepto,
1027 4411 1082 4492 qai
1102 4418 1234 4491 tempore
1256 4407 1357 4472 nasa
1372 4415 1503 4490 peecata
1598 4421 1599 4432 ¹

220 4491 399 4572 confitetor?
