3206 5024
527 249 570 296 ns
594 249 795 295 rnncnrms
820 249 995 296 oroanocr
1335 231 1403 315 3423

250 410 465 477 Resolves.

165 543 345 604 lta-1⁰
365 541 464 602 vae
484 542 530 599 est
552 543 710 618 peccatum
733 536 827 600 etiarn
848 536 982 601 mortuis
1005 534 1163 600 detrahere
1186 535 1221 599 in
1241 555 1273 599 re
1298 538 1400 618 gravi;

119 629 192 710 jure
207 628 292 691 enim
306 629 344 690 ad
359 626 475 689 famam
494 643 556 688 non
573 625 754 706 spoliantur,
770 625 842 689 licet
859 645 875 688 e
892 625 972 690 vivis
991 624 1186 688 excesserint.
1204 626 1290 688 Unde
1306 625 1402 690 histo-

124 716 281 798 m'ographi
301 714 478 796 ignominiae
501 719 606 776 notam
628 715 784 778 memoriae
807 715 1018 778 defunctorum
1040 713 1107 778 sine
1126 732 1217 776 cause
1239 712 1404 777 sufficienti

124 804 300 880 inurentes,
317 803 433 867 occulta
446 801 685 877 manifestando,
702 803 823 884 cognita
836 804 1059 883 exaggerando,
1075 805 1174 865 aotam
1188 801 1404 882 paenitentiam

124 911 190 956 non
203 892 371 968 referendo,
388 891 522 973 graviter
535 909 655 973 peccare
666 897 806 972 possunt.
817 925 859 938 -
873 891 909 954 S.
924 892 1029 972 Lipor.
1046 911 1078 953 a.
1093 894 1164 955 oto.

166 986 200 1044 2⁰
216 981 338 1045 lethale
357 999 422 1043 εεεε
441 983 539 1061 potest
564 981 601 1042 de
624 980 727 1062 aliquo
745 979 779 1043 in
799 979 962 1061 conspicua
980 979 1131 1061 dignitate
1153 978 1322 1043 constituto
1338 985 1404 1042 tarn

124 1070 241 1144 multa,
258 1069 316 1132 etsi
328 1087 390 1132 non
405 1067 527 1149 singula
541 1067 662 1149 gravia,
677 1069 821 1144 revelare,
838 1072 875 1130 ut
888 1067 1064 1130 notabiliter
1079 1068 1209 1131 laedetur
1224 1070 1290 1151 ejus
1304 1067 1401 1145 lama,

125 1157 196 1220 licet
210 1157 293 1221 intra
303 1158 430 1238 longum
448 1163 569 1238 tempus
580 1156 613 1220 id
627 1160 798 1238 peragatur.

167 1251 200 1310 30
213 1247 336 1311 Mortale
353 1251 415 1320 est,
432 1244 459 1308 si
477 1243 559 1308 dicas
576 1245 710 1326 aliquem
729 1263 794 1308 esse
812 1245 1003 1320 adulterum,
1020 1245 1091 1309 licet
1110 1245 1146 1307 de
1163 1245 1220 1309 hoc
1233 1246 1404 1326 probabilia

125 1335 238 1400 habeas
248 1334 376 1410 indicia;
393 1333 468 1415 quia
484 1336 549 1415 ejus
564 1333 654 1397 forna
668 1352 758 1415 grave
772 1339 995 1397 nocumentum
1011 1333 1111 1398 affers.
1128 1335 1193 1397 lmo
1205 1334 1287 1398 idem
1300 1339 1403 1399 tenen·

125 1425 219 1500 dum,
232 1422 353 1486 etiamsi
367 1423 480 1486 diceres
494 1422 649 1503 probabile
659 1441 731 1486 enm
745 1441 810 1486 esse
826 1423 928 1484 talem.

168 1517 201 1577 4⁰
220 1517 316 1576 Grave
343 1518 390 1576 εει
412 1511 511 1574 dicere
535 1512 573 1574 de
598 1512 769 1588 Sacerdote,
793 1511 875 1592 quod
898 1511 1036 1574 duellum
1056 1509 1260 1587 commiserit,
1286 1516 1340 1575 aut
1363 1513 1406 1576 sit

126 1619 235 1664 amans
248 1601 430 1682 puellarum,
447 1599 566 1681 aliaque
579 1599 613 1662 id
626 1619 733 1680 genus.
753 1602 836 1682 Saepe
851 1605 957 1662 autem
968 1599 1077 1662 lethale
1088 1617 1151 1662 non
1163 1606 1211 1662 est
1223 1599 1256 1662 id
1272 1619 1405 1665 asserere

126 1690 164 1752 de
181 1689 293 1764 milite,
308 1694 362 1752 aut
379 1688 474 1751 etiam
492 1689 529 1751 de
544 1691 658 1770 juvene
674 1689 836 1752 mediocris
852 1688 957 1763 famam
971 1707 1027 1752 nec
1045 1687 1143 1751 dicere
1157 1688 1195 1750 de
1207 1689 1309 1769 puello
1323 1689 1404 1770 quod

126 1777 170 1840 sit
183 1779 318 1859 garrule,
333 1776 477 1858 superba,
494 1783 551 1840 etc.
564 1811 606 1823 -
622 1776 657 1840 S.
674 1777 743 1859 Liq.
759 1799 790 1840 n.
807 1781 877 1841 967.

168 1871 200 1930 5⁰
214 1871 282 1931 Non
294 1869 341 1928 est
351 1865 478 1927 mortale
493 1865 529 1928 de
543 1865 646 1948 aliquo
660 1865 765 1946 ignoto
779 1867 826 1929 vel
835 1865 1075 1930 indeterminato
1085 1865 1164 1928 male
1178 1864 1273 1946 loqui,
1291 1885 1322 1929 v.
1340 1884 1399 1946 gn,

125 1954 163 2017 in
175 1955 230 2018 teli
243 1956 308 2019 loco
322 1972 386 2016 esse
397 1953 511 2017 multos
526 1953 697 2034 improbos,
714 1953 862 2028 ebriosos,
877 1954 1067 2036 impudioos;
1083 1953 1157 2036 quia
1168 1953 1287 2017 nemini
1299 1954 1401 2035 gravis

124 2042 244 2124 injuria
267 2042 430 2122 irrogatur.
454 2042 531 2104 Item
551 2049 679 2105 nonest
697 2061 803 2122 grava
825 2042 941 2106 crimen
962 2042 1084 2124 aliquod
1098 2042 1208 2106 referre
1227 2043 1263 2104 de
1281 2042 1401 2123 aliquo,

125 2149 220 2212 quem
234 2130 394 2194 audientes
408 2148 471 2192 non
489 2135 656 2206 noverunt,
671 2149 880 2214 necunquam
898 2131 1036 2212 agnituri
1055 2137 1145 2208 sunt,
1162 2130 1283 2194 etiamsi
1302 2130 1403 2195 nomi-

122 2225 228 2284 netur.
243 2223 309 2282 lmo
322 2219 379 2281 hoc
387 2238 447 2302 per
460 2237 491 2282 se
502 2218 588 2282 omni
602 2220 692 2301 culpa
705 2225 802 2283 vacat.

166 2314 199 2371 60
212 2306 333 2372 Lethale
350 2312 454 2370 tamen
472 2315 534 2384 est,
550 2307 659 2372 saltem
677 2309 883 2373 communiter
901 2311 1069 2392 loquendo,
1090 2309 1225 2390 graviter
1244 2309 1402 2374 detrahere

122 2395 219 2460 alicui
237 2397 434 2472 Monesterio,
448 2395 516 2459 licet
534 2397 638 2460 nullus
656 2397 826 2479 Religiosus
844 2398 1035 2474 nominetur,
1052 2418 1083 2462 v.
1099 2416 1158 2479 gr„
1178 2398 1205 2461 si
1223 2398 1353 2474 dicatur,
1366 2399 1402 2464 in

124 2503 161 2548 eo
178 2501 306 2565 pravam
322 2484 392 2547 duci
410 2484 524 2560 vitam,
544 2504 634 2566 grave
656 2491 813 2567 peccatum
832 2486 929 2552 fuisse
947 2492 1112 2569 patratum.
1135 2487 1222 2550 Ratio
1244 2495 1305 2564 est,
1326 2487 1402 2569 quie

125 2572 270 2654 Religiosi
291 2574 427 2655 ejusdem
446 2574 687 2638 communitatis
705 2577 779 2639 adeo
795 2575 878 2639 inter
899 2595 930 2640 se
953 2575 1107 2658 conjuncti
1126 2581 1216 2650 sunt,
1242 2580 1278 2638 ut
1298 2593 1400 2640 coram

125 2661 259 2725 externis
282 2662 367 2725 velut
389 2661 524 2726 solidarii
541 2663 595 2726 alii
617 2683 671 2745 pro
695 2664 762 2728 aliis
783 2672 974 2729 censeantur.
1003 2664 1081 2726 llinc
1102 2670 1167 2728 tota
1188 2665 1402 2729 Communites

125 2751 207 2831 apud
221 2749 433 2831 imprudentes
447 2757 479 2812 ει
491 2749 644 2832 simplices
658 2752 808 2816 maculari
822 2754 907 2816 solet.
922 2789 962 2799 -
974 2752 1010 2814 S.
1026 2752 1098 2834 Liq.
1116 2774 1148 2813 a.
1162 2757 1233 2818 978.

166 2843 236 2904 456.
249 2875 290 2885 -
304 2844 337 2902 70
359 2843 426 2903 Non
444 2846 491 2903 est
509 2841 635 2903 mortale
649 2841 747 2904 dicere
761 2842 798 2904 de
813 2841 934 2922 publico
952 2841 1085 2917 ebrioso,
1101 2842 1244 2906 cumbae
1263 2843 1313 2906 die
1331 2846 1401 2906 ine-

126 2927 258 2990 briatum
270 2947 346 3007 esse,
365 2931 421 2990 etei
434 2927 545 2990 occulte
563 2929 671 3008 fecerit
679 2953 693 3002 ;
705 2929 769 2992 imo
786 2931 968 3011 quandoque
982 2930 1105 2992 nullum
1123 2932 1209 2994 adest
1225 2938 1399 3012 peccatum,

124 3015 155 3080 si
174 3017 244 3098 quis
267 3035 391 3080 omnem
409 3015 525 3079 umam
548 3017 649 3097 quoad
667 3017 784 3099 aliquid
801 3017 955 3094 amiserit,
971 3035 1002 3080 v.
1024 3036 1083 3098 gr.,
1105 3018 1133 3082 si
1150 3018 1233 3082 dicas
1251 3021 1288 3084 de
1306 3039 1401 3084 mere

123 3106 215 3180 trice,
236 3106 318 3188 quod
337 3104 485 3168 fornicata
503 3104 608 3168 luerit.
632 3109 691 3169 Nec
712 3112 758 3168 εει
776 3106 904 3170 mortale
925 3106 1073 3171 infamem
1091 3107 1126 3171 in
1141 3126 1204 3172 uno
1220 3109 1349 3173 crimine
1364 3111 1401 3172 do

123 3194 219 3257 altero
242 3195 328 3258 valde
351 3193 435 3256 affini
457 3195 648 3270 dedecorare,
672 3215 702 3258 v.
727 3213 787 3275 gn,
806 3195 833 3257 si
849 3197 886 3258 de
907 3195 1043 3260 adultero
1066 3195 1163 3273 dicas,
1189 3216 1262 3261 enm
1282 3198 1400 3261 litteras

122 3283 288 3346 amatorias
303 3283 435 3358 misisse,
450 3283 499 3346 vel
513 3283 550 3346 de
561 3282 688 3360 ebrioso,
705 3302 778 3347 eum
793 3303 866 3348 cum
879 3303 974 3348 uxore
989 3284 1126 3348 rixatum
1140 3305 1220 3362 esse;
1236 3286 1310 3369 quia
1325 3285 1396 3348 telis

121 3372 268 3436 revelatio
283 3390 345 3435 non
356 3375 402 3434 est
415 3391 495 3435 nore
508 3371 652 3448 infamia,
667 3379 723 3436 aut
737 3373 846 3436 saltem
862 3391 926 3437 non
939 3373 1052 3454 gravis.
1068 3377 1109 3438 De
1123 3375 1277 3457 disparato
1294 3381 1400 3436 tamen

122 3465 155 3524 ει
172 3479 235 3523 non
256 3479 390 3524 connexo
408 3460 537 3524 crimine
554 3461 688 3542 aliquem
706 3461 855 3525 infamare
872 3468 973 3544 potest
991 3481 1055 3526 esse
1073 3465 1217 3537 mortale,
1236 3461 1311 3542 quia
1330 3461 1397 3538 ille,

121 3549 179 3630 qui
202 3551 365 3613 dedecoros
388 3555 436 3612 est
457 3549 493 3612 in
514 3567 576 3612 uno
592 3549 663 3612 vitii
681 3569 803 3632 genere,
820 3569 883 3614 non
904 3551 970 3614 ideo
994 3551 1102 3616 amisit
1113 3555 1167 3633 jus
1189 3549 1279 3614 mma
1298 3551 1398 3631 quoad

119 3637 253 3719 reliqua.
269 3637 353 3701 -S.
369 3639 454 3720 Liq,
469 3637 564 3701 Hom.
575 3651 685 3722 apost,
701 3660 733 3703 n.
750 3645 805 3716 lt;
822 3649 851 3702 et
864 3639 1136 3703 atticommonoer.

164 3731 198 3792 8⁰
210 3732 278 3792 Non
294 3733 412 3810 peccat,
426 3727 535 3791 saltem
553 3727 697 3808 graviter,
714 3727 770 3810 qui
788 3728 889 3792 solatii
904 3747 994 3792 causa
1013 3735 1154 3804 tantum,
1171 3729 1286 3792 seclusa
1299 3729 1400 3792 detra-

119 3815 218 3880 hendi
236 3816 422 3890 intentione,
445 3815 538 3880 abcui
556 3816 654 3880 amico
673 3823 779 3880 narrat
802 3817 951 3898 injuriam
972 3817 1011 3881 ab
1032 3816 1091 3880 alio
1114 3817 1175 3880 sibi
1197 3816 1325 3894 factem,
1341 3815 1401 3880 etsi

120 3905 197 3968 inde
210 3905 313 3988 aliqua
326 3905 454 3969 infamia
467 3905 586 3969 auctori
599 3904 768 3987 proveniat.
781 3906 860 3970 Hinc
874 3906 1073 3988 pmbabiliter
1085 3911 1281 3982 excusantur,
1292 3907 1400 3970 saltem

120 4013 142 4057 a
156 3995 289 4071 mortali,
303 3994 412 4058 famuli
426 3996 599 4076 detegentes
612 3995 743 4078 injurias
762 3993 823 4058 sibi
843 3994 943 4058 illatas
957 4015 975 4058 a
989 3993 1134 4070 dominis,
1150 4013 1262 4058 uxores
1277 4015 1295 4058 a
1309 3994 1397 4072 viris,

119 4081 181 4146 filii
193 4101 211 4145 a
224 4091 324 4164 patre,
341 4082 519 4164 Religiosia
537 4084 679 4158 Pralato,
695 4089 768 4159 etc.;
789 4083 864 4164 quia
882 4089 988 4147 auctor
1001 4081 1124 4165 injurie
1141 4100 1204 4146 non
1220 4090 1400 4164 potestesse

118 4171 348 4234 rationabiliter
365 4171 501 4248 invitus,
520 4189 647 4254 remque
669 4177 733 4234 tarn
751 4171 906 4235 difficilem
920 4171 1053 4253 exigere,
1070 4177 1107 4232 ut
1120 4171 1211 4235 lasus
1230 4171 1336 4236 solatio
1351 4172 1400 4234 vel

120 4258 249 4324 oonsilio
263 4260 430 4324 necessario
442 4265 551 4323 careet.
566 4261 744 4324 Cavendum
759 4264 933 4336 esttamen,
952 4277 991 4323 ne
1005 4259 1125 4322 dicatur
1138 4260 1290 4341 pluribus,
1305 4267 1399 4342 atque

120 4348 261 4429 apertius
276 4349 456 4413 nominetur
469 4367 616 4430 persona,
631 4367 727 4431 quam
744 4367 864 4412 necesse
878 4349 920 4412 sit
934 4349 973 4412 ad
993 4346 1156 4412 consilium
1176 4350 1223 4412 vel
1240 4349 1395 4413 solatium.

121 4471 165 4484 -·
177 4435 213 4498 S.
229 4438 301 4520 Liq.
318 4458 350 4500 n.
363 4441 434 4502 973.

165 4528 200 4589 90
217 4529 284 4590 Non
297 4533 400 4610 peccat
413 4526 560 4609 graviter,
577 4527 746 4610 generatim
766 4528 934 4610 loquendo,
955 4527 1011 4610 qui
1024 4526 1139 4593 revelat
1156 4527 1290 4593 defectus
1304 4534 1395 4593 natu·
