3168 5002
452 193 742 240 raonosrrrouuu
766 193 1017 240 osuusrnnun
1325 185 1367 245 ’11

97 301 259 377 junctione
270 302 493 378 provenientis,
508 303 549 360 od
562 307 705 378 quartum
723 305 855 378 modom
864 304 959 378 juata
972 303 1092 362 ciuilem
1113 306 1368 381 conmutationem

98 400 151 458 per
171 382 288 440 tineam
307 381 462 440 lateralem
484 388 512 440 et
529 382 700 457 obliquam
718 385 763 442 ito
782 389 896 455 mutere,
917 389 952 441 ut
975 401 1043 459 epea
1065 384 1154 442 realta
1176 386 1372 460 relinquatur

99 462 338 538 dispensationis
350 462 539 520 obtinenda:

132 544 283 612 Quatenus
298 543 378 600 cirili
392 543 527 616 potestati
536 544 586 617 jus
599 544 730 602 attribuit
745 543 807 602 sive
816 542 949 602 abolendi
963 546 1024 603 sire
1042 547 1233 618 restringendi
1251 547 1373 623 impedi·

99 626 194 682 menta
213 625 352 682 Ecclesiae
370 624 539 682 auctoritate
559 625 716 681 constituta
732 624 777 682 rel
792 627 986 699 comprobata3
1003 626 1073 683 item
1093 643 1150 699 qua
1163 629 1244 700 parte
1263 643 1373 702 suppo-

100 704 151 774 nit,
163 703 325 761 Ecclesiam
341 721 391 779 per
404 705 574 778 potestatem
586 705 700 762 civilem
711 704 828 778 spoliari
840 721 925 778 pesse
935 707 1001 779 jure
1016 723 1068 764 suo
1082 706 1270 780 dispensandi
1285 722 1373 781 super

102 784 313 857 impedimentis
325 784 362 840 ab
377 784 442 858 ipsa
451 785 615 842 constitutis
626 783 673 842 vel
684 784 875 859 comprobetis
887 806 894 843 ε

135 864 289 922 Libertatis
304 880 337 922 ac
352 865 503 939 potestatis
518 863 653 923 Ecclesiae
669 865 855 936 subversiva,
868 866 1035 924 Tridentino
1055 867 1217 938 contraria,
1236 883 1271 924 cx
1287 868 1374 926 haere

19 951 20 962 ¹
169 943 252 1002 ticeli
267 959 354 1018 supra
365 944 498 1002 damnato
515 945 655 1020 principio
665 946 801 1019 prolecta.
1207 973 1209 976 ·

644 1147 680 1188 DE
698 1147 816 1190 osricus

165 1225 448 1280 usnmrnrlomUS,
468 1225 705 1270 rnsrlrunortmus
722 1227 759 1268 AD
778 1173 947 1270 nsd1tt1osuu
967 1227 1078 1270 CULTU!
1096 1229 1312 1272 PERTINBNHBUS

381 1389 416 1430 rr
433 1387 544 1430 rursus
563 1359 598 1429 ns
616 1388 763 1430 ιιιοιιιιιιιι
781 1389 959 1432 sussurim
977 1389 1091 1433 cunrsn

137 1587 181 1644 61.
197 1587 375 1662 Propositio,
391 1604 455 1660 quae
468 1588 590 1659 asserit,
602 1586 732 1645 odorere
748 1586 860 1645 directe
875 1589 1099 1646 haereaitatem
1123 1587 1254 1657 Christi,
1274 1589 1375 1664 mepta

105 1683 171 1725 vere
185 1666 326 1742 utiquam
341 1669 405 1742 ejus
412 1672 546 1743 partem,
558 1668 626 1742 fore
636 1685 754 1742 semper
770 1667 916 1726 bonorem
928 1667 1072 1726 divinum
1085 1669 1192 1725 datum
1211 1674 1376 1739 creaturam

138 1749 285 1816 Quatenus
300 1764 351 1822 per
362 1747 415 1806 hoc
428 1747 546 1805 verbum
556 1747 663 1806 directe
673 1747 804 1806 intendat
818 1748 968 1823 reprobare
983 1749 1158 1806 adorationis
1168 1749 1278 1806 cultum
1291 1766 1376 1823 quem

104 1827 202 1884 fideles
217 1827 348 1899 dirigunt
358 1827 394 1884 ed
409 1826 617 1885 humanitatem
637 1828 754 1897 Christi,
768 1829 886 1910 perinde
896 1845 930 1885 ac
944 1829 1048 1886 sitalie
1060 1829 1264 1901 adoratisque
1275 1829 1377 1886 huma-

104 1907 197 1964 uitas
188 1923 312 1982 ipsaque
325 1923 392 1964 caro
406 1907 521 1964 vivifica
535 1907 641 1966 Christi
654 1907 789 1964 adoratur
807 1924 865 1965 non
881 1908 997 1981 quidem
1018 1911 1132 1983 propter
1149 1925 1181 1966 se
1195 1910 1224 1965 et
1240 1911 1377 1982 tanquam

103 1987 177 2044 nuda
191 2003 267 2058 caro,
284 1987 335 2044 sed
351 1987 434 2061 prout
447 1988 531 2044 unita
544 1987 706 2056 divinitati,
718 1988 791 2045 toret
805 1988 895 2045 honor
906 1989 1022 2046 divinus
1042 1988 1206 2063 impertitus
1223 1990 1377 2060 creaturae,

104 2071 131 2123 et
144 2083 201 2124 non
215 2067 317 2203 ρο11ιιὲ
327 2083 385 2124 uua
399 2066 694 2142 eademqueadoretio
708 2083 765 2141 qua
783 2068 909 2126 Verbum
923 2069 1102 2126 incarnatum
1121 2083 1187 2126 cum
1202 2069 1317 2143 propria
1334 2069 1379 2142 ip·

105 2147 166 2204 sius
181 2162 298 2204 cernae
318 2149 429 2217 oretur;

136 2230 180 2285 Ex
191 2227 299 2285 Concil.
314 2227 364 2286 CP.
382 2230 424 2298 11,
437 2243 502 2299 geu.
522 2229 556 2297 V,
567 2245 631 2286 can.
649 2227 682 2285 9:

139 2307 237 2378 Falsa,
247 2307 380 2381 captiosa,
392 2308 439 2382 pio
451 2323 484 2364 ac
494 2307 591 2364 debito
605 2307 696 2366 cultui
711 2307 883 2365 humanitati
893 2307 999 2365 Christi
1014 2323 1032 2365 a
1046 2307 1180 2366 fidelibus
1200 2308 1328 2383 praestito
1342 2322 1376 2364 ac

177 2387 335 2460 prestando
349 2387 503 2444 detrahens
517 2389 547 2444 et
561 2388 711 2460 injuriosa.

210 2499 252 2558 De
265 2506 340 2558 oret.
355 2502 375 2576 5
389 2499 432 2558 10.

137 2585 180 2644 62.
196 2588 340 2658 Doctrina,
357 2604 422 2662 quaa
433 2587 614 2646 devotionem
625 2603 693 2660 ergo
708 2589 937 2646 sacratissimum
953 2589 1006 2647 Cor
1017 2591 1085 2646 Jesu
1096 2589 1192 2662 rejicit
1208 2589 1283 2646 inter
1296 2589 1378 2646 dero-

107 2667 194 2724 tiones
207 2684 280 2740 quas
294 2670 373 2725 notat
387 2666 468 2726 velut
480 2683 584 2738 noras,
597 2683 746 2738 erroneas,
760 2671 810 2726 aut
823 2669 926 2724 saltem
938 2668 1131 2742 periculosas;

138 2747 286 2805 intellecta
299 2748 336 2804 de
349 2747 403 2804 hac
415 2747 578 2818 devotione,
595 2747 688 2820 qualis
699 2751 745 2804 est
757 2748 793 2806 ab
808 2748 968 2821 apostolica
982 2747 1055 2806 Sede
1071 2747 1208 2822 probata:

20 2869 26 2896 ,
138 2828 235 2899 Falsa,
257 2829 428 2898 temeraria,
447 2828 623 2902 perniciosa,
648 2828 761 2902 piarum
775 2829 889 2886 aurium
904 2829 1057 2898 odeneira,
1078 2829 1110 2886 in
1123 2826 1310 2902 apostolicam
1331 2829 1379 2886 Se·

173 2908 237 2965 dem
252 2907 404 2981 injuriosa.

206 3019 249 3078 De
262 3021 370 3096 παις
386 3019 420 3078 to
434 3025 462 3078 et
476 3019 607 3096 append.
621 3039 654 3078 u.
669 3020 716 3078 31.

138 3107 181 3166 63.
194 3111 281 3180 Item,
293 3109 324 3166 in
338 3125 372 3166 ee
385 3108 461 3181 quod
473 3108 597 3166 cultores
612 3108 712 3168 Cordis
727 3109 798 3165 Jesn
811 3107 864 3165 hoc
878 3106 966 3166 etiam
979 3107 1095 3166 nemine
1108 3109 1215 3182 arguit,
1230 3108 1305 3183 quod
1320 3123 1376 3165 non

102 3187 261 3258 advertant,
278 3189 492 3246 sanctissimam
504 3205 618 3246 carnem
630 3188 736 3246 Christi
752 3190 803 3245 eut
820 3187 884 3261 ejus
898 3189 1008 3262 partem
1022 3187 1149 3261 aliquam
1161 3190 1211 3246 eut
1224 3191 1311 3245 etiam
1323 3187 1378 3244 hu·

104 3268 271 3324 manitatem
285 3269 375 3326 totam
386 3283 451 3325 cum
466 3268 647 3342 separatione
659 3269 709 3324 aut
721 3267 890 3342 praecisione
902 3283 919 3325 a
932 3267 1083 3326 divinitate
1097 3268 1211 3326 adorari
1225 3283 1281 3324 uon
1291 3282 1377 3341 posse

104 3345 182 3404 cultu
195 3348 303 3420 latriae3

138 3429 227 3497 Quasi
239 3427 340 3485 fideles
352 3429 405 3486 Cor
418 3430 487 3486 Jesu
501 3428 654 3485 adorarent
663 3443 728 3485 cum
744 3428 925 3502 separatione
938 3427 984 3484 rel
999 3427 1198 3502 praecisionea
1212 3425 1373 3496 divinitate,

104 3507 172 3563 dnm
185 3506 259 3565 illud
273 3509 393 3565 adorant
402 3510 434 3565 ut
448 3509 494 3565 est
505 3508 558 3565 Cor
568 3508 645 3576 Jesu,
659 3507 713 3565 Cor
726 3524 828 3581 nempe
838 3523 968 3582 personae
978 3506 1074 3578 Verbi,
1083 3509 1131 3566 cui
1146 3503 1377 3581 inseparabiliter

105 3589 215 3644 unitum
227 3590 283 3660 est,
298 3587 334 3644 ad
349 3605 415 3645 aum
429 3587 546 3644 modum
558 3603 615 3661 quo
629 3603 776 3658 exsangue
797 3602 900 3661 corpus
915 3586 1021 3644 Christi
1041 3587 1072 3643 in
1086 3589 1181 3646 triduo
1197 3585 1297 3643 mortis
1312 3585 1377 3642 aine

28 3727 39 3752 ⁹
104 3669 282 3742 separatione
296 3669 346 3726 aut
357 3667 525 3743 praecisione
538 3683 556 3723 a
570 3666 722 3724 divinitate
737 3666 883 3723 adorabile
897 3667 953 3724 luit
966 3667 996 3723 in
1012 3667 1162 3742 sepulcro:

229 3749 377 3823 Coptiosa,
393 3748 422 3804 in
436 3746 538 3806 fideles
551 3747 651 3805 Cordis
661 3746 767 3805 Christi
777 3746 902 3804 cultores
914 3746 1065 3820 iniuriosa.

287 3939 322 3982 DE
341 3939 443 3982 ounlun
462 3937 637 3982 rememoro
658 3939 686 3981 111
705 3938 761 3982 ens
779 3939 1046 3982 nnncrrurlouleos
1063 3933 1196 3980 OBEUNDIS

210 4061 255 4120 De
268 4065 346 4120 oret.
361 4061 444 4136 514,
456 4061 585 4136 append.
601 4078 633 4118 n.
649 4060 694 4119 31.

138 4149 185 4206 61.
201 4148 351 4218 Doctrina,
373 4165 436 4222 quea
450 4148 530 4206 velut
547 4149 777 4222 superstitiosam
792 4148 926 4206 universe
940 4149 1019 4205 notat
1040 4159 1263 4220 quamcumque
1276 4144 1378 4219 efficu-

103 4228 203 4299 ca'em,
228 4245 295 4304 quae
323 4233 460 4303 portetur
484 4227 520 4285 in
545 4227 743 4286 determinato
766 4244 894 4284 numere
920 4243 1046 4301 precum
1069 4229 1097 4282 et
1117 4224 1245 4300 pteram
1266 4225 1379 4282 rotato-

105 4311 287 4462 tteffiam
300 4388 503 4464 superstitiosa
515 4387 746 4446 censendaesset
761 4387 899 4456 efficacia,
915 4401 979 4458 qua
996 4385 1121 4443 sumitur
1137 4400 1194 4443 non
1208 4401 1244 4443 ex
1258 4399 1377 4442 numero

106 4468 136 4525 in
149 4484 182 4526 se
196 4469 339 4544 spectato,
356 4469 407 4526 sed
421 4484 457 4527 ex
471 4467 636 4542 prescripto
647 4467 785 4526 Ecclesia
803 4467 911 4526 certum
925 4481 1077 4525 numerum
1096 4481 1212 4541 precum
1231 4463 1277 4524 vel
1290 4465 1378 4523 exter
