3136 5034
561 315 605 359 ns
626 313 897 360 cournxorrnns
1295 305 1362 366 tue

101 427 203 509 quenti
221 426 327 489 minus
350 425 473 488 emisset
494 431 626 505 emptor;
644 424 717 506 quia
735 443 821 487 secus
837 426 923 488 nulla
941 424 1003 488 fere
1017 426 1152 489 venditio
1171 427 1237 490 fieri
1250 439 1360 510 posset.

100 551 137 562 -
149 515 179 578 Si
190 523 295 578 autem
310 513 451 577 venditor
466 535 526 576 noo
541 517 581 575 sit
595 514 813 595 iuterrcpctur,
834 520 865 576 et
879 513 994 576 vitium
1010 515 1163 577 occultum
1177 535 1240 579 non
1258 519 1365 582 reddet

99 622 162 666 rem
182 603 340 677 inutilem,
357 621 411 684 pro
436 603 554 666 ratione
576 601 647 666 vitii
670 601 804 683 pretium
826 601 966 666 minuere
988 603 1087 667 debet.
1103 603 1191 667 Ratio
1209 612 1271 684 est,
1291 607 1365 688 quia

99 692 240 755 aliterrcs
252 691 349 773 pluris
361 691 552 767 venderetur,
568 709 664 772 quam
678 690 789 754 valeat.

137 781 210 842 Dico
222 786 275 845 3⁰:
290 779 437 843 venditor
455 798 517 842 non
537 786 660 842 tenetur
673 799 730 861 per
745 799 775 841 ee
789 781 946 843 ostendere
963 779 1042 843 vitia
1054 780 1100 842 rei
1113 781 1310 845 accidentalia
1328 785 1364 846 de

99 887 129 932 se
150 869 323 942 manifesta,
339 869 428 930 modo
449 867 617 931 imminuat
636 868 771 947 pretimu
786 887 841 949 pro
859 875 927 931 rata
944 867 1087 931 detectus.
1105 869 1194 934 Ratio
1214 877 1276 946 est,
1291 872 1365 952 quia

99 963 170 1022 tune
183 977 245 1020 non
258 957 294 1020 fit
307 956 423 1038 injuria
436 957 582 1039 emptori,
597 975 651 1020 nec
665 957 783 1019 ratione
794 956 899 1037 pretii,
916 958 998 1036 quod
1013 956 1224 1034 imminuitur,
1245 977 1301 1022 nec
1316 977 1365 1024 ra·
1399 1030 1401 1034 ,

97 1047 177 1109 tione
191 1046 270 1120 vitii,
288 1045 408 1125 quodsi
422 1065 485 1108 non
497 1046 608 1109 viderit
618 1051 747 1126 emptor,
765 1044 823 1108 sibi
838 1045 993 1126 imputare
1007 1045 1106 1108 debet.
1122 1046 1233 1128 Excipe
1247 1055 1362 1125 tomen,

94 1133 153 1197 nisi
168 1142 287 1215 emptor
299 1135 340 1197 sit
354 1135 440 1196 valde
455 1134 556 1208 rudiS,
572 1134 646 1214 quia
660 1141 798 1214 respectu
814 1132 898 1196 illius
912 1133 1025 1196 vitium
1044 1141 1184 1198 censetur
1196 1137 1362 1200 occultum.

91 1223 201 1304 Excipe
219 1223 325 1297 etiam,
341 1223 367 1285 si
380 1223 521 1286 venditor
533 1222 702 1304 specialiter
712 1222 917 1304 intermgetur
929 1222 966 1283 de
980 1219 1036 1284 tali
1049 1221 1175 1286 deiectu.
1189 1261 1229 1270 -
1240 1223 1277 1288 S.
1291 1226 1362 1308 [ἐς.

89 1333 120 1373 n.
135 1317 211 1378 823.

129 1405 200 1466 883.
219 1435 259 1445 -
273 1402 374 1476 Qnmn.
399 1404 433 1462 2⁰
454 1400 504 1462 An
523 1400 663 1464 venditor
676 1409 818 1463 teneatur
831 1400 867 1462 de
885 1399 1022 1462 omuibus
1036 1399 1153 1463 &mnia
1171 1403 1299 1465 ervitio
1317 1405 1364 1467 rei

89 1491 222 1554 venditae
234 1490 443 1572 sequentibus?

129 1579 225 1662 Resp.
243 1598 256 1640 .·
268 1583 337 1643 Nou
350 1584 483 1653 tenetur,
499 1579 561 1642 nisi
573 1581 609 1642 de
621 1579 742 1642 darnuis
757 1577 910 1658 praevisis;
924 1577 998 1660 quia
1014 1597 1076 1640 non
1092 1578 1194 1659 potuit
1214 1581 1365 1662 suscipere

89 1667 311 1748 obligationem
327 1669 427 1748 quoad
444 1687 494 1744 ee,
511 1687 580 1749 quae
591 1687 631 1731 ne
641 1669 676 1731 in
688 1666 812 1730 confuso
824 1667 949 1748 quidem
969 1667 1125 1748 previdit,
1142 1674 1178 1730 ut
1194 1675 1312 1732 constat
1326 1689 1364 1735 ex

89 1757 180 1820 dictis
191 1757 229 1819 in
241 1765 328 1818 tract.
342 1757 377 1818 de
390 1756 518 1820 tortitia
525 1803 535 1834 ,
548 1779 578 1819 n.
590 1761 662 1822 658.

129 1847 233 1920 Quum.
251 1849 283 1909 3⁰
296 1845 346 1907 Ad
360 1846 436 1928 quid
449 1857 585 1909 teneatur
596 1846 738 1909 venditor
750 1844 851 1927 quoad
860 1846 908 1907 rei
920 1842 1135 1908 traditionem?
1167 1875 1174 1894 ·

130 1935 226 2016 Resp.
241 1953 254 1994 .·
269 1939 301 1996 l⁰
316 1939 392 1999 Rem
406 1942 437 1998 et
449 1935 611 1999 accessoria
627 1935 744 1997 tradere
758 1933 888 2015 emptori
902 1933 991 1996 debet
1002 1934 1065 1996 loeo
1079 1940 1110 1996 et
1120 1934 1227 2009 modo,
1243 1936 1281 1999 de
1294 1937 1362 2018 qui-

88 2024 149 2087 bus
173 2023 210 2086 iu
233 2029 392 2086 contractu
413 2031 600 2088 conventum
620 2031 684 2099 est;
710 2027 744 2086 2⁰
769 2039 834 2084 rem
856 2023 957 2084 tradet
975 2026 1090 2085 statuto
1108 2029 1256 2103 tempore,
1279 2043 1363 2088 secus

87 2117 212 2192 emptor
226 2111 435 2174 rescissionem
449 2116 623 2176 contractus
636 2115 690 2174 aut
703 2110 939 2174 indemnitatem
951 2117 1052 2191 petere
1065 2117 1181 2191 potest;
1197 2117 1229 2176 3⁰
1239 2117 1363 2176 tenetur

87 2201 212 2263 tradere
225 2217 291 2262 rem
305 2218 433 2263 vacuam
443 2200 482 2263 ab
495 2200 622 2264 alterius
633 2199 820 2282 possessione
832 2205 863 2261 et
876 2198 944 2262 aliis
954 2199 1098 2262 oneribus
1110 2199 1308 2264 inconsuetis.

129 2292 203 2353 88t.
218 2323 258 2334 -·
278 2290 379 2364 Quen.
398 2293 430 2352 t⁰
445 2288 496 2351 Ad
512 2290 590 2372 quid
604 2298 744 2351 teneatur
759 2287 907 2363 venditor,
924 2289 955 2349 ei
966 2307 1013 2350 reu
1025 2298 1131 2371 pereat
1148 2297 1217 2352 ante
1232 2289 1280 2352 vel
1290 2301 1365 2372 post

87 2377 305 2439 traditionem?

127 2465 222 2548 Rerp.
239 2470 272 2527 l⁰
287 2485 294 2528 :
311 2466 359 2528 Ad
378 2465 458 2528 nihil
475 2472 607 2543 tenetur,
624 2469 651 2530 si
667 2487 715 2530 res
734 2473 837 2547 pereat
855 2471 926 2529 ante
945 2465 1143 2528 traditionem
1159 2485 1197 2546 ex
1215 2485 1288 2530 casu
1303 2467 1363 2531 lor-

84 2555 181 2618 tuito.
207 2553 297 2618 Ratio
315 2561 378 2629 est,
395 2573 433 2618 ex
450 2553 525 2618 Jcre
546 2554 675 2636 Gallim,
694 2555 768 2637 quia
786 2573 835 2617 res
855 2554 935 2635 perit
953 2553 1094 2628 domino,
1107 2554 1140 2618 id
1158 2561 1204 2618 est
1219 2556 1362 2638 emptori.

81 2645 137 2707 lea
159 2641 257 2706 etiam
280 2641 360 2724 (nisi
379 2644 467 2707 aliter
482 2650 669 2708 conventum
689 2643 800 2724 fuerit)
817 2643 985 2706 tenendum
1000 2649 1099 2706 estex
1114 2643 1189 2706 lure
1205 2644 1360 2722 Romano,

81 2733 158 2796 licet
182 2731 324 2794 venditor
347 2736 446 2794 servet
471 2733 515 2795 rei
538 2733 714 2796 dominium
736 2733 830 2795 denec
847 2731 960 2793 tradita
980 2730 1073 2792 buerit
1080 2751 1087 2805 ;
1109 2731 1182 2812 quia
1205 2750 1269 2805 res,
1294 2749 1362 2814 qum

80 2821 231 2884 nondum
251 2825 298 2880 est
321 2819 483 2898 emptoris,
498 2821 558 2900 ipsi
580 2826 683 2882 tamen
706 2826 753 2880 est
775 2817 922 2897 obligata,
939 2823 970 2879 et
991 2825 1132 2879 servatur
1149 2820 1304 2882 tradenda.
1321 2855 1361 2865 -

80 2911 122 2973 S.
140 2908 217 2988 Lep.
232 2925 264 2966 n.
280 2909 350 2969 888.

124 2997 221 3076 Recp.
238 2997 287 3056 2⁰:
304 2993 397 3057 Sires
414 3001 516 3074 pereat
533 3002 605 3058 ante
621 2992 820 3058 traditionem
834 3011 872 3056 ex
888 2992 975 3073 culpe
988 2993 1172 3068 venditoris,
1189 2999 1311 3060 tenetur
1323 2999 1360 3061 de

79 3084 187 3170 pretio
203 3087 233 3144 et
248 3081 423 3162 sumptibus
437 3089 624 3157 contractus,
642 3081 791 3163 quierem
806 3087 842 3144 ut
857 3099 945 3144 suern
957 3080 1108 3143 custodire
1122 3082 1258 3146 debebat.
1273 3111 1291 3142 ο
1378 3119 1380 3122 -

124 3175 220 3256 Resp.
237 3175 290 3234 3⁰:
305 3170 336 3232 Si
352 3189 400 3234 res
418 3177 522 3252 pereat
538 3179 607 3253 post
623 3170 821 3234 traditionem
839 3187 877 3232 ex
894 3168 970 3232 vitio
989 3168 1171 3243 intrinseco,
1188 3173 1268 3251 quod
1282 3177 1359 3236 tenr-

78 3282 157 3346 pore
182 3258 357 3323 traditionis
379 3260 563 3337 exsistebat,
587 3263 709 3324 tenetur
738 3258 853 3339 pariter
881 3256 1042 3321 restituere
1069 3258 1198 3340 emptori
1226 3261 1360 3340 pretium

79 3355 264 3432 acceptum,
289 3353 320 3410 et
341 3349 453 3412 solvere
472 3367 618 3430 expensos
641 3354 830 3423 contractus,
848 3347 875 3410 si
896 3365 963 3429 que
989 3344 1062 3408 sint.
1087 3346 1175 3410 Ratio
1198 3355 1259 3422 est,
1286 3349 1359 3431 quia

77 3437 230 3504 vendidit
246 3454 312 3499 rem
331 3437 489 3514 inutilem,
506 3457 561 3502 seu
583 3436 699 3500 nullius
717 3436 848 3499 valoris:
865 3454 935 3518 erge
955 3433 1056 3497 aufuit
1072 3435 1106 3498 in
1126 3440 1260 3517 emptore
1276 3456 1360 3501 error

77 3531 166 3593 circa
182 3525 388 3589 substantiam
402 3533 591 3602 contractum
607 3543 676 3606 ergo
691 3531 863 3588 contractus
877 3524 982 3587 nullus
996 3529 1044 3586 est
1059 3523 1176 3587 defectu
1193 3543 1358 3590 consensus

76 3623 111 3682 et
122 3617 229 3698 ipsius
243 3615 393 3692 materiae,
410 3634 478 3697 quae
493 3616 576 3678 nullo
590 3614 686 3695 pretio
699 3620 764 3677 erat
777 3613 978 3677 aestimabilis.

121 3709 201 3772 885.
217 3739 257 3750 -
273 3705 374 3779 Quen.
395 3709 428 3768 5⁰
454 3705 595 3782 Quonam
615 3705 678 3766 sint
697 3701 898 3786 obliqotiouee
915 3701 1060 3784 speciales
1078 3703 1219 3786 ereptoris
1224 3748 1235 3777 ,
1252 3722 1302 3765 seu
1317 3703 1359 3765 ad

75 3795 162 3882 quid
173 3801 315 3855 teneatur
325 3793 444 3857 ratione
456 3795 566 3878 pretii,
582 3795 648 3877 ejus
662 3793 804 3874 fenoris,
820 3791 869 3853 oet
876 3793 1095 3872 expensarum?

120 3885 222 3962 Resp.
239 3887 271 3944 l⁰
286 3901 293 3943 :
310 3887 443 3946 Tenetur
453 3883 567 3946 solvere
583 3881 719 3964 pretium
731 3881 805 3955 loco,
817 3887 953 3962 tempore
964 3881 1094 3943 etmodc
1108 3879 1311 3944 determinato
1324 3881 1360 3946 in

73 3977 262 4045 eontraotu;
284 3989 369 4034 secus
389 3972 530 4035 venditor
553 3977 652 4053 potest
679 3976 853 4034 contractus
872 3967 1083 4032 rescissionem
1107 3973 1224 4050 petere,
1248 3970 1309 4044 vel,
1331 3970 1358 4032 si

72 4059 226 4132 mavult,
243 4058 281 4121 ad
297 4059 481 4122 solutionem
494 4060 586 4141 pretii
600 4077 713 4140 cogere.

119 4150 224 4226 Resp.
252 4151 301 4210 te:
318 4151 452 4210 Tenetur
470 4149 584 4212 solvere
605 4148 705 4211 foenus
727 4165 781 4227 pro
803 4146 900 4227 pretio
923 4163 985 4208 non
1004 4146 1102 4209 soluto
1119 4147 1201 4209 adie
1217 4165 1358 4228 quorem

69 4234 238 4322 possidet,
260 4236 287 4298 si
306 4253 354 4298 res
376 4235 418 4299 sit
438 4235 599 4318 frugifera,
618 4236 689 4299 lieet
710 4253 764 4316 per
781 4234 918 4298 accidens
942 4233 1042 4297 nullos
1061 4233 1178 4296 tructus
1202 4235 1318 4298 dederit
1339 4255 1357 4298 a

69 4337 224 4404 tempore
244 4323 449 4400 venditioniS,
466 4325 528 4388 nisi
547 4323 690 4388 venditor
707 4322 885 4386 dilationem
905 4323 943 4385 ad
964 4321 1143 4386 solvendum
1162 4322 1293 4404 emptori
1306 4325 1356 4387 de

68 4413 180 4487 derit;
199 4411 349 4493 quianon
367 4420 414 4476 est
430 4431 571 4496 aequum,
588 4419 624 4476 ut
643 4419 762 4493 emptor
781 4410 875 4474 simul
892 4428 956 4473 rem
976 4417 1007 4473 et
1025 4409 1160 4490 pretium
1182 4411 1302 4474 habeat.
1325 4412 1356 4475 Si

67 4523 152 4568 vero
168 4517 221 4562 res
234 4519 297 4564 nou
311 4501 353 4564 sit
366 4499 538 4577 fructifera,
555 4521 618 4566 nou
634 4507 754 4565 tenetur
767 4502 806 4563 ad
819 4498 919 4564 ioeuus
932 4499 1113 4564 solvendum
1126 4548 1134 4576 ,
1147 4499 1209 4563 nisi
1223 4500 1259 4564 in
1272 4518 1358 4565 mora

67 4587 232 4672 culpabili
245 4589 353 4665 buerit,
367 4608 423 4655 nee
435 4592 524 4657 aliter
536 4597 723 4656 conventum
737 4589 788 4653 sit.

176 4703 360 4750 com-rou.
375 4706 395 4751 1.
1218 4695 1249 4746 34
