3168 5002
187 265 231 326 30
612 275 736 320 sentes
762 269 1037 322 cunououoerua

221 389 267 444 tl.
283 387 425 462 Operibus
440 385 587 460 plerisque
603 401 666 459 quae
682 402 699 442 a
713 383 848 442 fidelibus
861 385 935 442 fiunt
950 385 1044 444 solum
1058 387 1091 444 ut
1105 387 1155 444 Dei
1170 389 1313 446 mundatis
1328 395 1461 464 pareant,

187 467 348 542 cujusmodi
380 469 447 523 sunt
475 467 591 524 obedire
620 466 808 540 parentibus,
835 466 997 538 depositum
1025 465 1161 540 reddere,
1185 469 1222 525 ab
1246 469 1420 542 homicidio,
1447 491 1464 529 a
1582 469 1583 538 ᾗ

186 550 277 619 furto,
296 563 314 603 a
332 546 519 603 fornicatione
538 546 696 615 abstinere,
714 545 911 619 justificantur
933 547 1048 620 quidem
1071 546 1217 619 homines,
1241 551 1308 624 quia
1332 554 1399 608 sunt
1422 551 1465 609 le·
1582 552 1583 566 ¹

187 629 232 700 gis
251 627 414 684 obedientia
432 629 461 684 et
474 642 543 684 vera
563 625 637 699 legis
649 626 786 699 justitia:
807 642 864 684 non
883 628 979 684 mmen
1003 627 1040 684 iis
1062 627 1191 685 obtinent
1213 631 1391 688 incrementa
1407 634 1465 690 vir-

189 711 467 853 effi-sacrificium
485 793 580 850 ltissae
603 810 659 849 non
679 792 736 849 alia
754 753 865 850 ratione
882 795 927 849 est
947 794 1135 865 sacrificium,
1155 811 1240 868 quam
1262 798 1390 869 generali
1412 799 1465 856 illa

187 893 244 950 qua
255 891 338 932 omne
352 890 424 948 opus
439 874 514 946 quod
529 873 607 930 litut
623 875 720 930 sancta
732 875 867 930 societate
886 877 946 930 Deo
956 873 1041 931 homo
1054 874 1201 933 inbaereat

222 971 267 1029 46,
288 972 330 1028 Ad
352 972 492 1027 rationem
515 971 624 1044 peccati
648 986 705 1026 non
729 969 853 1042 pertinet
875 967 1084 1040 voluntarium,
1110 988 1163 1029 nec
1190 973 1367 1031 definitionis
1389 991 1466 1048 quee-
1582 1021 1583 1028 ,

189 1053 245 1110 stio
259 1057 319 1123 est,
336 1051 386 1107 sed
397 1066 491 1108 causae
503 1053 533 1107 et
544 1051 683 1122 originis,
698 1051 794 1106 utrum
809 1065 893 1106 omno
904 1052 1053 1123 peecatum
1064 1051 1167 1108 debeat
1180 1067 1247 1110 esse
1261 1053 1463 1112 voluntarium.

223 1141 267 1196 ll.
288 1140 369 1197 Unde
380 1139 527 1212 peecatum
542 1137 661 1209 originis
671 1154 737 1193 vere
750 1136 837 1193 hahet
850 1137 991 1194 rationem
1001 1140 1110 1212 peccati
1126 1141 1189 1197 sine
1203 1139 1264 1197 ulla
1277 1140 1415 1198 relatione
1430 1157 1464 1198 ac

188 1221 322 1294 respectu
333 1219 370 1276 ad
384 1217 559 1274 voluntatem
571 1233 589 1274 a
603 1233 659 1290 qua
674 1217 813 1288 originem
828 1215 941 1274 habuit.

223 1305 269 1364 18.
287 1309 439 1364 Peccatum
457 1305 577 1376 originis
592 1307 637 1361 est
649 1303 790 1360 habituali
806 1305 918 1378 parvuli
940 1304 1090 1362 voluntate
1110 1305 1321 1378 voluntarium,
1340 1310 1369 1365 et
1387 1309 1465 1366 habi·
1582 1319 1583 1324 ’

189 1386 306 1444 tualiter
325 1387 488 1443 dominatur
511 1384 630 1459 paruulo
653 1384 809 1456 :eoquod
832 1401 888 1440 non
910 1385 983 1456 gerit
1007 1387 1182 1444 contrarium
1205 1388 1363 1445 voluntatis
1389 1389 1467 1446 arbi-
1582 1407 1583 1412 ¹

188 1470 324 1611 tezagam
335 1569 370 1610 ex
384 1550 525 1609 habituali
540 1550 688 1608 voluntate
700 1551 865 1606 dominante
880 1550 926 1623 tit,
944 1553 977 1608 ut
993 1551 1129 1625 parvulus
1148 1553 1289 1610 decedens
1307 1557 1371 1612 sine
1386 1571 1467 1628 rege·

188 1634 346 1691 uenationis
360 1634 556 1702 Sacramenta,
570 1633 684 1704 quando
699 1647 785 1688 usum
804 1631 924 1687 rationis
939 1634 1110 1689 consecutus
1123 1634 1193 1704 erit,
1208 1634 1361 1692 actualiter
1373 1639 1465 1694 Deum

188 1716 253 1772 odio
265 1714 382 1783 habeat,
395 1716 485 1770 Deum
495 1711 692 1785 blasphemet,
707 1714 736 1768 et
749 1711 806 1782 legi
819 1712 870 1768 Dei
884 1714 1035 1784 repugnet.

224 1812 267 1868 50.
284 1815 372 1868 Prava
390 1809 534 1866 desideria
548 1808 652 1880 quibus
674 1809 747 1864 ratio
764 1823 822 1864 non
840 1808 1108 1882 consentit,etquae
1119 1808 1205 1867 homo
1219 1811 1327 1868 invitus
1343 1813 1463 1886 patitur,

189 1893 257 1950 sunt
269 1891 412 1967 prohibita
426 1889 565 1964 praecepto
577 1887 650 1945 Non
663 1888 863 1960 concupisces.

223 1981 268 2036 at.
285 1976 535 2050 Concupiscentia,
556 1975 618 2030 sive
632 1973 678 2031 lex
693 1976 899 2045 membrorum,
916 1977 945 2032 et
958 1989 1046 2051 prava
1062 1978 1125 2050 ejus
1142 1977 1286 2034 desideria
1301 1993 1365 2052 quae
1379 1981 1465 2036 inriti

189 2060 318 2116 sentiunt
329 2057 475 2124 homines,
490 2057 558 2111 sunt
570 2071 638 2110 vera
652 2053 726 2126 legis
740 2055 944 2112 inobedientia.

224 2145 268 2202 52:
289 2146 380 2202 Omne
402 2141 497 2200 scelus
512 2145 557 2198 est
574 2143 637 2214 eius
657 2141 846 2211 conditionis,
863 2143 895 2198 ut
910 2157 995 2200 suurn
1015 2145 1159 2201 auctorem
1177 2148 1206 2201 et
1220 2161 1320 2202 omnes
1334 2148 1464 2220 posteros
1582 2215 1583 2220 .

187 2241 221 2282 eo
236 2225 319 2281 modo
333 2221 450 2278 inficere
461 2223 553 2296 possit
562 2264 569 2291 ,
577 2239 632 2295 quo
644 2222 741 2278 infecit
753 2223 845 2295 prima
856 2224 1059 2294 transgressio.

225 2311 268 2369 53.
290 2311 434 2381 Quantum
446 2312 491 2366 est
504 2327 540 2366 ex
561 2311 589 2365 vi
606 2311 858 2382 transgressionis,
874 2311 986 2367 mutum
1005 2312 1171 2368 meritorum
1187 2311 1328 2368 malorum
1347 2330 1363 2370 a
1382 2331 1465 2386 gene-

188 2403 270 2458 rante
281 2399 453 2458 contrahunt
466 2399 515 2472 qui
530 2415 595 2456 cum
610 2399 771 2456 minoribus
782 2400 1040 2468 nascunturvitiis‚
1052 2417 1137 2472 quam
1151 2402 1200 2473 qni
1213 2417 1279 2458 cum
1294 2403 1462 2475 majoribus.

225 2489 269 2545 51.
289 2487 441 2544 Definitiva
452 2487 513 2542 haec
524 2487 681 2558 sententia,
692 2489 781 2543 Deum
792 2487 901 2543 homini
914 2487 986 2543 nihil
999 2487 1179 2561 impossihile
1194 2490 1378 2562 praecepisse,
1390 2489 1464 2548 falso

190 2567 326 2625 tribuitur
338 2567 512 2639 Augustino,
526 2583 591 2624 cum
606 2566 714 2638 Pelagii
731 2567 777 2622 sit.

225 2657 270 2713 55.
291 2657 367 2712 Deus
383 2671 439 2710 non
449 2654 590 2729 potuisset
604 2654 640 2710 ab
650 2653 733 2710 initio
746 2654 834 2710 talem
847 2669 944 2712 creare
953 2653 1110 2720 hominem,
1124 2655 1220 2729 qualis
1235 2667 1310 2713 nunc
1322 2656 1463 2714 nascitur.

226 2743 270 2801 56.
291 2745 322 2800 ln
337 2744 452 2816 peccato
465 2743 521 2798 duo
537 2743 618 2812 sunt,
632 2743 713 2798 actus
729 2745 757 2798 et
769 2746 886 2800 reatus:
903 2744 1069 2800 transeunte
1084 2745 1179 2800 autem
1194 2747 1272 2814 actu,
1284 2743 1356 2800 nihil
1367 2748 1466 2803 manet
1582 2751 1583 2754 ’

190 2825 248 2882 nisi
263 2827 359 2898 reatus
370 2823 430 2879 sive
445 2821 581 2893 obligatio
595 2822 630 2878 ad
646 2837 769 2896 posnam.

226 2912 270 2969 57.
297 2912 378 2970 Unde
408 2912 437 2967 in
473 2912 650 2966 sacramento
679 2910 901 2984 baptismi-aut
934 2909 1089 2966 sacerdotis
1123 2909 1317 2983 absolutione,
1351 2913 1466 2986 proprie
1582 2953 1583 2960 .

191 2994 286 3128 reassus
310 2991 419 3065 peccati
441 2991 577 3048 dunmrat
598 2989 718 3058 tollitur,
743 2993 772 3047 et
795 2990 988 3047 ministerium
1010 2991 1188 3047 sacerdotum
1210 2991 1302 3048 solum
1324 2987 1467 3049 liberata

190 3089 239 3130 rea
252 3089 281 3129 u.

226 3159 271 3216 58.
292 3160 424 3216 Peccator
436 3158 578 3232 poenitens
589 3173 645 3213 non
655 3157 817 3214 vivificatur
829 3157 991 3214 ministerio
1006 3157 1161 3214 sacerdotis
1177 3156 1370 3228 absolventis,
1383 3159 1434 3216 sed
1448 3178 1467 3216 a
1582 3161 1583 3166 ’

193 3239 339 3308 sotadeo,
356 3239 420 3311 qui,
434 3237 633 3313 penitentiam
652 3253 810 3308 suggerens
825 3240 853 3294 et
863 3235 1009 3310 inspirans
1020 3237 1147 3295 vivificat
1162 3253 1228 3295 oum
1244 3241 1273 3296 et
1286 3241 1464 3297 resuscitat:

190 3320 350 3378 ministerio
360 3322 456 3374 autem
470 3317 626 3374 sacerdotis
637 3315 731 3374 solum
741 3319 837 3374 reatus
852 3317 973 3386 tollitur.

227 3407 271 3465 59.
290 3405 409 3476 Quando
423 3419 475 3478 per
491 3403 688 3477 eleemosynas
707 3403 821 3476 aliaque
836 3405 1010 3478 poenitentiae
1025 3419 1111 3480 opera
1125 3407 1182 3462 Deo
1204 3407 1398 3464 satisfacimus
1413 3425 1466 3481 pro
1582 3417 1583 3424 ’

191 3489 285 3562 poenis
303 3485 524 3559 temporalibus,
546 3501 602 3541 non
623 3485 740 3556 dignum
755 3485 879 3558 pretium
893 3487 950 3543 Deo
965 3501 1015 3560 pro
1034 3487 1282 3560 peccatisnostris
1301 3487 1464 3558 offerimus,

193 3570 267 3625 sicut
281 3567 396 3641 quidam
411 3567 540 3622 errantes
554 3567 705 3622 autumant
717 3567 799 3638 [nam
814 3565 922 3638 alioqui
935 3579 1080 3634 essemus,
1098 3567 1200 3623 saltem
1215 3567 1311 3640 aliqua
1321 3579 1356 3622 ex
1369 3571 1464 3642 parte,

193 3649 419 3722 redemptorestz
436 3645 486 3701 sed
501 3643 611 3718 aliquid
624 3646 746 3702 facimus
764 3648 847 3719 cnjus
862 3646 971 3702 intuitu
983 3645 1090 3718 Christi
1105 3646 1263 3705 satisfactio
1277 3647 1363 3704 nobis
1373 3647 1468 3722 appli-

192 3731 282 3799 catur,
298 3731 327 3785 et
341 3726 576 3784 communicatur.

227 3815 271 3872 60.
293 3817 346 3872 Per
357 3815 507 3890 passiones
518 3814 686 3870 Sanctarum
704 3815 734 3870 in
749 3811 937 3883 indulgentiis
953 3814 1178 3871 communicatas
1193 3831 1249 3872 non
1264 3817 1376 3890 proprie
1391 3817 1468 3872 redi-

191 3898 309 3952 muntur
320 3897 418 3952 nostra
431 3893 536 3950 delicta
553 3914 560 3950 :
577 3895 628 3950 sed
641 3911 692 3966 per
706 3892 1097 3953 communionemcbarltatis
1110 3897 1192 3952 nobis
1205 3911 1303 3952 eorum
1314 3896 1466 3969 passiones

192 3975 404 4048 impertiuntur,
421 3976 454 4032 ut
470 3973 549 4046 digni
569 3975 660 4031 simus
675 3974 724 4046 qui
742 3973 832 4047 pretio
846 3973 1002 4044 Sanguinis
1016 3974 1152 4033 christia
1167 3977 1260 4048 poenis
1273 3991 1324 4050 pro
1339 3978 1466 4051 peccatis

192 4053 298 4112 debitis
310 4051 474 4112 liberemur.

227 4139 274 4197 ot..
293 4137 346 4196 illa
360 4141 507 4200 doctorum
524 4141 685 4209 distinctio,
708 4139 813 4197 diuina
832 4139 906 4210 legis
926 4141 1061 4200 mandata
1076 4143 1204 4199 bifariam
1225 4143 1354 4220 impleri,
1374 4143 1467 4202 altero

190 4221 275 4278 modo
285 4223 422 4292 quantum
435 4223 471 4279 ad
486 4221 691 4297 praeeeptorum
703 4237 819 4294 operum
830 4220 1020 4278 substantiam
1032 4225 1163 4292 tantum,
1175 4223 1265 4280 attero
1277 4226 1361 4281 modo
1375 4239 1468 4298 quan-

190 4302 252 4357 tum
264 4301 300 4357 ad
314 4301 423 4357 eertum
440 4303 591 4376 quemdem
609 4301 739 4370 modum,
755 4300 889 4358 videlieet
903 4303 1062 4360 secundum
1074 4319 1161 4376 quem
1174 4303 1288 4362 valeant
1299 4308 1466 4378 operantem

190 4381 346 4455 perducere
364 4381 399 4438 ad
418 4397 538 4455 regnum
550 4383 689 4440 aternum
703 4381 769 4454 thoe
783 4385 829 4439 est
847 4381 882 4438 ad
899 4383 1016 4440 modum
1035 4384 1247 4460 meritoriam),
1269 4387 1467 4444 cominentitia

191 4463 236 4518 cst
247 4465 276 4519 et
288 4461 474 4536 explodenda.

226 4548 272 4606 6⁶2.
291 4549 344 4608 llla
361 4564 471 4623 quoque
486 4549 647 4624 distinctio,
660 4567 716 4625 qua
733 4567 804 4626 opus
817 4549 921 4610 dicitur
935 4551 1066 4610 bifariam
1080 4553 1202 4625 bouum,
1218 4555 1263 4614 vel
1279 4556 1347 4628 quia
1361 4569 1396 4611 ex
1410 4555 1466 4612 ob-
