3202 5020
585 222 627 266 ou
653 219 805 268 acrrous
827 223 988 268 rrunlrrs
1360 215 1426 277 loo

191 338 225 398 2⁰
243 329 496 412 Goneupiseentie
514 347 701 412 consequens
716 333 795 395 nihil
810 349 863 414 per
879 349 910 396 se
927 339 957 396 ιι
976 333 1146 398 formaliter
1158 336 1276 400 confert
1288 339 1423 404 bonitati

147 423 198 487 uel
210 421 340 485 malitie
356 419 480 496 morali,
496 419 605 483 merito
621 421 667 484 vel
679 421 827 485 demerito
839 428 941 499 setae,
957 429 989 485 at
1001 423 1103 504 potius
1119 425 1247 506 hujusoe
1260 434 1346 490 aetus
1360 447 1425 492 mo·

147 511 317 584 ralitatem,
330 509 479 572 meritum
491 509 539 572 vel
554 509 739 572 demeritum
750 511 869 586 induit;
881 509 1036 591 quemvis
1050 518 1087 575 ut
1098 512 1218 576 dietum
1230 521 1287 591 est,
1300 516 1426 596 signum

138 601 191 663 ‘sit
206 607 238 662 et
252 595 405 662 indicium
421 598 547 680 majoris
568 605 624 661 aut
640 599 772 661 minoris
790 599 894 662 meriti
909 601 957 664 rel
975 601 1128 664 demeriti.
1145 633 1185 648 κ-
1206 603 1280 666 Vide
1298 605 1426 669 dloerzcto

145 689 240 770 iufra
255 687 293 749 de
307 696 377 749 ortu
390 696 514 749 caterno
529 687 577 769 (ιι.
595 687 662 770 tto).

190 781 225 841 3⁰
239 775 491 857 Concupiscentia
509 793 579 856 qum
592 776 638 838 ita
652 772 849 857 oonsequitur
865 778 1034 842 voluntatis
1050 785 1171 855 uotum,
1186 786 1223 844 ut
1236 780 1333 844 luerit
1347 785 1428 846 eroi-

145 871 215 929 tatn
233 871 265 928 et
281 865 392 940 volita,
408 865 488 926 bono
502 873 533 927 et
550 863 712 928 laudabilis
731 872 778 928 est
795 866 829 928 in
849 883 895 941 se,
910 867 937 928 si
954 867 1130 930 inordinato
1148 875 1204 932 aut
1222 869 1426 935 immoderato

147 955 266 1017 nonsit
281 961 311 1017 et
326 953 470 1016 adfinem
483 954 650 1017 honestum
664 953 902 1030 referamnsa'r,
915 954 1222 1040 inquitSuarealort.
1238 963 1267 1034 ι),
1282 959 1361 1041 disp.
1376 979 1422 1034 ιιι,

148 1049 221 1106 seu.
235 1048 265 1118 3,
281 1063 313 1104 ιι.
326 1043 367 1124 1),
383 1043 518 1104 domines
530 1043 660 1104 studiosi
676 1043 901 1105 excitantium
915 1042 1028 1106 sunites
1039 1047 1163 1126 uffettm
1175 1045 1216 1108 od
1223 1047 1329 1109 melius
1340 1065 1426 1112 eser-

148 1131 257 1194 eundae
277 1133 423 1208 actiones,
442 1131 520 1193 etde
537 1130 596 1193 tar
613 1133 857 1214 eoncupiscentia
872 1132 957 1194 dtott
971 1133 1170 1210 Aristoteles,
1187 1135 1228 1198 ΠΙ
1247 1137 1426 1200 Ethioorum

147 1235 214 1300 oap.
235 1237 293 1282 rur
309 1239 317 1283 ε
336 1223 462 1302 operari
474 1239 512 1282 eo
530 1224 580 1282 tro
595 1239 657 1281 aon
676 1239 735 1282 esse
752 1221 818 1282 oiri
832 1221 943 1302 fortis,
961 1221 1014 1284 sed
1026 1227 1159 1286 eoritore
1176 1224 1209 1286 ia
1224 1244 1255 1287 se
1275 1226 1352 1287 iram
1369 1245 1429 1308 per

148 1309 293 1371 uirtutem
306 1307 512 1390 fortitudinis,
526 1319 562 1370 ot
575 1309 685 1372 melius
701 1319 853 1393 operetur.

191 1400 233 1459 ne
251 1397 510 1478 eoncupiscentia,
524 1404 617 1478 prout
634 1403 681 1460 est
700 1415 867 1479 pravarum
881 1398 1088 1478 cupiditatum
1105 1399 1202 1464 fomes
1218 1408 1249 1465 et
1267 1403 1305 1466 od
1326 1421 1429 1484 peooa

151 1489 222 1548 tnm
237 1487 430 1550 voluntatem
444 1486 587 1562 inolinot,
601 1503 727 1568 agemus
744 1486 838 1562 infra,
852 1487 888 1550 de
901 1487 1050 1568 Percotes,
1066 1505 1096 1570 p.
1111 1489 1139 1564 1,
1154 1507 1180 1552 e.
1198 1509 1225 1566 1,
1242 1509 1274 1554 n.
1291 1497 1361 1556 llo.

642 1711 660 1794 ἓ
677 1705 740 1776 ΙΙΙ.
766 1711 812 1776 De
830 1715 936 1777 metu.

192 1891 242 1949 ιι.
259 1921 301 1932 —-
311 1889 479 1948 Domuum.
497 1891 596 1951 Metus
617 1893 664 1950 est
685 1883 847 1966 trepidatio
864 1883 979 1949 mentis
1000 1883 1037 1950 oh
1053 1885 1175 1968 aliquod
1187 1885 1363 1969 perieulum
1378 1890 1426 1954 in-

149 1980 238 2038 stans
252 1975 301 2038 vel
315 1974 458 2038 futurum
472 1971 533 2038 sihi
545 1981 601 2038 aut
614 1971 751 2057 proxime
763 1974 943 2056 eonjunotls.

192 2066 322 2128 Dnnsro.
340 2067 438 2127 Metus
453 2063 496 2126 sio
510 2064 718 2128 communiter
733 2061 894 2138 dividitur,
910 2061 1043 2127 seilicet:

194 2157 227 2215 ιο
241 2155 341 2216 Metus
357 2153 476 2233 provio,
493 2153 541 2216 vel
558 2153 643 2232 leuat,
665 2159 757 2234 prout
776 2153 906 2215 timetur
926 2153 1045 2215 malum
1064 2153 1112 2216 vel
1127 2173 1236 2236 praue,
1258 2153 1306 2217 uti
1327 2173 1424 2232 mors,

146 2237 326 2317 mutilatio,
345 2241 421 2304 dura
436 2241 613 2319 earcerotio,
633 2239 764 2305 notabile
782 2239 871 2304 lamae
884 2241 1125 2318 detrimentum,
1144 2261 1256 2323 magua
1274 2243 1426 2308 bonorum

146 2331 289 2410 jactura,
303 2336 374 2406 ete.;
394 2329 441 2392 vel
460 2329 520 2393 leue
536 2349 553 2394 e
569 2329 736 2405 eontrario,
753 2348 807 2393 seu
821 2330 970 2392 mediocre
982 2329 1224 2409 inoommodum,
1241 2333 1289 2394 uti
1302 2334 1426 2396 anrissio

151 2415 202 2478 rei
221 2416 298 2479 levis
317 2416 480 2494 momenti,
500 2417 647 2500 exiguum
666 2419 754 2482 lomae
773 2417 1012 2496 detrimentum;
1028 2419 1075 2482 vel
1092 2420 1186 2483 etiam
1199 2441 1307 2503 prove,
1325 2423 1377 2484 sed
1390 2441 1428 2484 en

150 2503 216 2568 leti
229 2524 332 2582 eausa,
350 2515 406 2570 aut
418 2508 498 2589 quod
511 2507 595 2570 faoile
607 2507 705 2571 averti
718 2507 830 2587 possit,
847 2512 903 2570 eto.

193 2596 295 2658 Metus
309 2603 414 2658 autem
429 2595 531 2676 gravis
546 2601 593 2658 est
603 2596 749 2669 obsolute,
759 2596 808 2659 vel
819 2595 956 2658 relative.
968 2598 1067 2659 Metus
1081 2595 1196 2661 dieitur
1207 2597 1341 2661 obsolute
1354 2620 1430 2681 pro*

152 2683 214 2760 oie,
233 2699 305 2746 oum
319 2685 401 2747 mala
412 2685 446 2747 in
463 2703 495 2748 se
505 2703 576 2748 vere
591 2685 695 2764 gravia
711 2685 881 2759 timentur;
896 2683 1021 2746 relatae
1035 2691 1140 2748 ιιιιιιιι
1151 2691 1269 2767 pravis,
1286 2689 1424 2768 quando,

152 2771 224 2834 lieet
243 2771 320 2836 levis
338 2773 373 2835 in
392 2792 437 2848 se,
462 2773 562 2852 gravis
584 2781 689 2836 tamen
712 2778 757 2836 est
779 2773 945 2853 respective
969 2775 1008 2835 od
1034 2775 1183 2854 quasdem
1201 2795 1360 2856 porsonas;
1385 2778 1429 2839 sio

153 2860 255 2940 pueri,
270 2862 430 2938 mulieres,
448 2879 534 2924 senes
552 2861 662 2926 timore
677 2861 788 2942 majori
801 2860 837 2922 in
850 2862 955 2924 eodem
968 2861 1102 2942 periculo
1113 2861 1191 2926 affici
1205 2865 1318 2940 solent,
1332 2881 1427 2946 quam

152 2947 215 3012 viri
229 2956 319 3013 mtote
333 2950 459 3014 mutuari.

194 3042 228 3100 2⁰
242 3041 342 3102 Metus
358 3040 397 3102 ab
413 3041 592 3114 intrinseco,
606 3039 704 3102 veleb
718 3037 904 3118 extrinseco,
916 3041 1009 3119 proiit
1018 3039 1160 3120 provenit
1172 3060 1191 3103 a
1205 3060 1295 3105 sousa
1313 3042 1428 3106 intrim

150 3143 230 3200 sooa,
245 3147 276 3189 v.
290 3146 351 3207 gn,
365 3129 510 3202 emollio,
525 3129 563 3190 ab
572 3127 757 3190 infirmitate
771 3127 895 3202 mentis,
910 3133 981 3202 eto,
992 3129 1040 3190 vel
1054 3147 1072 3190 o
1084 3147 1174 3192 reuss
1183 3131 1351 3194 extrinsooe
1363 3132 1431 3194 sive

150 3214 264 3292 libem,
283 3232 393 3298 nempe
412 3217 450 3281 ao
468 3216 610 3292 homine,
626 3217 691 3280 sive
709 3216 878 3280 neeessaria
897 3234 951 3280 seu
969 3217 1119 3292 naturali,
1141 3225 1178 3281 ut
1196 3239 1233 3282 ιιι
1251 3220 1424 3294 elementis,

152 3305 349 3384 contagione,
364 3312 419 3369 eto.

194 3399 229 3457 3⁰
247 3395 347 3457 Metus
357 3396 456 3477 jecore,
475 3396 524 3458 vel
541 3395 655 3476 injuste
668 3395 827 3470 incussus,
844 3394 948 3474 prouti
963 3412 1054 3456 eausa
1070 3395 1118 3458 vel
1128 3399 1228 3477 justa,
1243 3416 1273 3459 v.
1291 3413 1348 3474 gn,
1363 3410 1426 3473 poe-

153 3499 269 3544 narum
294 3485 533 3564 promeritorum
558 3483 703 3559 infertum
724 3482 772 3546 vel
791 3484 924 3565 injusto,
943 3483 1000 3545 hoo
1023 3489 1069 3546 est
1096 3501 1150 3564 per
1168 3484 1319 3565 injuriam
1340 3482 1427 3545 ineu-

153 3570 244 3634 titur.

195 3661 363 3725 Addendus
377 3663 472 3726 etiam
488 3669 590 3727 metus
604 3659 829 3733 reverentialis‚
846 3659 900 3741 qui
914 3660 1047 3724 habetur
1062 3662 1184 3741 quando
1200 3660 1270 3741 qms
1285 3660 1375 3722 timet
1389 3681 1429 3724 ne

153 3756 296 3828 porentes
314 3769 400 3826 suos,
417 3757 472 3814 aut
490 3753 564 3816 alios
582 3749 759 3831 Superiores
773 3749 885 3812 habeat
900 3749 1040 3813 offensos.
1054 3751 1103 3813 Ad
1118 3755 1235 3812 metum
1243 3753 1365 3830 justum
1380 3751 1427 3813 vel

152 3838 309 3918 injustum
326 3839 465 3916 refertur,
482 3847 572 3922 prout
585 3843 671 3921 justa
685 3839 734 3900 vel
747 3838 864 3920 injusto
876 3845 922 3901 est
934 3841 1000 3920 ejus
1015 3857 1115 3902 eausa.
1133 3842 1234 3900 Potest
1245 3844 1350 3900 eutem
1363 3857 1430 3902 esso

153 3927 272 4006 gravis,
287 3928 314 3990 si
326 3930 460 4009 prudens
477 3930 569 3993 timor
581 3929 638 4006 sit,
655 3946 694 3991 no
706 3927 761 3991 diu
776 3927 823 3990 vel
837 3927 1087 4008 graviteroffensi
1098 3927 1279 4001 habeantur,
1297 3928 1352 4008 qui
1363 3945 1428 3990 me-

156 4021 226 4078 tum
245 4015 412 4080 incutiunt.

280 4180 506 4261 Principla.

197 4327 246 4388 l8.
262 4355 304 4372 —-
316 4326 341 4386 l.
365 4327 460 4388 dotus
477 4343 514 4387 ex
531 4327 617 4387 metu
634 4323 837 4406 qarautnmvis
861 4322 946 4404 grati
966 4320 1102 4402 positae,
1122 4327 1169 4384 est
1189 4321 1382 4406 simpliciter,
1398 4330 1428 4385 ιι

155 4411 293 4476 absolute
304 4412 496 4476 voluntarius
513 4420 543 4476 et
561 4413 648 4475 liber.
665 4413 754 4476 Ratio
766 4419 828 4487 est,
844 4412 917 4493 qum
928 4427 981 4492 per
996 4415 1117 4472 metum
1133 4429 1232 4493 neque
1247 4413 1367 4474 tollitur
1381 4429 1428 4474 oo·

156 4501 256 4582 gnitio
274 4520 311 4564 ex
328 4508 415 4582 perte
435 4503 622 4576 intellectus,
645 4499 707 4565 nisi
727 4502 851 4583 penitus
871 4517 958 4563 mens
976 4500 1186 4580 perturbetur;
1208 4519 1305 4582 neque
1325 4499 1427 4562 eloetio
