3216 5020
610 243 653 286 nn
676 243 896 288 vrnrurrnus
1316 235 1387 294 117

110 370 187 415 cum
209 359 295 415 tanto
316 353 517 415 incommoda.
531 352 609 414 llinc
632 371 692 414 nou
717 354 830 416 teneris
852 354 965 416 solvere
987 355 1055 435 plus
1076 373 1162 436 raquo
1183 358 1317 436 operario
1338 360 1391 423 vel

108 439 269 513 rhedario,
283 440 353 503 licet
365 439 530 521 praesideas
547 440 636 503 illum
651 460 735 504 secus
753 461 818 504 esse
836 443 1138 523 blasphematurum:
1153 441 1381 510 incommodum

110 528 200 592 enim
218 528 309 603 illud,
326 528 396 592 licet
413 530 477 592 leve
501 529 536 591 in
557 548 603 602 se,
620 530 730 610 saepius
749 549 902 592 occurrere
919 537 1032 611 potest,
1049 538 1079 593 11
1095 531 1138 594 sic
1157 549 1247 612 grave
1261 533 1388 598 faciliter

111 616 233 692 eradit3
248 617 399 698 quinimo
413 618 452 679 ad
468 618 743 699 blasphemandum
762 618 1001 681 incitamentum
1020 626 1120 700 posset
1139 619 1248 700 saepius
1266 621 1298 683 id
1312 641 1387 686 esse.

111 741 156 753 -
169 705 206 767 S.
223 705 293 788 try.
310 726 341 767 a.
356 711 405 769 52.

154 796 256 870 Quaen.
271 799 304 858 3⁰
316 797 367 856 Aa
381 797 412 856 in
425 795 566 858 scandalo
579 796 671 858 detur
683 817 744 857 aori
761 797 856 858 solum
863 803 1130 880 peecatumcoutra
1147 797 1323 878 Caritatem,
1335 801 1387 862 scd

113 883 205 946 etiam
218 891 325 945 contra
338 885 479 946 uirtutem
492 884 535 946 ad
546 904 636 968 quam
651 884 825 947 uiolandam
836 886 993 968 proximus
1012 885 1190 949 inducitur?

156 972 247 1053 Itasp.
268 977 300 1036 1ο
313 973 455 1055 Affirm,
473 974 573 1054 quoad
590 974 767 1036 scandalum
787 975 944 1035 directum.
958 974 1105 1050 Quaelibet
1117 976 1201 1038 enim
1213 977 1314 1040 virtus
1327 995 1391 1058 spc-

114 1061 233 1125 cialiter
247 1066 331 1123 vetat
346 1079 407 1124 non
420 1062 519 1124 solum
533 1080 572 1124 ne
583 1062 726 1136 violetur,
743 1064 795 1125 sed
813 1062 907 1126 etiam
922 1061 1042 1144 nequis
1057 1063 1154 1126 11111111
1172 1064 1284 1127 directe
1300 1066 1391 1128 indu-

115 1156 166 1214 cat
175 1149 216 1211 ad
226 1167 295 1210 eam
309 1149 494 1212 violandam.
508 1151 612 1212 -lta
625 1149 691 1232 sera
706 1170 815 1212 omues.

157 1237 247 1319 Resp.
260 1243 293 1300 2⁰
308 1257 315 1298 :
330 1238 433 1300 Etiam
445 1237 661 1302 affirmandum
673 1239 806 1314 videtur,
822 1241 931 1302 saltem
942 1239 1140 1323 probabilius,
1153 1244 1252 1322 quoad
1268 1243 1392 1306 scanda-

115 1328 185 1390 lum
197 1326 394 1398 indirectum
408 1326 481 1408 quia
491 1326 526 1388 in
540 1345 574 1390 eo
587 1346 649 1390 non
663 1327 763 1390 solum
778 1328 902 1392 raditur
915 1327 1031 1392 Caritas
1043 1347 1113 1408 erga
1127 1330 1294 1410 patientem
1307 1351 1392 1394 scan-

117 1416 238 1490 dalum,
253 1416 305 1478 sed
323 1415 556 1495 etiamleditur
571 1416 638 1497 ipsa
652 1417 752 1478 virtus
771 1417 809 1478 ad
828 1433 921 1498 quam
934 1415 1108 1478 violandam
1129 1418 1287 1497 proximus
1301 1419 1392 1482 indu-

117 1503 200 1566 citur
223 1503 291 1566 licet
316 1504 464 1566 indirecte
489 1509 629 1580 tantum;
655 1504 868 1567 voluntarium
891 1505 975 1567 enim
1001 1504 1188 1569 indirectum
1216 1507 1328 1570 sufficit
1354 1509 1393 1570 ad

115 1593 313 1674 peccandum,
328 1611 362 1654 ac
374 1591 498 1672 proinde
508 1591 609 1655 virtus
623 1592 766 1674 quelibet
777 1598 861 1655 vetat
876 1611 914 1656 ne
926 1592 995 1656 aliis
1008 1593 1180 1657 voluntarie
1191 1599 1222 1656 et
1235 1595 1300 1658 sine
1308 1597 1394 1677 justa

116 1699 219 1756 causa,
231 1686 325 1762 atque
338 1679 486 1743 alartiori
500 1699 538 1743 ex
552 1699 643 1744 causa
655 1680 835 1754 omittenda,
850 1687 955 1761 utpote
966 1681 1182 1761 peccaminosa,
1197 1685 1262 1764 ejus
1275 1683 1393 1746 violan-

119 1769 165 1832 dae
180 1769 352 1848 praebeatur
363 1769 486 1832 occasio.
503 1771 606 1851 Neque
621 1770 693 1832 inde
707 1769 903 1851 consequitur
915 1769 1012 1832 teneri
1026 1770 1065 1832 ad
1076 1770 1306 1834 restitutionem
1320 1791 1393 1834 cum

117 1857 174 1938 qui
195 1857 256 1920 1010
275 1876 331 1921 1110
350 1859 486 1938 exemplo
499 1863 601 1921 movet
616 1858 712 1920 alium
731 1859 770 1920 ad
790 1857 969 1920 furandum.
986 1857 1078 1920 Aliud
1098 1864 1144 1921 est
1161 1859 1245 1920 enim
1261 1859 1392 1941 praehere

118 1952 244 2008 tantum
264 1947 451 2009 occasionem
474 1945 581 2009 damni
599 1945 762 2020 inferendi,
784 1945 868 2009 aliud
891 1965 1001 2027 ponere
1019 1947 1125 2008 damni
1143 1965 1268 2010 causam
1289 1969 1344 2030 per
1364 1969 1393 2011 se

117 2033 287 2098 efficacem:
301 2035 335 2097 in
360 2034 455 2115 priori
478 2053 550 2097 casu
568 2035 693 2116 justitia
715 2034 825 2096 affectu
845 2034 970 2115 quidem
991 2034 1060 2097 laci
1084 2041 1197 2115 potest,
1218 2042 1250 2097 et
1269 2037 1304 2098 111
1322 2055 1394 2098 casu

115 2129 222 2186 nostro
246 2124 382 2198 laeditur3
406 2123 457 2186 sed
478 2125 591 2187 1111101
615 2123 775 2204 posteriori
796 2123 958 2186 dumtaxat
979 2122 1112 2187 infertur
1133 2124 1278 2204 obligatio
1302 2125 1393 2188 resti-

116 2213 238 2275 tuendi.
253 2247 294 2258 -
313 2211 384 2274 Vide
396 2213 521 2275 dicenda
534 2213 568 2274 iu
583 2221 670 2274 tract.
687 2211 723 2272 de
738 2211 829 2288 iasa,
845 2232 876 2274 a.
893 2215 962 2276 659.
979 2247 1019 2257 —
1034 2212 1070 2274 S.
1084 2213 1153 2294 Lip.
1166 2233 1197 2274 a.
1212 2217 1262 2276 15.

159 2301 350 2362 Sententiam
375 2308 480 2364 tamen
509 2300 679 2382 oppositam
704 2300 910 2384 probabiliter
932 2299 1067 2364 defendit
1091 2302 1175 2382 Lupo
1197 2301 1252 2382 (de
1277 2302 1390 2366 Parcit.

117 2397 194 2450 sect.
208 2392 258 2460 16,
276 2409 306 2450 a.
323 2389 406 2471 159),
421 2408 492 2452 cum
505 2389 588 2464 aliis,
602 2388 813 2472 rationemque
827 2389 926 2465 affert,
942 2388 1016 2470 quia
1027 2389 1158 2453 virtutes
1172 2409 1235 2454 ncn
1249 2409 1304 2453 nos
1319 2390 1393 2453 ohli-

118 2482 195 2558 gant
208 2482 246 2539 ut
257 2475 460 2558 impediamus
472 2478 505 2541 in
518 2477 586 2540 aliis
598 2477 676 2541 vitia
688 2477 834 2559 apposita,
849 2479 900 2540 sed
912 2483 1037 2541 tantum
1049 2497 1086 2540 ne
1099 2477 1228 2558 positive
1240 2486 1271 2541 11
1282 2480 1395 2542 directe

117 2565 317 2628 intendamus
330 2567 508 2648 proximum
521 2566 664 2630 inducere
676 2567 715 2628 ad
727 2585 776 2629 eas
791 2566 995 2629 offendendus.

159 2657 280 2717 131-
291 2657 393 2730 Qasr.
407 2660 441 2718 1ο
453 2655 504 2718 Aa
515 2675 639 2738 peccans
649 2675 715 2718 aum
732 2654 871 2738 complice
883 2654 1039 2718 declarare
1051 2655 1155 2717 debeat
1168 2656 1201 2716 ia
1211 2655 1393 2737 consessione

118 2743 378 2806 circumdantium
390 2743 638 2806 sollicitationis?

159 2831 249 2914 Rerp.
269 2832 462 2894 Probabilias
480 2832 570 2915 Nep„
587 2833 754 2894 dummodo
772 2832 819 2894 vel
841 2851 878 2893 ex
899 2837 1011 2894 natura
1029 2832 1157 2911 peccati,
1180 2834 1228 2894 vel
1247 2852 1285 2895 err
1304 2835 1394 2897 modo

117 2938 180 3000 quo
192 2927 349 3000 peccatum
358 2919 745 2996 assuetaqconlessarius
757 2919 941 2982 sufficienter
952 2919 1104 2999 intelligat
1113 2920 1247 3003 aliquem
1259 2921 1392 2985 adfuisse

116 3007 305 3089 complicem.
321 3010 409 3074 Ratio
424 3016 480 3086 est,
497 3008 570 3091 quia
585 3009 647 3072 scla
659 3008 874 3071 communione
892 3007 1032 3070 criminis
1044 3006 1183 3084 efficitur,
1197 3016 1234 3072 ut
1245 3018 1393 3074 1111111111111

115 3095 213 3159 fuerit
226 3098 419 3172 scandalum,
433 3105 464 3160 et
476 3097 600 3179 quidem
613 3117 650 3160 ex
662 3103 792 3179 utraque
810 3102 896 3176 parte
912 3095 1064 3172 activum,
1078 3096 1160 3158 inter
1178 3098 1393 3162 sollicitantem

116 3190 149 3247 et
160 3185 411 3250 consentientem.
426 3190 505 3266 Ergo
522 3185 574 3249 illa
587 3187 752 3260 declarata,
769 3185 939 3247 declaratur
957 3183 1052 3246 etiam
1071 3185 1204 3249 scandali
1222 3194 1389 3267 peccatmn.

116 3273 204 3347 Quod
217 3280 321 3336 autem
334 3293 416 3338 unus
428 3294 466 3338 ex
481 3274 677 3356 complicibus
691 3273 773 3356 prior
783 3274 877 3336 altero
892 3291 1016 3335 causam
1028 3273 1162 3336 scandali
1174 3274 1319 3354 posuerit,
1334 3275 1391 3336 cir·-

116 3363 306 3426 cumstantia
323 3370 370 3426 est
381 3381 463 3426 mere
477 3381 654 3444 aggravans,
672 3381 740 3445 quae
754 3381 817 3425 non
828 3368 931 3424 mutat
945 3361 1057 3442 peccati
1071 3363 1210 3443 speciem.
1219 3398 1257 3410 -
1270 3362 1307 3425 S.
1319 3362 1388 3444 Lip.

115 3454 271 3514 11111-
289 3451 385 3534 Lupo.
402 3487 441 3498 -
455 3451 619 3514 Affirmant
638 3459 742 3514 tamen
760 3450 959 3534 probabiliter
980 3449 1077 3513 Salm.
1091 3456 1123 3512 et
1143 3450 1211 3526 alii,
1230 3450 1285 3531 qui
1303 3449 1392 3512 aiunt

114 3537 268 3602 actionem
286 3539 450 3603 inducendi
469 3541 507 3604 ad
524 3539 711 3622 peccandum
730 3557 794 3602 esse
812 3546 969 3620 peccatum
984 3537 1109 3619 speciale
1127 3545 1158 3601 et
1177 3539 1392 3601 distinctuma

112 3635 236 3709 peccato
250 3628 477 3710 cooperationis.
494 3631 523 3692 ls
542 3627 626 3691 enim
645 3627 700 3710 qui
720 3627 894 3690 sollicitanti
913 3627 1080 3703 consentit,
1094 3645 1156 3690 non
1176 3625 1298 3689 videtur
1317 3626 1390 3689 acti-

113 3733 208 3790 vum,
226 3717 278 3779 sed
289 3717 446 3797 passivum
460 3719 623 3782 dumtaxat
635 3716 813 3780 scandalum
825 3715 998 3778 admittere.

158 3805 260 3880 Quen.
275 3811 308 3870 5⁰
322 3808 374 3868 Aa
391 3805 480 3868 liceat
491 3805 615 3868 madere
630 3805 727 3868 minus
742 3804 856 3866 malum
872 3803 965 3866 alicui
977 3803 1019 3866 ad
1030 3804 1130 3887 majus
1145 3803 1362 3866 determinato?

160 3891 250 3977 Resp.
268 3894 395 3976 Affirm.
409 3895 597 3978 probabilius
614 3911 684 3958 cum
699 3893 735 3956 S.
746 3894 830 3975 Lip,
847 3913 877 3956 a.
899 3896 949 3957 tr.
963 3893 1093 3970 Quidam
1113 3898 1218 3954 tamen
1237 3891 1390 3964 limitarat,

114 3980 143 4044 si
159 3980 266 4044 minus
278 3984 396 4045 malum
408 3983 601 4046 contineatur
615 3981 818 4064 aliquomodo
834 3981 869 4044 in
885 3981 1009 4064 majori,
1026 3988 1061 4044 111
1075 3979 1227 4061 percussio
1244 3979 1279 4042 in
1291 3980 1391 4042 homi-

112 4069 208 4144 cidio,
222 4077 292 4134 etc:
305 4090 373 4154 quae
388 4077 493 4134 tamen
506 4070 651 4134 limitatio
667 4070 704 4132 S.
721 4071 815 4150 Alpb.
830 4070 999 4134 necessaria
1012 4087 1074 4132 non
1088 4068 1220 4131 ridetur.

155 4160 257 4234 Queri.
272 4163 305 4224 6ο
318 4163 370 4223 Aa
387 4161 475 4223 liceat
488 4163 669 4222 occasionem
678 4159 829 4241 peccandi
837 4163 1028 4241 pampinare,
1044 4167 1160 4217 atreus
1175 4157 1373 4239 corripaturi

155 4246 247 4330 Ilesp.
259 4251 394 4328 Affirm„
409 4248 482 4331 quia
500 4247 676 4328 permittere
691 4266 752 4310 non
767 4253 813 4309 est
829 4248 986 4320 inducere,
1001 4251 1032 4308 et
1050 4244 1135 4306 adest
1149 4243 1227 4307 ratio
1242 4245 1393 4309 sufficiens

111 4343 274 4418 peccatum
288 4337 497 4417 permittendi.
513 4337 591 4398 Hinc
610 4354 626 4397 a
647 4341 765 4415 peccato
781 4343 855 4398 sunt
868 4333 1033 4398 excusandi
1045 4351 1102 4414 per
1118 4351 1147 4394 se
1161 4338 1193 4395 1ο
1204 4341 1344 4413 parentes
1363 4342 1395 4397 et

112 4424 238 4488 domini
251 4425 306 4505 qui
320 4425 398 4488 filios
412 4424 459 4486 vel
471 4423 604 4486 famulos
618 4441 739 4504 peccare
751 4423 875 4498 sinunt,
892 4429 928 4485 ut
942 4426 1150 4501 opportunum
1163 4440 1213 4484 eas
1228 4422 1396 4504 mrrigendi

112 4515 221 4577 locum
239 4513 416 4590 inveniant;
430 4547 470 4561 -
481 4517 515 4576 2⁰
529 4513 669 4576 custodes
686 4529 845 4592 agrorum,
863 4510 1038 4585 vinearmn,
1055 4515 1124 4585 etc,
1140 4510 1195 4592 qui
1217 4529 1248 4574 se
1268 4512 1393 4574 abscon·
