3202 5020
194 187 239 246 Μ
734 203 931 248 rnomurcu
1009 229 1012 236 ⁴

194 311 320 376 Utinam
341 311 444 374 rarius
467 311 545 373 illud
568 314 646 374 esset
666 312 784 374 malum
804 312 1039 393 deplorandum,
1060 318 1097 374 ut
1118 330 1210 375 caecus
1230 329 1306 374 coeeo
1326 309 1468 372 ducatum

191 409 360 482 prostans,
378 409 501 482 aterque
519 404 552 462 iu
563 401 680 481 foveam
695 401 874 464 collabatur!
890 403 916 464 li
930 401 1028 481 igitur
1041 400 1096 481 qui
1110 402 1148 463 ad
1162 400 1219 463 hoc
1235 418 1351 463 munus
1366 399 1470 462 venai

195 507 227 552 se
241 489 396 564 sentiunt,
413 507 516 552 secum
530 489 591 570 ipsi
604 494 760 571 reputent,
775 491 894 569 alteque
907 490 1012 552 animo
1026 495 1176 570 reponant
1190 507 1255 551 rem
1271 507 1336 550 esse
1350 489 1469 550 summi

194 577 346 640 momenti
364 577 506 641 studium
522 577 600 640 illud
615 579 696 659 quod
712 597 744 640 se
758 595 890 659 suosque
909 577 1058 660 subjectos
1073 597 1091 641 a
1105 583 1192 640 tanto
1206 577 1338 658 periculo
1352 576 1470 658 eripere
1580 573 1581 650 J

194 671 389 818 potlbbbtenus
402 756 439 818 de
450 755 577 818 scientia
588 754 712 818 morafie
726 755 894 836 Theologiae
906 755 1093 834 universim;
1108 773 1192 819 nunc
1205 753 1339 817 breviter
1351 755 1388 817 de
1400 757 1470 834 ejus

195 843 336 924 partibus
356 844 391 906 in
415 833 668 906 suum'ordinem
691 843 923 907 distribuendis.
951 847 995 908 Ae
1019 843 1267 926 primoquidem
1296 843 1331 904 de
1355 852 1471 905 nutura
1580 835 1581 866 ³

195 942 316 994 uelatum
342 932 558 1012 bumanorum,
586 939 679 1013 prout
700 933 871 996 bonitatem
894 939 925 996 et
950 933 1137 1014 pravitatem
1161 932 1309 995 moralem
1338 938 1470 1011 spectat,

195 1022 298 1102 prima
316 1021 406 1084 nobis
419 1023 477 1084 erit
492 1020 674 1102 disputatio,
690 1039 759 1102 quae
770 1022 870 1107 vveluti
887 1021 1127 1085 fundamentum
1141 1021 1200 1083 erit
1216 1020 1349 1082 aliarum
1363 1019 1472 1100 dispu-
1580 1015 1581 1032 ¹

196 1110 362 1172 tatianum.
386 1110 464 1173 Hinc
487 1111 598 1190 duplex
620 1112 784 1174 statuenda
801 1109 906 1190 regula
926 1127 1065 1188 morum,
1088 1111 1182 1173 altera
1202 1108 1328 1190 quidem
1346 1108 1472 1169 latomo
1580 1151 1581 1170 a

196 1216 265 1278 quae
286 1205 333 1261 est
353 1199 421 1280 apsa
444 1199 639 1274 conscientia,
663 1199 757 1261 altera
777 1207 921 1278 externa,
944 1218 998 1262 seu
1019 1199 1156 1262 lumaaoe
1179 1218 1214 1260 uc
1236 1197 1349 1260 divinar
1376 1195 1470 1278 lepos.

199 1286 335 1349 Subinde
348 1289 385 1350 de
400 1287 545 1350 humanis
561 1287 681 1350 actibus
698 1287 869 1368 loquemur,
889 1291 980 1368 prout
997 1287 1070 1350 huic
1083 1287 1197 1369 duplici
1212 1305 1328 1349 norma
1342 1304 1471 1348 consen·
1580 1297 1581 1366 ζ

197 1374 298 1450 liunt,
320 1374 384 1438 sive
405 1377 608 1452 dissentiunt,
634 1394 687 1438 seu
708 1377 891 1458 depasceris
910 1383 941 1440 et
961 1376 1135 1440 unitatibus.
1157 1379 1223 1438 Huc
1244 1393 1342 1455 usque
1363 1374 1472 1437 omnia

197 1463 471 1543 generatimzdein
483 1464 575 1528 variae
586 1465 664 1546 leges
676 1483 710 1527 ac
721 1472 869 1547 praecepta
881 1472 973 1528 erunt
984 1464 1020 1528 in
1030 1465 1170 1528 medium
1182 1463 1334 1527 afferenda
1345 1481 1380 1524 ac
1390 1480 1473 1543 prm·
1580 1471 1581 1546 l

199 1551 285 1632 cipue
310 1553 455 1636 Deculopi
474 1560 567 1634 atque
590 1553 750 1632 Ecclesia,
776 1559 811 1616 ut
834 1555 943 1616 exinde
967 1553 1054 1617 varia
1072 1557 1144 1635 jura
1168 1571 1203 1616 ac
1225 1551 1321 1615 officia
1347 1551 1475 1614 definiri

199 1647 324 1721 queant.
340 1643 382 1704 At
397 1643 544 1723 quoniam
559 1643 727 1722 septimum
741 1642 876 1724 llecalogi
890 1649 1076 1724 praeceptum
1090 1641 1313 1723 amplissimam
1326 1639 1474 1721 quastio-

199 1747 272 1792 nem
290 1730 428 1812 implicat
446 1731 482 1794 de
491 1733 617 1813 justitia
634 1741 664 1793 et
675 1733 764 1814 jure,
785 1750 903 1794 necnon
922 1731 1190 1801 decantaremus,
1213 1734 1277 1793 tota
1293 1729 1358 1792 haec
1374 1728 1474 1791 disce-

201 1819 299 1898 ptatio
314 1819 434 1901 speciali
449 1820 511 1883 loco
525 1820 717 1883 tractabitur.
732 1819 864 1883 Venient
880 1821 989 1884 deinde
1002 1821 1085 1883 carli
1095 1821 1248 1882 lominum
1261 1827 1356 1880 statua
1370 1817 1473 1880 oonsi-
1580 1893 1581 1896 Ἴ

199 1907 341 1984 durandi,
355 1926 472 1989 suaque
486 1909 654 1989 unicuique
664 1909 786 1990 propria
796 1908 894 1972 officia
905 1909 1102 1990 inquirenda.
1115 1909 1260 1972 Posllrinu
1271 1907 1309 1970 de
1322 1905 1474 1970 subsidiis
1580 1909 1581 1932 ¹

197 2013 267 2076 qua
278 2001 357 2060 Deus
366 1999 405 2060 ad
416 1997 580 2060 hominurn
593 1999 723 2061 saluum
735 1998 910 2080 suppeditat
921 2015 1062 2078 agemus,
1075 1997 1188 2061 edbert
1199 1997 1237 2059 de
1249 1996 1472 2060 Smneatis.

198 2085 334 2166 Denique
344 2086 379 2148 de
385 2089 482 2168 pranis
491 2086 703 2164 ecelesiasticis,
717 2101 772 2150 seu
781 2087 818 2149 de
826 2091 997 2150 eemcrieet
1006 2086 1285 2169 imputaritutibus
1295 2103 1473 2148 sermonem

198 2173 396 2250 habebimus,
416 2191 478 2256 quo
496 2181 599 2239 totum
615 2176 672 2239 hoc
692 2193 767 2257 opus
790 2176 1017 2241 concludemus.
1041 2179 1130 2240 Nunc
1148 2181 1271 2256 tempus
1290 2179 1352 2251 est,
1372 2179 1408 2236 ut
1428 2173 1473 2238 ad

198 2260 320 2341 singula
334 2263 400 2328 hac
415 2267 628 2346 pertractanda
641 2265 679 2328 ad
690 2283 828 2328 uaroncu
842 2270 896 2329 Dar
912 2283 1043 2329 eruamur
1056 2266 1244 2328 accedamus.
