<?xml version="1.0" encoding="UTF-8"?>
<!DOCTYPE html PUBLIC "-//W3C//DTD XHTML 1.0 Transitional//EN"
    "http://www.w3.org/TR/xhtml1/DTD/xhtml1-transitional.dtd">
<html xmlns="http://www.w3.org/1999/xhtml" xml:lang="en" lang="en">
 <head>
  <title>
</title>
<meta http-equiv="Content-Type" content="text/html;charset=utf-8" />
  <meta name='ocr-system' content='tesseract 3.04.00' />
  <meta name='ocr-capabilities' content='ocr_page ocr_carea ocr_par ocr_line ocrx_word'/>
</head>
<body>
  <div class='ocr_page' id='page_1' title='image "./compendiumtheol02gurygoog_0335.png"; bbox 0 0 3206 5024; ppageno 0'>
   <div class='ocr_carea' id='block_1_1' title="bbox 171 248 912 308">
    <p class='ocr_par' dir='ltr' id='par_1_1' title="bbox 171 248 912 308">
     <span class='ocr_line' id='line_1_1' title="bbox 171 248 912 308; baseline -0.007 -1"><span class='ocrx_word' id='word_1_1' title='bbox 171 248 242 308; x_wconf 82' lang='lat' dir='ltr'>3l8</span> <span class='ocrx_word' id='word_1_2' title='bbox 707 257 912 304; x_wconf 75' lang='lat' dir='ltr'>reserares</span> 
     </span>
    </p>
   </div>
   <div class='ocr_carea' id='block_1_2' title="bbox 165 368 1451 2932">
    <p class='ocr_par' dir='ltr' id='par_1_2' title="bbox 166 368 1449 805">
     <span class='ocr_line' id='line_1_2' title="bbox 170 368 1445 450; baseline -0.001 -14"><span class='ocrx_word' id='word_1_3' title='bbox 170 379 290 450; x_wconf 87' lang='lat' dir='ltr'>turam,</span> <span class='ocrx_word' id='word_1_4' title='bbox 307 377 338 432; x_wconf 89' lang='lat' dir='ltr'>et</span> <span class='ocrx_word' id='word_1_5' title='bbox 351 370 461 433; x_wconf 77' lang='lat' dir='ltr'>foetum</span> <span class='ocrx_word' id='word_1_6' title='bbox 482 370 547 431; x_wconf 92' lang='lat' dir='ltr'>sine</span> <span class='ocrx_word' id='word_1_7' title='bbox 562 369 716 449; x_wconf 86' lang='lat' dir='ltr'>Baptismo</span> <span class='ocrx_word' id='word_1_8' title='bbox 733 369 923 432; x_wconf 83' lang='lat' dir='ltr'>exstinctum</span> <span class='ocrx_word' id='word_1_9' title='bbox 936 368 991 444; x_wconf 88' lang='lat' dir='ltr'>iri;</span> <span class='ocrx_word' id='word_1_10' title='bbox 1008 368 1051 431; x_wconf 92' lang='lat' dir='ltr'>sio</span> <span class='ocrx_word' id='word_1_11' title='bbox 1070 369 1154 432; x_wconf 89' lang='lat' dir='ltr'>enim</span> <span class='ocrx_word' id='word_1_12' title='bbox 1168 376 1238 432; x_wconf 85' lang='lat' dir='ltr'>tum</span> <span class='ocrx_word' id='word_1_13' title='bbox 1252 374 1364 446; x_wconf 78' lang='grc' dir='ltr'>ιιιιιιιιι,</span> <span class='ocrx_word' id='word_1_14' title='bbox 1377 378 1445 436; x_wconf 87' lang='lat' dir='ltr'>tum</span> 
     </span>
     <span class='ocr_line' id='line_1_3' title="bbox 169 457 1447 540; baseline 0.001 -17"><span class='ocrx_word' id='word_1_15' title='bbox 169 461 278 535; x_wconf 70' lang='lat' dir='ltr'>fantus,</span> <span class='ocrx_word' id='word_1_16' title='bbox 295 478 355 540; x_wconf 91' lang='lat' dir='ltr'>quo</span> <span class='ocrx_word' id='word_1_17' title='bbox 367 457 485 520; x_wconf 92' lang='lat' dir='ltr'>meliori</span> <span class='ocrx_word' id='word_1_18' title='bbox 500 459 590 522; x_wconf 89' lang='lat' dir='ltr'>modo</span> <span class='ocrx_word' id='word_1_19' title='bbox 604 465 749 538; x_wconf 90' lang='lat' dir='ltr'>possunt,</span> <span class='ocrx_word' id='word_1_20' title='bbox 762 461 929 539; x_wconf 65' lang='lat' dir='ltr'>juvantem</span> <span class='ocrx_word' id='word_1_21' title='bbox 945 458 998 520; x_wconf 88' lang='lat' dir='ltr'>sed</span> <span class='ocrx_word' id='word_1_22' title='bbox 1014 457 1171 520; x_wconf 75' lang='lat' dir='ltr'><strong>rarissime</strong></span> <span class='ocrx_word' id='word_1_23' title='bbox 1182 460 1219 522; x_wconf 87' lang='lat' dir='ltr'>de</span> <span class='ocrx_word' id='word_1_24' title='bbox 1233 466 1364 540; x_wconf 87' lang='lat' dir='ltr'>utroque</span> <span class='ocrx_word' id='word_1_25' title='bbox 1376 479 1447 524; x_wconf 88' lang='lat' dir='ltr'>con-</span> 
     </span>
     <span class='ocr_line' id='line_1_4' title="bbox 170 546 1449 628; baseline 0.002 -17"><span class='ocrx_word' id='word_1_26' title='bbox 170 549 273 612; x_wconf 89' lang='lat' dir='ltr'>stabit.</span> <span class='ocrx_word' id='word_1_27' title='bbox 291 548 323 611; x_wconf 86' lang='lat' dir='ltr'>Si</span> <span class='ocrx_word' id='word_1_28' title='bbox 337 566 408 609; x_wconf 82' lang='lat' dir='ltr'>uero</span> <span class='ocrx_word' id='word_1_29' title='bbox 420 547 535 628; x_wconf 80' lang='lat' dir='ltr'>equale</span> <span class='ocrx_word' id='word_1_30' title='bbox 549 546 591 610; x_wconf 93' lang='lat' dir='ltr'>sit</span> <span class='ocrx_word' id='word_1_31' title='bbox 604 547 775 627; x_wconf 89' lang='lat' dir='ltr'>periculum</span> <span class='ocrx_word' id='word_1_32' title='bbox 789 547 930 621; x_wconf 87' lang='lat' dir='ltr'>abortus,</span> <span class='ocrx_word' id='word_1_33' title='bbox 948 547 1012 609; x_wconf 86' lang='lat' dir='ltr'>sive</span> <span class='ocrx_word' id='word_1_34' title='bbox 1025 546 1197 610; x_wconf 88' lang='lat' dir='ltr'>remedium</span> <span class='ocrx_word' id='word_1_35' title='bbox 1214 554 1366 622; x_wconf 88' lang='lat' dir='ltr'>sumatur,</span> <span class='ocrx_word' id='word_1_36' title='bbox 1383 548 1449 614; x_wconf 82' lang='lat' dir='ltr'>sire</span> 
     </span>
     <span class='ocr_line' id='line_1_5' title="bbox 169 634 1449 717; baseline 0 -17"><span class='ocrx_word' id='word_1_37' title='bbox 169 655 247 710; x_wconf 90' lang='lat' dir='ltr'>non,</span> <span class='ocrx_word' id='word_1_38' title='bbox 263 636 340 699; x_wconf 90' lang='lat' dir='ltr'>illud</span> <span class='ocrx_word' id='word_1_39' title='bbox 355 635 499 698; x_wconf 86' lang='lat' dir='ltr'>adhibere</span> <span class='ocrx_word' id='word_1_40' title='bbox 511 635 632 698; x_wconf 90' lang='lat' dir='ltr'>licitum</span> <span class='ocrx_word' id='word_1_41' title='bbox 647 641 707 710; x_wconf 87' lang='lat' dir='ltr'>est;</span> <span class='ocrx_word' id='word_1_42' title='bbox 721 635 794 715; x_wconf 88' lang='lat' dir='ltr'>quia</span> <span class='ocrx_word' id='word_1_43' title='bbox 809 634 875 696; x_wconf 90' lang='lat' dir='ltr'>sine</span> <span class='ocrx_word' id='word_1_44' title='bbox 889 635 999 717; x_wconf 77' lang='lat' dir='ltr'>meJ&#39;ori</span> <span class='ocrx_word' id='word_1_45' title='bbox 1009 634 1102 715; x_wconf 86' lang='lat' dir='ltr'>prolis</span> <span class='ocrx_word' id='word_1_46' title='bbox 1112 635 1245 715; x_wconf 90' lang='lat' dir='ltr'>periculo</span> <span class='ocrx_word' id='word_1_47' title='bbox 1255 635 1327 698; x_wconf 80' lang='lat' dir='ltr'>rite</span> <span class='ocrx_word' id='word_1_48' title='bbox 1336 636 1449 700; x_wconf 85' lang='lat' dir='ltr'>matris</span> 
     </span>
     <span class='ocr_line' id='line_1_6' title="bbox 166 721 674 805; baseline -0.006 -18"><span class='ocrx_word' id='word_1_49' title='bbox 166 725 347 788; x_wconf 89' lang='lat' dir='ltr'>consulitur.</span> <span class='ocrx_word' id='word_1_50' title='bbox 364 761 404 770; x_wconf 88' lang='lat'>-—</span> <span class='ocrx_word' id='word_1_51' title='bbox 417 721 451 785; x_wconf 88' lang='lat' dir='ltr'>S.</span> <span class='ocrx_word' id='word_1_52' title='bbox 468 724 538 805; x_wconf 72' lang='lat' dir='ltr'>Liq.</span> <span class='ocrx_word' id='word_1_53' title='bbox 556 745 587 786; x_wconf 82' lang='grc' dir='ltr'>ιι.</span> <span class='ocrx_word' id='word_1_54' title='bbox 604 727 674 788; x_wconf 76' lang='grc'>394.</span> 
     </span>
    </p>

    <p class='ocr_par' dir='ltr' id='par_1_3' title="bbox 166 811 1448 1160">
     <span class='ocr_line' id='line_1_7' title="bbox 209 811 1448 893; baseline -0.001 -15"><span class='ocrx_word' id='word_1_55' title='bbox 209 819 242 878; x_wconf 83' lang='lat'>6⁰</span> <span class='ocrx_word' id='word_1_56' title='bbox 258 813 423 877; x_wconf 75' lang='lat' dir='ltr'>Homicida</span> <span class='ocrx_word' id='word_1_57' title='bbox 431 819 505 874; x_wconf 89' lang='lat' dir='ltr'>sunt</span> <span class='ocrx_word' id='word_1_58' title='bbox 515 811 570 892; x_wconf 89' lang='lat' dir='ltr'>qui</span> <span class='ocrx_word' id='word_1_59' title='bbox 579 812 757 892; x_wconf 88' lang='lat' dir='ltr'>percutiunt</span> <span class='ocrx_word' id='word_1_60' title='bbox 767 813 929 876; x_wconf 89' lang='lat' dir='ltr'>mulierem</span> <span class='ocrx_word' id='word_1_61' title='bbox 939 816 1146 893; x_wconf 71' lang='lat' dir='ltr'>pregnantes]</span> <span class='ocrx_word' id='word_1_62' title='bbox 1157 863 1164 888; x_wconf 88' lang='lat'>,</span> <span class='ocrx_word' id='word_1_63' title='bbox 1177 814 1225 876; x_wconf 84' lang='lat' dir='ltr'>vel</span> <span class='ocrx_word' id='word_1_64' title='bbox 1237 813 1448 890; x_wconf 63' lang='lat' dir='ltr'>terreiaoiunt„</span> 
     </span>
     <span class='ocr_line' id='line_1_8' title="bbox 169 901 1447 983; baseline 0.001 -17"><span class='ocrx_word' id='word_1_65' title='bbox 169 903 214 966; x_wconf 90' lang='lat' dir='ltr'>ita</span> <span class='ocrx_word' id='word_1_66' title='bbox 227 910 264 965; x_wconf 98' lang='grc' dir='ltr'>ιιι</span> <span class='ocrx_word' id='word_1_67' title='bbox 278 903 403 964; x_wconf 88' lang='lat' dir='ltr'>abortus</span> <span class='ocrx_word' id='word_1_68' title='bbox 418 905 574 982; x_wconf 87' lang='lat' dir='ltr'>sequatur.</span> <span class='ocrx_word' id='word_1_69' title='bbox 591 903 668 963; x_wconf 87' lang='lat' dir='ltr'>Item</span> <span class='ocrx_word' id='word_1_70' title='bbox 682 901 826 964; x_wconf 88' lang='lat' dir='ltr'>mulieres</span> <span class='ocrx_word' id='word_1_71' title='bbox 838 901 986 981; x_wconf 78' lang='lat' dir='ltr'>gravida,</span> <span class='ocrx_word' id='word_1_72' title='bbox 1003 920 1072 982; x_wconf 80' lang='lat' dir='ltr'>qua</span> <span class='ocrx_word' id='word_1_73' title='bbox 1083 921 1155 964; x_wconf 88' lang='lat' dir='ltr'>com</span> <span class='ocrx_word' id='word_1_74' title='bbox 1167 903 1254 982; x_wconf 72' lang='lat' dir='ltr'>gravi</span> <span class='ocrx_word' id='word_1_75' title='bbox 1266 902 1447 983; x_wconf 79' lang='lat' dir='ltr'>impruden·</span> 
     </span>
     <span class='ocr_line' id='line_1_9' title="bbox 167 989 1446 1070; baseline 0.002 -16"><span class='ocrx_word' id='word_1_76' title='bbox 167 991 214 1054; x_wconf 83' lang='lat' dir='ltr'>tia</span> <span class='ocrx_word' id='word_1_77' title='bbox 228 991 321 1054; x_wconf 81' lang='lat' dir='ltr'>variis</span> <span class='ocrx_word' id='word_1_78' title='bbox 335 989 436 1052; x_wconf 89' lang='lat' dir='ltr'>modis</span> <span class='ocrx_word' id='word_1_79' title='bbox 450 989 575 1060; x_wconf 89' lang='lat' dir='ltr'>abortus</span> <span class='ocrx_word' id='word_1_80' title='bbox 590 1007 714 1051; x_wconf 86' lang='lat' dir='ltr'>causam</span> <span class='ocrx_word' id='word_1_81' title='bbox 723 990 898 1070; x_wconf 72' lang='lat' dir='ltr'>proximam</span> <span class='ocrx_word' id='word_1_82' title='bbox 910 997 1045 1070; x_wconf 90' lang='lat' dir='ltr'>ponunt,</span> <span class='ocrx_word' id='word_1_83' title='bbox 1058 1010 1088 1052; x_wconf 87' lang='grc' dir='ltr'>ιι.</span> <span class='ocrx_word' id='word_1_84' title='bbox 1101 1009 1160 1070; x_wconf 66' lang='lat' dir='ltr'>gr„</span> <span class='ocrx_word' id='word_1_85' title='bbox 1172 991 1280 1054; x_wconf 87' lang='lat' dir='ltr'>nimiis</span> <span class='ocrx_word' id='word_1_86' title='bbox 1288 991 1446 1056; x_wconf 84' lang='lat' dir='ltr'>laboribus</span> 
     </span>
     <span class='ocr_line' id='line_1_10' title="bbox 166 1077 1441 1160; baseline 0 -18"><span class='ocrx_word' id='word_1_87' title='bbox 166 1097 291 1160; x_wconf 81' lang='lat' dir='ltr'>operam</span> <span class='ocrx_word' id='word_1_88' title='bbox 306 1079 421 1154; x_wconf 88' lang='lat' dir='ltr'>dando,</span> <span class='ocrx_word' id='word_1_89' title='bbox 436 1096 527 1140; x_wconf 90' lang='lat' dir='ltr'>onera</span> <span class='ocrx_word' id='word_1_90' title='bbox 541 1077 646 1157; x_wconf 81' lang='lat' dir='ltr'>gravia</span> <span class='ocrx_word' id='word_1_91' title='bbox 660 1080 857 1158; x_wconf 85' lang='lat' dir='ltr'>asportando,</span> <span class='ocrx_word' id='word_1_92' title='bbox 877 1078 966 1158; x_wconf 90' lang='lat' dir='ltr'>pedes</span> <span class='ocrx_word' id='word_1_93' title='bbox 978 1077 1012 1140; x_wconf 91' lang='lat' dir='ltr'>in</span> <span class='ocrx_word' id='word_1_94' title='bbox 1027 1097 1105 1160; x_wconf 87' lang='lat' dir='ltr'>aqua</span> <span class='ocrx_word' id='word_1_95' title='bbox 1115 1078 1375 1159; x_wconf 78' lang='lat' dir='ltr'>frigidalavando,</span> <span class='ocrx_word' id='word_1_96' title='bbox 1384 1087 1441 1144; x_wconf 83' lang='lat' dir='ltr'>etc.</span> 
     </span>
    </p>

    <p class='ocr_par' dir='ltr' id='par_1_4' title="bbox 167 1165 1451 1585">
     <span class='ocr_line' id='line_1_11' title="bbox 210 1165 1445 1249; baseline 0.003 -19"><span class='ocrx_word' id='word_1_97' title='bbox 210 1174 242 1230; x_wconf 83' lang='lat'>7⁰</span> <span class='ocrx_word' id='word_1_98' title='bbox 267 1167 293 1226; x_wconf 87' lang='grc' dir='ltr'><strong><em>Α</em></strong></span> <span class='ocrx_word' id='word_1_99' title='bbox 316 1168 445 1248; x_wconf 79' lang='lat' dir='ltr'>fortiori</span> <span class='ocrx_word' id='word_1_100' title='bbox 464 1165 625 1228; x_wconf 89' lang='lat' dir='ltr'>homicidii</span> <span class='ocrx_word' id='word_1_101' title='bbox 643 1185 702 1229; x_wconf 80' lang='lat' dir='ltr'>reae</span> <span class='ocrx_word' id='word_1_102' title='bbox 723 1173 797 1230; x_wconf 89' lang='lat' dir='ltr'>sunt</span> <span class='ocrx_word' id='word_1_103' title='bbox 812 1167 920 1247; x_wconf 78' lang='lat' dir='ltr'>puellae</span> <span class='ocrx_word' id='word_1_104' title='bbox 938 1185 976 1228; x_wconf 88' lang='lat' dir='ltr'>ex</span> <span class='ocrx_word' id='word_1_105' title='bbox 993 1166 1192 1230; x_wconf 71' lang='lat' dir='ltr'>fornicatione</span> <span class='ocrx_word' id='word_1_106' title='bbox 1208 1168 1357 1248; x_wconf 61' lang='lat' dir='ltr'>mauide,</span> <span class='ocrx_word' id='word_1_107' title='bbox 1376 1185 1445 1249; x_wconf 76' lang='lat' dir='ltr'>que</span> 
     </span>
     <span class='ocr_line' id='line_1_12' title="bbox 167 1254 1444 1338; baseline 0.002 -20"><span class='ocrx_word' id='word_1_108' title='bbox 167 1255 310 1338; x_wconf 91' lang='lat' dir='ltr'>repetitos</span> <span class='ocrx_word' id='word_1_109' title='bbox 323 1262 451 1318; x_wconf 91' lang='lat' dir='ltr'>conatus</span> <span class='ocrx_word' id='word_1_110' title='bbox 466 1254 612 1316; x_wconf 86' lang='lat' dir='ltr'>adhibent</span> <span class='ocrx_word' id='word_1_111' title='bbox 628 1255 667 1317; x_wconf 89' lang='lat' dir='ltr'>ad</span> <span class='ocrx_word' id='word_1_112' title='bbox 681 1256 825 1318; x_wconf 89' lang='lat' dir='ltr'>abortum</span> <span class='ocrx_word' id='word_1_113' title='bbox 839 1257 1072 1331; x_wconf 86' lang='lat' dir='ltr'>attentandum,</span> <span class='ocrx_word' id='word_1_114' title='bbox 1087 1255 1277 1337; x_wconf 84' lang='lat' dir='ltr'>potionibus,</span> <span class='ocrx_word' id='word_1_115' title='bbox 1294 1257 1444 1332; x_wconf 85' lang='lat' dir='ltr'>saltibus,</span> 
     </span>
     <span class='ocr_line' id='line_1_13' title="bbox 168 1342 1445 1427; baseline 0.002 -19"><span class='ocrx_word' id='word_1_116' title='bbox 168 1343 326 1420; x_wconf 89' lang='lat' dir='ltr'>oneribus,</span> <span class='ocrx_word' id='word_1_117' title='bbox 343 1343 461 1407; x_wconf 83' lang='lat' dir='ltr'>ventris</span> <span class='ocrx_word' id='word_1_118' title='bbox 479 1344 581 1408; x_wconf 81' lang='lat' dir='ltr'>valida</span> <span class='ocrx_word' id='word_1_119' title='bbox 599 1342 793 1424; x_wconf 79' lang='lat' dir='ltr'><strong>percussione</strong></span> <span class='ocrx_word' id='word_1_120' title='bbox 811 1350 841 1406; x_wconf 85' lang='lat' dir='ltr'>et</span> <span class='ocrx_word' id='word_1_121' title='bbox 856 1343 1094 1424; x_wconf 75' lang='lat' dir='ltr'>compressione,</span> <span class='ocrx_word' id='word_1_122' title='bbox 1116 1349 1176 1408; x_wconf 86' lang='lat' dir='ltr'>eto.</span> <span class='ocrx_word' id='word_1_123' title='bbox 1197 1346 1323 1420; x_wconf 83' lang='lat' dir='ltr'>Quando</span> <span class='ocrx_word' id='word_1_124' title='bbox 1336 1345 1445 1427; x_wconf 78' lang='lat' dir='ltr'>hujus·</span> 
     </span>
     <span class='ocr_line' id='line_1_14' title="bbox 167 1431 1451 1524; baseline 0.003 -28"><span class='ocrx_word' id='word_1_125' title='bbox 167 1433 252 1496; x_wconf 87' lang='lat' dir='ltr'>modi</span> <span class='ocrx_word' id='word_1_126' title='bbox 266 1433 391 1496; x_wconf 79' lang='lat' dir='ltr'>femine</span> <span class='ocrx_word' id='word_1_127' title='bbox 406 1433 603 1507; x_wconf 81' lang='lat' dir='ltr'>confitentur,</span> <span class='ocrx_word' id='word_1_128' title='bbox 620 1433 737 1508; x_wconf 89' lang='lat' dir='ltr'>sedulo,</span> <span class='ocrx_word' id='word_1_129' title='bbox 756 1433 807 1494; x_wconf 90' lang='lat' dir='ltr'>sed</span> <span class='ocrx_word' id='word_1_130' title='bbox 826 1451 889 1495; x_wconf 92' lang='lat' dir='ltr'>non</span> <span class='ocrx_word' id='word_1_131' title='bbox 907 1433 1053 1514; x_wconf 89' lang='lat' dir='ltr'>abrupte,</span> <span class='ocrx_word' id='word_1_132' title='bbox 1072 1431 1295 1524; x_wconf 73' lang='lat' dir='ltr'>interrogandae</span> <span class='ocrx_word' id='word_1_133' title='bbox 1314 1441 1391 1498; x_wconf 86' lang='lat' dir='ltr'>sunt</span> <span class='ocrx_word' id='word_1_134' title='bbox 1411 1436 1451 1500; x_wconf 80' lang='grc' dir='ltr'>(ιιι</span> 
     </span>
     <span class='ocr_line' id='line_1_15' title="bbox 167 1522 700 1585; baseline -0.002 -1"><span class='ocrx_word' id='word_1_135' title='bbox 167 1523 277 1585; x_wconf 89' lang='lat' dir='ltr'>abortu</span> <span class='ocrx_word' id='word_1_136' title='bbox 292 1522 461 1584; x_wconf 86' lang='lat' dir='ltr'>desiderato</span> <span class='ocrx_word' id='word_1_137' title='bbox 477 1522 524 1583; x_wconf 81' lang='lat' dir='ltr'>vel</span> <span class='ocrx_word' id='word_1_138' title='bbox 539 1527 700 1583; x_wconf 87' lang='lat' dir='ltr'>attentato.</span> 
     </span>
    </p>

    <p class='ocr_par' dir='ltr' id='par_1_5' title="bbox 167 1608 1447 2046">
     <span class='ocr_line' id='line_1_16' title="bbox 207 1608 1445 1692; baseline 0.002 -18"><span class='ocrx_word' id='word_1_139' title='bbox 207 1615 240 1674; x_wconf 86' lang='lat'>8⁰</span> <span class='ocrx_word' id='word_1_140' title='bbox 252 1611 342 1674; x_wconf 90' lang='lat' dir='ltr'>Nulla</span> <span class='ocrx_word' id='word_1_141' title='bbox 362 1610 480 1673; x_wconf 88' lang='lat' dir='ltr'>ratione</span> <span class='ocrx_word' id='word_1_142' title='bbox 504 1610 542 1671; x_wconf 90' lang='lat' dir='ltr'>ab</span> <span class='ocrx_word' id='word_1_143' title='bbox 563 1608 728 1672; x_wconf 87' lang='lat' dir='ltr'>homicidio</span> <span class='ocrx_word' id='word_1_144' title='bbox 747 1609 886 1672; x_wconf 82' lang='lat' dir='ltr'>excusari</span> <span class='ocrx_word' id='word_1_145' title='bbox 901 1617 1029 1690; x_wconf 77' lang='lat' dir='ltr'>possunt</span> <span class='ocrx_word' id='word_1_146' title='bbox 1047 1611 1159 1674; x_wconf 88' lang='lat' dir='ltr'>medici</span> <span class='ocrx_word' id='word_1_147' title='bbox 1176 1611 1247 1692; x_wconf 86' lang='lat' dir='ltr'>qui,</span> <span class='ocrx_word' id='word_1_148' title='bbox 1262 1619 1299 1676; x_wconf 92' lang='grc' dir='ltr'>ιιι</span> <span class='ocrx_word' id='word_1_149' title='bbox 1314 1621 1445 1678; x_wconf 87' lang='lat' dir='ltr'>matrem</span> 
     </span>
     <span class='ocr_line' id='line_1_17' title="bbox 167 1698 1444 1782; baseline 0.002 -21"><span class='ocrx_word' id='word_1_150' title='bbox 167 1699 296 1762; x_wconf 81' lang='lat' dir='ltr'>liberent</span> <span class='ocrx_word' id='word_1_151' title='bbox 311 1705 436 1780; x_wconf 90' lang='lat' dir='ltr'>partum</span> <span class='ocrx_word' id='word_1_152' title='bbox 457 1700 543 1761; x_wconf 88' lang='lat' dir='ltr'>edere</span> <span class='ocrx_word' id='word_1_153' title='bbox 562 1717 624 1760; x_wconf 90' lang='lat' dir='ltr'>non</span> <span class='ocrx_word' id='word_1_154' title='bbox 641 1700 807 1773; x_wconf 80' lang='lat' dir='ltr'>valentem,</span> <span class='ocrx_word' id='word_1_155' title='bbox 822 1698 948 1780; x_wconf 90' lang='lat' dir='ltr'>ideoque</span> <span class='ocrx_word' id='word_1_156' title='bbox 965 1718 1037 1762; x_wconf 84' lang='lat' dir='ltr'>mox</span> <span class='ocrx_word' id='word_1_157' title='bbox 1055 1717 1127 1762; x_wconf 81' lang='lat' dir='ltr'>erun</span> <span class='ocrx_word' id='word_1_158' title='bbox 1145 1701 1226 1782; x_wconf 88' lang='lat' dir='ltr'>prole</span> <span class='ocrx_word' id='word_1_159' title='bbox 1244 1701 1444 1778; x_wconf 87' lang='lat' dir='ltr'>morituram,</span> 
     </span>
     <span class='ocr_line' id='line_1_18' title="bbox 167 1787 1447 1870; baseline 0.003 -20"><span class='ocrx_word' id='word_1_160' title='bbox 167 1793 329 1850; x_wconf 88' lang='lat' dir='ltr'>recurrunt</span> <span class='ocrx_word' id='word_1_161' title='bbox 351 1787 390 1849; x_wconf 89' lang='lat' dir='ltr'>ad</span> <span class='ocrx_word' id='word_1_162' title='bbox 408 1787 679 1870; x_wconf 83' lang='lat' dir='ltr'>ceptolotripsiam</span> <span class='ocrx_word' id='word_1_163' title='bbox 698 1805 753 1850; x_wconf 87' lang='lat' dir='ltr'>seu</span> <span class='ocrx_word' id='word_1_164' title='bbox 773 1787 1034 1869; x_wconf 63' lang='lat' dir='ltr'>emar-poenam,</span> <span class='ocrx_word' id='word_1_165' title='bbox 1051 1788 1083 1850; x_wconf 89' lang='lat' dir='ltr'>id</span> <span class='ocrx_word' id='word_1_166' title='bbox 1105 1794 1152 1850; x_wconf 91' lang='lat' dir='ltr'>est</span> <span class='ocrx_word' id='word_1_167' title='bbox 1173 1807 1228 1868; x_wconf 90' lang='lat' dir='ltr'>ope</span> <span class='ocrx_word' id='word_1_168' title='bbox 1245 1789 1369 1870; x_wconf 80' lang='lat' dir='ltr'>forcipis</span> <span class='ocrx_word' id='word_1_169' title='bbox 1386 1809 1447 1854; x_wconf 88' lang='lat' dir='ltr'>cra-</span> 
     </span>
     <span class='ocr_line' id='line_1_19' title="bbox 167 1875 1446 1958; baseline 0.003 -20"><span class='ocrx_word' id='word_1_170' title='bbox 167 1877 258 1938; x_wconf 89' lang='lat' dir='ltr'>nium</span> <span class='ocrx_word' id='word_1_171' title='bbox 271 1875 417 1938; x_wconf 76' lang='lat' dir='ltr'>infantuli</span> <span class='ocrx_word' id='word_1_172' title='bbox 431 1876 465 1939; x_wconf 94' lang='lat' dir='ltr'>in</span> <span class='ocrx_word' id='word_1_173' title='bbox 479 1875 545 1958; x_wconf 90' lang='lat' dir='ltr'>ipso</span> <span class='ocrx_word' id='word_1_174' title='bbox 558 1876 668 1938; x_wconf 88' lang='lat' dir='ltr'>matris</span> <span class='ocrx_word' id='word_1_175' title='bbox 682 1880 768 1938; x_wconf 90' lang='lat' dir='ltr'>utero</span> <span class='ocrx_word' id='word_1_176' title='bbox 786 1875 939 1956; x_wconf 72' lang='lat' dir='ltr'>perforant</span> <span class='ocrx_word' id='word_1_177' title='bbox 959 1883 1014 1940; x_wconf 91' lang='lat' dir='ltr'>aut</span> <span class='ocrx_word' id='word_1_178' title='bbox 1033 1883 1211 1952; x_wconf 86' lang='lat' dir='ltr'>conterunt,</span> <span class='ocrx_word' id='word_1_179' title='bbox 1233 1895 1268 1940; x_wconf 89' lang='lat' dir='ltr'>ac</span> <span class='ocrx_word' id='word_1_180' title='bbox 1285 1886 1446 1942; x_wconf 82' lang='lat' dir='ltr'>mortuum</span> 
     </span>
     <span class='ocr_line' id='line_1_20' title="bbox 171 1963 1155 2046; baseline 0.002 -20"><span class='ocrx_word' id='word_1_181' title='bbox 171 1963 283 2027; x_wconf 83' lang='lat' dir='ltr'>foetrrm</span> <span class='ocrx_word' id='word_1_182' title='bbox 295 1973 400 2046; x_wconf 88' lang='lat' dir='ltr'>postea</span> <span class='ocrx_word' id='word_1_183' title='bbox 416 1965 564 2027; x_wconf 88' lang='lat' dir='ltr'>violenter</span> <span class='ocrx_word' id='word_1_184' title='bbox 578 1963 756 2027; x_wconf 79' lang='lat' dir='ltr'>extrahunt.</span> <span class='ocrx_word' id='word_1_185' title='bbox 773 1969 860 2028; x_wconf 87' lang='lat' dir='ltr'>Patet</span> <span class='ocrx_word' id='word_1_186' title='bbox 874 1984 912 2028; x_wconf 86' lang='lat' dir='ltr'>ex</span> <span class='ocrx_word' id='word_1_187' title='bbox 928 1971 1018 2028; x_wconf 89' lang='lat' dir='ltr'>antea</span> <span class='ocrx_word' id='word_1_188' title='bbox 1032 1965 1123 2028; x_wconf 89' lang='lat' dir='ltr'>dictis</span> <span class='ocrx_word' id='word_1_189' title='bbox 1134 1975 1155 2027; x_wconf 90' lang='lat'>¹.</span> 
     </span>
    </p>

    <p class='ocr_par' dir='ltr' id='par_1_6' title="bbox 165 2053 1448 2932">
     <span class='ocr_line' id='line_1_21' title="bbox 207 2053 1444 2136; baseline 0.003 -20"><span class='ocrx_word' id='word_1_190' title='bbox 207 2057 243 2116; x_wconf 76' lang='grc' dir='ltr'>9ο</span> <span class='ocrx_word' id='word_1_191' title='bbox 262 2058 328 2117; x_wconf 80' lang='grc' dir='ltr'>ιιοιι</span> <span class='ocrx_word' id='word_1_192' title='bbox 347 2061 447 2134; x_wconf 91' lang='lat' dir='ltr'>potest</span> <span class='ocrx_word' id='word_1_193' title='bbox 469 2053 561 2116; x_wconf 72' lang='lat' dir='ltr'>fretus</span> <span class='ocrx_word' id='word_1_194' title='bbox 581 2053 738 2115; x_wconf 90' lang='lat' dir='ltr'>animatus</span> <span class='ocrx_word' id='word_1_195' title='bbox 759 2053 941 2134; x_wconf 91' lang='lat' dir='ltr'>propriaque</span> <span class='ocrx_word' id='word_1_196' title='bbox 957 2055 1021 2117; x_wconf 83' lang='lat' dir='ltr'>vita</span> <span class='ocrx_word' id='word_1_197' title='bbox 1040 2055 1172 2117; x_wconf 85' lang='lat' dir='ltr'>donatus</span> <span class='ocrx_word' id='word_1_198' title='bbox 1191 2055 1388 2136; x_wconf 76' lang='lat' dir='ltr'>equiperari,</span> <span class='ocrx_word' id='word_1_199' title='bbox 1408 2063 1444 2120; x_wconf 90' lang='lat' dir='ltr'>ut</span> 
     </span>
     <span class='ocr_line' id='line_1_22' title="bbox 166 2141 1448 2226; baseline 0.004 -23"><span class='ocrx_word' id='word_1_200' title='bbox 166 2143 294 2224; x_wconf 90' lang='lat' dir='ltr'>quidam</span> <span class='ocrx_word' id='word_1_201' title='bbox 324 2141 497 2205; x_wconf 86' lang='lat' dir='ltr'>innuerunt</span> <span class='ocrx_word' id='word_1_202' title='bbox 523 2149 629 2204; x_wconf 87' lang='lat' dir='ltr'>contra</span> <span class='ocrx_word' id='word_1_203' title='bbox 653 2141 835 2204; x_wconf 84' lang='lat' dir='ltr'>unanimem</span> <span class='ocrx_word' id='word_1_204' title='bbox 864 2143 1072 2222; x_wconf 86' lang='lat' dir='ltr'>theologorum</span> <span class='ocrx_word' id='word_1_205' title='bbox 1100 2143 1301 2219; x_wconf 86' lang='lat' dir='ltr'>sententiam,</span> <span class='ocrx_word' id='word_1_206' title='bbox 1332 2145 1448 2226; x_wconf 77' lang='lat' dir='ltr'>injusto-</span> 
     </span>
     <span class='ocr_line' id='line_1_23' title="bbox 166 2230 1442 2315; baseline 0.002 -21"><span class='ocrx_word' id='word_1_207' title='bbox 166 2230 348 2311; x_wconf 78' lang='lat' dir='ltr'>aggressori3</span> <span class='ocrx_word' id='word_1_208' title='bbox 374 2231 429 2310; x_wconf 90' lang='lat' dir='ltr'>qui</span> <span class='ocrx_word' id='word_1_209' title='bbox 452 2230 536 2293; x_wconf 91' lang='lat' dir='ltr'>enim</span> <span class='ocrx_word' id='word_1_210' title='bbox 557 2249 596 2292; x_wconf 87' lang='lat' dir='ltr'>ex</span> <span class='ocrx_word' id='word_1_211' title='bbox 619 2230 680 2293; x_wconf 91' lang='lat' dir='ltr'>solo</span> <span class='ocrx_word' id='word_1_212' title='bbox 702 2249 795 2292; x_wconf 90' lang='lat' dir='ltr'>cursu</span> <span class='ocrx_word' id='word_1_213' title='bbox 819 2249 923 2292; x_wconf 91' lang='lat' dir='ltr'>rerum</span> <span class='ocrx_word' id='word_1_214' title='bbox 944 2230 1096 2306; x_wconf 90' lang='lat' dir='ltr'>naturali,</span> <span class='ocrx_word' id='word_1_215' title='bbox 1119 2249 1150 2292; x_wconf 84' lang='lat' dir='ltr'>v.</span> <span class='ocrx_word' id='word_1_216' title='bbox 1173 2249 1233 2312; x_wconf 66' lang='lat' dir='ltr'>gr„</span> <span class='ocrx_word' id='word_1_217' title='bbox 1254 2231 1348 2296; x_wconf 90' lang='lat' dir='ltr'>homo</span> <span class='ocrx_word' id='word_1_218' title='bbox 1365 2237 1442 2315; x_wconf 78' lang='lat' dir='ltr'>peste</span> 
     </span>
     <span class='ocr_line' id='line_1_24' title="bbox 165 2318 1448 2401; baseline 0.003 -19"><span class='ocrx_word' id='word_1_219' title='bbox 165 2318 312 2393; x_wconf 85' lang='lat' dir='ltr'>iniectus,</span> <span class='ocrx_word' id='word_1_220' title='bbox 327 2319 361 2381; x_wconf 85' lang='lat' dir='ltr'>fit</span> <span class='ocrx_word' id='word_1_221' title='bbox 370 2319 456 2382; x_wconf 87' lang='lat' dir='ltr'>alteri</span> <span class='ocrx_word' id='word_1_222' title='bbox 470 2338 560 2381; x_wconf 87' lang='lat' dir='ltr'>eausa</span> <span class='ocrx_word' id='word_1_223' title='bbox 570 2318 696 2392; x_wconf 81' lang='lat' dir='ltr'>mortis,</span> <span class='ocrx_word' id='word_1_224' title='bbox 711 2318 819 2398; x_wconf 90' lang='lat' dir='ltr'>nequit</span> <span class='ocrx_word' id='word_1_225' title='bbox 831 2319 938 2382; x_wconf 89' lang='lat' dir='ltr'>haberi</span> <span class='ocrx_word' id='word_1_226' title='bbox 952 2324 1101 2401; x_wconf 91' lang='lat' dir='ltr'>tanquam</span> <span class='ocrx_word' id='word_1_227' title='bbox 1113 2337 1271 2400; x_wconf 81' lang='lat' dir='ltr'>aggressor</span> <span class='ocrx_word' id='word_1_228' title='bbox 1279 2320 1448 2386; x_wconf 77' lang='lat' dir='ltr'>formaliter</span> 
     </span>
     <span class='ocr_line' id='line_1_25' title="bbox 166 2407 1447 2491; baseline 0.001 -20"><span class='ocrx_word' id='word_1_229' title='bbox 166 2413 223 2471; x_wconf 90' lang='lat' dir='ltr'>aut</span> <span class='ocrx_word' id='word_1_230' title='bbox 236 2407 437 2471; x_wconf 85' lang='lat' dir='ltr'>materialiter</span> <span class='ocrx_word' id='word_1_231' title='bbox 454 2407 600 2488; x_wconf 89' lang='lat' dir='ltr'>injustus.</span> <span class='ocrx_word' id='word_1_232' title='bbox 617 2411 776 2488; x_wconf 87' lang='lat' dir='ltr'>-Neque</span> <span class='ocrx_word' id='word_1_233' title='bbox 795 2407 890 2469; x_wconf 86' lang='lat' dir='ltr'>etiem</span> <span class='ocrx_word' id='word_1_234' title='bbox 907 2408 1076 2488; x_wconf 86' lang='lat' dir='ltr'>comparari</span> <span class='ocrx_word' id='word_1_235' title='bbox 1096 2413 1195 2488; x_wconf 89' lang='lat' dir='ltr'>potest</span> <span class='ocrx_word' id='word_1_236' title='bbox 1211 2410 1368 2472; x_wconf 80' lang='lat' dir='ltr'>innocenti</span> <span class='ocrx_word' id='word_1_237' title='bbox 1391 2411 1447 2491; x_wconf 90' lang='lat' dir='ltr'>qni</span> 
     </span>
     <span class='ocr_line' id='line_1_26' title="bbox 165 2495 1445 2578; baseline 0 -18"><span class='ocrx_word' id='word_1_238' title='bbox 165 2517 229 2560; x_wconf 91' lang='lat' dir='ltr'>una</span> <span class='ocrx_word' id='word_1_239' title='bbox 244 2515 316 2559; x_wconf 90' lang='lat' dir='ltr'>oum</span> <span class='ocrx_word' id='word_1_240' title='bbox 330 2498 447 2578; x_wconf 70' lang='lat' dir='ltr'>iniusto</span> <span class='ocrx_word' id='word_1_241' title='bbox 461 2513 635 2576; x_wconf 82' lang='lat' dir='ltr'>aggressore</span> <span class='ocrx_word' id='word_1_242' title='bbox 647 2495 805 2569; x_wconf 84' lang='lat' dir='ltr'>occiditur,</span> <span class='ocrx_word' id='word_1_243' title='bbox 823 2495 896 2576; x_wconf 88' lang='lat' dir='ltr'>quia</span> <span class='ocrx_word' id='word_1_244' title='bbox 910 2516 917 2557; x_wconf 92' lang='lat'>:</span> <span class='ocrx_word' id='word_1_245' title='bbox 932 2502 964 2559; x_wconf 82' lang='grc' dir='ltr'>ι0</span> <span class='ocrx_word' id='word_1_246' title='bbox 976 2503 1082 2578; x_wconf 89' lang='lat' dir='ltr'>partus</span> <span class='ocrx_word' id='word_1_247' title='bbox 1094 2497 1278 2577; x_wconf 75' lang='lat' dir='ltr'>pericarlosus</span> <span class='ocrx_word' id='word_1_248' title='bbox 1292 2505 1347 2560; x_wconf 88' lang='lat' dir='ltr'>aut</span> <span class='ocrx_word' id='word_1_249' title='bbox 1360 2517 1445 2560; x_wconf 87' lang='lat' dir='ltr'>mor-</span> 
     </span>
     <span class='ocr_line' id='line_1_27' title="bbox 165 2584 1443 2668; baseline -0.002 -20"><span class='ocrx_word' id='word_1_250' title='bbox 165 2585 273 2649; x_wconf 88' lang='lat' dir='ltr'>tiferus</span> <span class='ocrx_word' id='word_1_251' title='bbox 290 2603 451 2668; x_wconf 76' lang='lat' dir='ltr'>nimquam</span> <span class='ocrx_word' id='word_1_252' title='bbox 465 2592 546 2647; x_wconf 87' lang='lat' dir='ltr'>recte</span> <span class='ocrx_word' id='word_1_253' title='bbox 559 2584 678 2648; x_wconf 87' lang='lat' dir='ltr'>dicetur</span> <span class='ocrx_word' id='word_1_254' title='bbox 692 2584 827 2665; x_wconf 76' lang='lat' dir='ltr'>injustus</span> <span class='ocrx_word' id='word_1_255' title='bbox 841 2584 951 2646; x_wconf 89' lang='lat' dir='ltr'>matris</span> <span class='ocrx_word' id='word_1_256' title='bbox 966 2603 1138 2664; x_wconf 84' lang='lat' dir='ltr'>aggressor;</span> <span class='ocrx_word' id='word_1_257' title='bbox 1153 2589 1187 2648; x_wconf 71' lang='lat'>2⁰</span> <span class='ocrx_word' id='word_1_258' title='bbox 1203 2603 1360 2666; x_wconf 88' lang='lat' dir='ltr'>nunquam</span> <span class='ocrx_word' id='word_1_259' title='bbox 1374 2585 1443 2647; x_wconf 88' lang='lat' dir='ltr'>lici·</span> 
     </span>
     <span class='ocr_line' id='line_1_28' title="bbox 166 2672 1441 2754; baseline -0.001 -17"><span class='ocrx_word' id='word_1_260' title='bbox 166 2682 236 2737; x_wconf 87' lang='lat' dir='ltr'>tum</span> <span class='ocrx_word' id='word_1_261' title='bbox 248 2682 295 2738; x_wconf 92' lang='lat' dir='ltr'>ost</span> <span class='ocrx_word' id='word_1_262' title='bbox 306 2692 464 2738; x_wconf 87' lang='lat' dir='ltr'>assumere</span> <span class='ocrx_word' id='word_1_263' title='bbox 478 2678 608 2736; x_wconf 90' lang='lat' dir='ltr'>mortem</span> <span class='ocrx_word' id='word_1_264' title='bbox 622 2672 794 2736; x_wconf 90' lang='lat' dir='ltr'>innocentis</span> <span class='ocrx_word' id='word_1_265' title='bbox 807 2677 955 2754; x_wconf 83' lang='lat' dir='ltr'>tanquam</span> <span class='ocrx_word' id='word_1_266' title='bbox 973 2673 1111 2736; x_wconf 84' lang='lat' dir='ltr'>medium</span> <span class='ocrx_word' id='word_1_267' title='bbox 1126 2675 1165 2736; x_wconf 86' lang='lat' dir='ltr'>ad</span> <span class='ocrx_word' id='word_1_268' title='bbox 1178 2675 1293 2737; x_wconf 88' lang='lat' dir='ltr'>hostem</span> <span class='ocrx_word' id='word_1_269' title='bbox 1302 2673 1441 2736; x_wconf 85' lang='lat' dir='ltr'>occiden-</span> 
     </span>
     <span class='ocr_line' id='line_1_29' title="bbox 165 2761 1442 2846; baseline -0.001 -20"><span class='ocrx_word' id='word_1_270' title='bbox 165 2765 257 2840; x_wconf 87' lang='lat' dir='ltr'>dum;</span> <span class='ocrx_word' id='word_1_271' title='bbox 276 2771 307 2826; x_wconf 89' lang='lat' dir='ltr'>at</span> <span class='ocrx_word' id='word_1_272' title='bbox 320 2765 355 2826; x_wconf 87' lang='lat' dir='ltr'>in</span> <span class='ocrx_word' id='word_1_273' title='bbox 370 2782 457 2839; x_wconf 88' lang='lat' dir='ltr'>casu,</span> <span class='ocrx_word' id='word_1_274' title='bbox 475 2763 602 2826; x_wconf 87' lang='lat' dir='ltr'>abortus</span> <span class='ocrx_word' id='word_1_275' title='bbox 616 2767 672 2824; x_wconf 91' lang='lat' dir='ltr'>aut</span> <span class='ocrx_word' id='word_1_276' title='bbox 686 2761 792 2824; x_wconf 79' lang='lat' dir='ltr'>occisio</span> <span class='ocrx_word' id='word_1_277' title='bbox 805 2761 936 2824; x_wconf 85' lang='lat' dir='ltr'>infantis</span> <span class='ocrx_word' id='word_1_278' title='bbox 954 2762 1126 2825; x_wconf 86' lang='lat' dir='ltr'>assumitur</span> <span class='ocrx_word' id='word_1_279' title='bbox 1140 2769 1286 2846; x_wconf 89' lang='lat' dir='ltr'>tanquam</span> <span class='ocrx_word' id='word_1_280' title='bbox 1298 2761 1442 2825; x_wconf 72' lang='lat' dir='ltr'>metium</span> 
     </span>
     <span class='ocr_line' id='line_1_30' title="bbox 165 2849 880 2932; baseline -0.003 -18"><span class='ocrx_word' id='word_1_281' title='bbox 165 2853 204 2914; x_wconf 91' lang='lat' dir='ltr'>ad</span> <span class='ocrx_word' id='word_1_282' title='bbox 218 2859 350 2914; x_wconf 89' lang='lat' dir='ltr'>matrem</span> <span class='ocrx_word' id='word_1_283' title='bbox 365 2851 556 2914; x_wconf 88' lang='lat' dir='ltr'>liberandam</span> <span class='ocrx_word' id='word_1_284' title='bbox 570 2857 689 2932; x_wconf 88' lang='lat' dir='ltr'>apertu</span> <span class='ocrx_word' id='word_1_285' title='bbox 703 2849 880 2930; x_wconf 88' lang='lat' dir='ltr'>periculoso.</span> 
     </span>
    </p>
   </div>
   <div class='ocr_carea' id='block_1_3' title="bbox 163 2946 1451 4008">
    <p class='ocr_par' dir='ltr' id='par_1_7' title="bbox 163 2946 1451 3914">
     <span class='ocr_line' id='line_1_31' title="bbox 207 2946 1450 3030; baseline -0.001 -18"><span class='ocrx_word' id='word_1_286' title='bbox 207 2953 258 3012; x_wconf 62' lang='grc' dir='ltr'>ιιι</span> <span class='ocrx_word' id='word_1_287' title='bbox 273 2949 320 3009; x_wconf 84' lang='lat' dir='ltr'>Ex</span> <span class='ocrx_word' id='word_1_288' title='bbox 329 2966 364 3010; x_wconf 90' lang='lat' dir='ltr'>eo</span> <span class='ocrx_word' id='word_1_289' title='bbox 377 2949 459 3028; x_wconf 90' lang='lat' dir='ltr'>quod</span> <span class='ocrx_word' id='word_1_290' title='bbox 473 2953 573 3010; x_wconf 91' lang='lat' dir='ltr'>mater</span> <span class='ocrx_word' id='word_1_291' title='bbox 585 2947 620 3010; x_wconf 94' lang='lat' dir='ltr'>in</span> <span class='ocrx_word' id='word_1_292' title='bbox 631 2946 790 3027; x_wconf 75' lang='lat' dir='ltr'>naufragio</span> <span class='ocrx_word' id='word_1_293' title='bbox 802 2965 865 3010; x_wconf 93' lang='lat' dir='ltr'>non</span> <span class='ocrx_word' id='word_1_294' title='bbox 879 2949 1018 3009; x_wconf 87' lang='lat' dir='ltr'>terreatur</span> <span class='ocrx_word' id='word_1_295' title='bbox 1032 2950 1202 3010; x_wconf 81' lang='lat' dir='ltr'>sustentare</span> <span class='ocrx_word' id='word_1_296' title='bbox 1212 2965 1344 3029; x_wconf 85' lang='lat' dir='ltr'>puerum</span> <span class='ocrx_word' id='word_1_297' title='bbox 1355 2967 1450 3030; x_wconf 87' lang='lat' dir='ltr'>super</span> 
     </span>
     <span class='ocr_line' id='line_1_32' title="bbox 165 3034 1449 3120; baseline 0.002 -22"><span class='ocrx_word' id='word_1_298' title='bbox 165 3055 261 3118; x_wconf 88' lang='lat' dir='ltr'>aquas</span> <span class='ocrx_word' id='word_1_299' title='bbox 276 3053 349 3096; x_wconf 80' lang='lat' dir='ltr'>cuni</span> <span class='ocrx_word' id='word_1_300' title='bbox 361 3036 494 3116; x_wconf 90' lang='lat' dir='ltr'>periculo</span> <span class='ocrx_word' id='word_1_301' title='bbox 508 3035 638 3120; x_wconf 79' lang='lat' dir='ltr'>propriae</span> <span class='ocrx_word' id='word_1_302' title='bbox 652 3034 740 3111; x_wconf 71' lang='lat' dir='ltr'>vite,</span> <span class='ocrx_word' id='word_1_303' title='bbox 763 3053 922 3116; x_wconf 87' lang='lat' dir='ltr'>perperam</span> <span class='ocrx_word' id='word_1_304' title='bbox 944 3036 1173 3100; x_wconf 86' lang='lat' dir='ltr'>concluderetur</span> <span class='ocrx_word' id='word_1_305' title='bbox 1189 3055 1258 3099; x_wconf 87' lang='lat' dir='ltr'>eam</span> <span class='ocrx_word' id='word_1_306' title='bbox 1277 3055 1364 3117; x_wconf 89' lang='lat' dir='ltr'>posse</span> <span class='ocrx_word' id='word_1_307' title='bbox 1376 3055 1449 3117; x_wconf 84' lang='lat' dir='ltr'>pre-</span> 
     </span>
     <span class='ocr_line' id='line_1_33' title="bbox 165 3123 1451 3206; baseline 0.002 -20"><span class='ocrx_word' id='word_1_308' title='bbox 165 3124 239 3206; x_wconf 79' lang='lat' dir='ltr'>prias</span> <span class='ocrx_word' id='word_1_309' title='bbox 259 3123 352 3186; x_wconf 89' lang='lat' dir='ltr'>saluti</span> <span class='ocrx_word' id='word_1_310' title='bbox 366 3143 420 3206; x_wconf 90' lang='lat' dir='ltr'>per</span> <span class='ocrx_word' id='word_1_311' title='bbox 439 3125 583 3190; x_wconf 90' lang='lat' dir='ltr'>abortum</span> <span class='ocrx_word' id='word_1_312' title='bbox 604 3124 772 3206; x_wconf 90' lang='lat' dir='ltr'>prospicere</span> <span class='ocrx_word' id='word_1_313' title='bbox 791 3125 1003 3187; x_wconf 84' lang='lat' dir='ltr'>:conservatio</span> <span class='ocrx_word' id='word_1_314' title='bbox 1020 3125 1105 3187; x_wconf 88' lang='lat' dir='ltr'>enim</span> <span class='ocrx_word' id='word_1_315' title='bbox 1119 3125 1191 3188; x_wconf 76' lang='lat' dir='ltr'>ritae</span> <span class='ocrx_word' id='word_1_316' title='bbox 1205 3125 1314 3188; x_wconf 83' lang='lat' dir='ltr'>aliena</span> <span class='ocrx_word' id='word_1_317' title='bbox 1334 3124 1451 3188; x_wconf 74' lang='lat' dir='ltr'>moene</span> 
     </span>
     <span class='ocr_line' id='line_1_34' title="bbox 165 3211 1447 3296; baseline 0.002 -21"><span class='ocrx_word' id='word_1_318' title='bbox 165 3231 220 3275; x_wconf 91' lang='lat' dir='ltr'>seu</span> <span class='ocrx_word' id='word_1_319' title='bbox 233 3211 351 3275; x_wconf 88' lang='lat' dir='ltr'>actione</span> <span class='ocrx_word' id='word_1_320' title='bbox 363 3213 513 3294; x_wconf 83' lang='lat' dir='ltr'>positivo,</span> <span class='ocrx_word' id='word_1_321' title='bbox 531 3215 631 3294; x_wconf 90' lang='lat' dir='ltr'>qualis</span> <span class='ocrx_word' id='word_1_322' title='bbox 651 3218 697 3275; x_wconf 91' lang='lat' dir='ltr'>est</span> <span class='ocrx_word' id='word_1_323' title='bbox 720 3213 905 3276; x_wconf 87' lang='lat' dir='ltr'>sustentatio</span> <span class='ocrx_word' id='word_1_324' title='bbox 921 3213 1008 3296; x_wconf 90' lang='lat' dir='ltr'>pueri</span> <span class='ocrx_word' id='word_1_325' title='bbox 1023 3233 1114 3295; x_wconf 90' lang='lat' dir='ltr'>super</span> <span class='ocrx_word' id='word_1_326' title='bbox 1132 3233 1244 3295; x_wconf 79' lang='lat' dir='ltr'>aqrras,</span> <span class='ocrx_word' id='word_1_327' title='bbox 1261 3213 1396 3295; x_wconf 87' lang='lat' dir='ltr'>pertinet</span> <span class='ocrx_word' id='word_1_328' title='bbox 1406 3213 1447 3278; x_wconf 83' lang='lat' dir='ltr'>ed</span> 
     </span>
     <span class='ocr_line' id='line_1_35' title="bbox 165 3301 1447 3384; baseline 0.001 -20"><span class='ocrx_word' id='word_1_329' title='bbox 165 3309 350 3384; x_wconf 79' lang='lat' dir='ltr'>preceptum</span> <span class='ocrx_word' id='word_1_330' title='bbox 373 3301 513 3365; x_wconf 88' lang='lat' dir='ltr'>Caritatis</span> <span class='ocrx_word' id='word_1_331' title='bbox 537 3302 776 3384; x_wconf 79' lang='lat' dir='ltr'>affirmativam,</span> <span class='ocrx_word' id='word_1_332' title='bbox 793 3303 873 3383; x_wconf 86' lang='lat' dir='ltr'>quod</span> <span class='ocrx_word' id='word_1_333' title='bbox 893 3321 993 3384; x_wconf 91' lang='lat' dir='ltr'>neque</span> <span class='ocrx_word' id='word_1_334' title='bbox 1011 3321 1129 3384; x_wconf 89' lang='lat' dir='ltr'>semper</span> <span class='ocrx_word' id='word_1_335' title='bbox 1151 3321 1249 3383; x_wconf 92' lang='lat' dir='ltr'>neque</span> <span class='ocrx_word' id='word_1_336' title='bbox 1268 3321 1341 3366; x_wconf 90' lang='lat' dir='ltr'>cum.</span> <span class='ocrx_word' id='word_1_337' title='bbox 1359 3302 1447 3384; x_wconf 79' lang='lat' dir='ltr'>gravi</span> 
     </span>
     <span class='ocr_line' id='line_1_36' title="bbox 166 3389 1443 3474; baseline -0.001 -21"><span class='ocrx_word' id='word_1_338' title='bbox 166 3392 278 3453; x_wconf 87' lang='lat' dir='ltr'>damno</span> <span class='ocrx_word' id='word_1_339' title='bbox 293 3389 423 3472; x_wconf 79' lang='lat' dir='ltr'>ohligat3</span> <span class='ocrx_word' id='word_1_340' title='bbox 441 3391 608 3474; x_wconf 88' lang='lat' dir='ltr'>prohibitio</span> <span class='ocrx_word' id='word_1_341' title='bbox 627 3409 697 3453; x_wconf 85' lang='lat' dir='ltr'>vero</span> <span class='ocrx_word' id='word_1_342' title='bbox 712 3389 838 3454; x_wconf 85' lang='lat' dir='ltr'>abortus</span> <span class='ocrx_word' id='word_1_343' title='bbox 854 3389 986 3470; x_wconf 90' lang='lat' dir='ltr'>pertinet</span> <span class='ocrx_word' id='word_1_344' title='bbox 1004 3391 1042 3454; x_wconf 85' lang='lat' dir='ltr'>ad</span> <span class='ocrx_word' id='word_1_345' title='bbox 1061 3399 1247 3474; x_wconf 74' lang='lat' dir='ltr'>preceptum</span> <span class='ocrx_word' id='word_1_346' title='bbox 1268 3395 1443 3472; x_wconf 75' lang='lat' dir='ltr'>cepaticum</span> 
     </span>
     <span class='ocr_line' id='line_1_37' title="bbox 164 3477 1447 3564; baseline -0.001 -22"><span class='ocrx_word' id='word_1_347' title='bbox 164 3499 226 3544; x_wconf 88' lang='lat' dir='ltr'>non</span> <span class='ocrx_word' id='word_1_348' title='bbox 248 3479 419 3556; x_wconf 84' lang='lat' dir='ltr'>occidendi,</span> <span class='ocrx_word' id='word_1_349' title='bbox 442 3481 524 3564; x_wconf 86' lang='lat' dir='ltr'>quod</span> <span class='ocrx_word' id='word_1_350' title='bbox 543 3496 707 3562; x_wconf 88' lang='lat' dir='ltr'>nunquam</span> <span class='ocrx_word' id='word_1_351' title='bbox 721 3497 784 3540; x_wconf 93' lang='lat' dir='ltr'>non</span> <span class='ocrx_word' id='word_1_352' title='bbox 797 3477 921 3558; x_wconf 83' lang='lat' dir='ltr'>obligat.</span> <span class='ocrx_word' id='word_1_353' title='bbox 939 3481 978 3540; x_wconf 86' lang='lat' dir='ltr'>Et</span> <span class='ocrx_word' id='word_1_354' title='bbox 991 3498 1023 3542; x_wconf 90' lang='lat' dir='ltr'>re</span> <span class='ocrx_word' id='word_1_355' title='bbox 1038 3479 1162 3560; x_wconf 87' lang='lat' dir='ltr'>quidem</span> <span class='ocrx_word' id='word_1_356' title='bbox 1180 3498 1253 3542; x_wconf 79' lang='lat' dir='ltr'>vera</span> <span class='ocrx_word' id='word_1_357' title='bbox 1273 3487 1373 3544; x_wconf 88' lang='lat' dir='ltr'>mater</span> <span class='ocrx_word' id='word_1_358' title='bbox 1390 3497 1447 3562; x_wconf 88' lang='lat' dir='ltr'>per</span> 
     </span>
     <span class='ocr_line' id='line_1_38' title="bbox 165 3567 1441 3643; baseline 0.001 -13"><span class='ocrx_word' id='word_1_359' title='bbox 165 3568 306 3630; x_wconf 88' lang='lat' dir='ltr'>abortum</span> <span class='ocrx_word' id='word_1_360' title='bbox 321 3588 382 3634; x_wconf 88' lang='lat' dir='ltr'>uon</span> <span class='ocrx_word' id='word_1_361' title='bbox 396 3568 496 3632; x_wconf 90' lang='lat' dir='ltr'>solum</span> <span class='ocrx_word' id='word_1_362' title='bbox 510 3585 572 3631; x_wconf 92' lang='lat' dir='ltr'>non</span> <span class='ocrx_word' id='word_1_363' title='bbox 588 3567 715 3643; x_wconf 90' lang='lat' dir='ltr'>retinet,</span> <span class='ocrx_word' id='word_1_364' title='bbox 730 3585 783 3629; x_wconf 88' lang='lat' dir='ltr'>seu</span> <span class='ocrx_word' id='word_1_365' title='bbox 798 3574 895 3630; x_wconf 90' lang='lat' dir='ltr'>cessat</span> <span class='ocrx_word' id='word_1_366' title='bbox 904 3567 1035 3630; x_wconf 90' lang='lat' dir='ltr'>retinere</span> <span class='ocrx_word' id='word_1_367' title='bbox 1045 3567 1196 3630; x_wconf 83' lang='lat' dir='ltr'>infantem</span> <span class='ocrx_word' id='word_1_368' title='bbox 1208 3569 1293 3631; x_wconf 91' lang='lat' dir='ltr'>intra</span> <span class='ocrx_word' id='word_1_369' title='bbox 1305 3575 1441 3643; x_wconf 76' lang='lat' dir='ltr'>atenim,</span> 
     </span>
     <span class='ocr_line' id='line_1_39' title="bbox 164 3655 1448 3738; baseline 0.002 -20"><span class='ocrx_word' id='word_1_370' title='bbox 164 3657 217 3718; x_wconf 85' lang='lat' dir='ltr'>sed</span> <span class='ocrx_word' id='word_1_371' title='bbox 231 3656 294 3720; x_wconf 89' lang='lat' dir='ltr'>imo</span> <span class='ocrx_word' id='word_1_372' title='bbox 306 3675 378 3720; x_wconf 91' lang='lat' dir='ltr'>oum</span> <span class='ocrx_word' id='word_1_373' title='bbox 388 3664 475 3720; x_wconf 83' lang='lat' dir='ltr'>extra</span> <span class='ocrx_word' id='word_1_374' title='bbox 485 3663 611 3720; x_wconf 89' lang='lat' dir='ltr'>uterum</span> <span class='ocrx_word' id='word_1_375' title='bbox 621 3655 720 3736; x_wconf 79' lang='lat' dir='ltr'>ejicit3</span> <span class='ocrx_word' id='word_1_376' title='bbox 733 3655 889 3737; x_wconf 88' lang='lat' dir='ltr'>similique</span> <span class='ocrx_word' id='word_1_377' title='bbox 899 3655 1059 3718; x_wconf 88' lang='lat' dir='ltr'>rationein</span> <span class='ocrx_word' id='word_1_378' title='bbox 1071 3658 1208 3738; x_wconf 76' lang='lat' dir='ltr'>exemplo</span> <span class='ocrx_word' id='word_1_379' title='bbox 1219 3658 1448 3738; x_wconf 83' lang='lat' dir='ltr'>allato‚quam-</span> 
     </span>
     <span class='ocr_line' id='line_1_40' title="bbox 163 3744 1447 3828; baseline 0.002 -22"><span class='ocrx_word' id='word_1_380' title='bbox 163 3745 211 3808; x_wconf 86' lang='lat' dir='ltr'>vis</span> <span class='ocrx_word' id='word_1_381' title='bbox 224 3763 286 3808; x_wconf 92' lang='lat' dir='ltr'>non</span> <span class='ocrx_word' id='word_1_382' title='bbox 302 3752 442 3810; x_wconf 88' lang='lat' dir='ltr'>teneatur</span> <span class='ocrx_word' id='word_1_383' title='bbox 456 3747 496 3808; x_wconf 84' lang='lat' dir='ltr'>ad</span> <span class='ocrx_word' id='word_1_384' title='bbox 508 3763 640 3828; x_wconf 86' lang='lat' dir='ltr'>pueram</span> <span class='ocrx_word' id='word_1_385' title='bbox 650 3744 905 3822; x_wconf 88' lang='lat' dir='ltr'>sustentandum,</span> <span class='ocrx_word' id='word_1_386' title='bbox 921 3749 1042 3808; x_wconf 89' lang='lat' dir='ltr'>tenetur</span> <span class='ocrx_word' id='word_1_387' title='bbox 1055 3745 1199 3822; x_wconf 87' lang='lat' dir='ltr'>omnino,</span> <span class='ocrx_word' id='word_1_388' title='bbox 1212 3745 1335 3807; x_wconf 88' lang='lat' dir='ltr'>etiamsi</span> <span class='ocrx_word' id='word_1_389' title='bbox 1345 3745 1447 3826; x_wconf 88' lang='lat' dir='ltr'>perire</span> 
     </span>
     <span class='ocr_line' id='line_1_41' title="bbox 164 3834 777 3914; baseline -0.003 -17"><span class='ocrx_word' id='word_1_390' title='bbox 164 3835 285 3910; x_wconf 87' lang='lat' dir='ltr'>debeat,</span> <span class='ocrx_word' id='word_1_391' title='bbox 302 3835 341 3898; x_wconf 84' lang='lat' dir='ltr'>ad.</span> <span class='ocrx_word' id='word_1_392' title='bbox 355 3853 428 3898; x_wconf 91' lang='lat' dir='ltr'>eum</span> <span class='ocrx_word' id='word_1_393' title='bbox 443 3853 506 3896; x_wconf 91' lang='lat' dir='ltr'>non</span> <span class='ocrx_word' id='word_1_394' title='bbox 519 3834 777 3914; x_wconf 81' lang='lat' dir='ltr'>immergendrun.</span> 
     </span>
    </p>

    <p class='ocr_par' dir='ltr' id='par_1_8' title="bbox 203 3921 1445 4008">
     <span class='ocr_line' id='line_1_42' title="bbox 203 3921 1445 4008; baseline 0.003 -22"><span class='ocrx_word' id='word_1_395' title='bbox 203 3923 356 4006; x_wconf 67' lang='lat' dir='ltr'>cepere</span> <span class='ocrx_word' id='word_1_396' title='bbox 373 3928 407 3988; x_wconf 80' lang='lat' dir='ltr'>iu</span> <span class='ocrx_word' id='word_1_397' title='bbox 417 3932 622 4008; x_wconf 82' lang='lat' dir='ltr'>procurantes</span> <span class='ocrx_word' id='word_1_398' title='bbox 637 3922 777 3984; x_wconf 80' lang='lat' dir='ltr'>obortam</span> <span class='ocrx_word' id='word_1_399' title='bbox 792 3922 910 3984; x_wconf 71' lang='lat' dir='ltr'>deretur</span> <span class='ocrx_word' id='word_1_400' title='bbox 922 3925 955 3984; x_wconf 83' lang='lat' dir='ltr'>ia</span> <span class='ocrx_word' id='word_1_401' title='bbox 970 3921 1072 3984; x_wconf 81' lang='lat' dir='ltr'>Troet.</span> <span class='ocrx_word' id='word_1_402' title='bbox 1088 3922 1124 3986; x_wconf 82' lang='lat' dir='ltr'>de</span> <span class='ocrx_word' id='word_1_403' title='bbox 1139 3923 1294 3986; x_wconf 80' lang='lat' dir='ltr'>Censoris.</span> <span class='ocrx_word' id='word_1_404' title='bbox 1310 3959 1351 3970; x_wconf 90' lang='lat'><em>-</em></span> <span class='ocrx_word' id='word_1_405' title='bbox 1370 3922 1445 3990; x_wconf 69' lang='lat' dir='ltr'>Vid-</span> 
     </span>
    </p>
   </div>
   <div class='ocr_carea' id='block_1_4' title="bbox 166 4011 520 4098">
    <p class='ocr_par' dir='ltr' id='par_1_9' title="bbox 166 4011 520 4098">
     <span class='ocr_line' id='line_1_43' title="bbox 166 4011 520 4098; baseline -0.006 -22"><span class='ocrx_word' id='word_1_406' title='bbox 166 4011 324 4092; x_wconf 59' lang='lat' dir='ltr'>Cerussa.</span> <span class='ocrx_word' id='word_1_407' title='bbox 341 4017 401 4078; x_wconf 86' lang='grc'>399</span> <span class='ocrx_word' id='word_1_408' title='bbox 415 4023 443 4076; x_wconf 82' lang='lat' dir='ltr'>et</span> <span class='ocrx_word' id='word_1_409' title='bbox 458 4033 520 4098; x_wconf 86' lang='lat' dir='ltr'>seq.</span> 
     </span>
    </p>
   </div>
   <div class='ocr_carea' id='block_1_5' title="bbox 158 4253 1451 4606">
    <p class='ocr_par' dir='ltr' id='par_1_10' title="bbox 158 4253 1451 4606">
     <span class='ocr_line' id='line_1_44' title="bbox 196 4253 1447 4323; baseline 0.001 -16"><span class='ocrx_word' id='word_1_410' title='bbox 196 4253 207 4290; x_wconf 74' lang='lat'><strong>¹</strong></span> <span class='ocrx_word' id='word_1_411' title='bbox 220 4256 285 4308; x_wconf 82' lang='lat' dir='ltr'>Huic</span> <span class='ocrx_word' id='word_1_412' title='bbox 298 4257 419 4322; x_wconf 81' lang='lat' dir='ltr'>quaesito:</span> <span class='ocrx_word' id='word_1_413' title='bbox 437 4258 480 4307; x_wconf 77' lang='lat' dir='ltr'>Aa</span> <span class='ocrx_word' id='word_1_414' title='bbox 495 4258 552 4308; x_wconf 75' lang='lat' dir='ltr'>tute</span> <span class='ocrx_word' id='word_1_415' title='bbox 566 4255 656 4308; x_wconf 64' lang='lat' dir='ltr'>dormi</span> <span class='ocrx_word' id='word_1_416' title='bbox 664 4255 749 4318; x_wconf 75' lang='lat' dir='ltr'>possit</span> <span class='ocrx_word' id='word_1_417' title='bbox 764 4255 793 4304; x_wconf 79' lang='grc' dir='ltr'>ιιι</span> <span class='ocrx_word' id='word_1_418' title='bbox 805 4253 900 4304; x_wconf 80' lang='lat' dir='ltr'>sobolis</span> <span class='ocrx_word' id='word_1_419' title='bbox 911 4253 1064 4317; x_wconf 71' lang='lat' dir='ltr'>catholicis,</span> <span class='ocrx_word' id='word_1_420' title='bbox 1077 4255 1181 4306; x_wconf 77' lang='lat' dir='ltr'>licitam</span> <span class='ocrx_word' id='word_1_421' title='bbox 1195 4270 1249 4308; x_wconf 79' lang='lat' dir='ltr'>ease</span> <span class='ocrx_word' id='word_1_422' title='bbox 1262 4257 1447 4323; x_wconf 73' lang='lat' dir='ltr'>operatium</span> 
     </span>
     <span class='ocr_line' id='line_1_45' title="bbox 164 4325 1451 4393; baseline 0.005 -17"><span class='ocrx_word' id='word_1_423' title='bbox 164 4325 356 4390; x_wconf 65' lang='lat' dir='ltr'>mirmiram,</span> <span class='ocrx_word' id='word_1_424' title='bbox 366 4343 447 4393; x_wconf 84' lang='lat' dir='ltr'>qaam</span> <span class='ocrx_word' id='word_1_425' title='bbox 455 4327 656 4382; x_wconf 73' lang='lat' dir='ltr'>armiscaram</span> <span class='ocrx_word' id='word_1_426' title='bbox 666 4325 816 4390; x_wconf 55' lang='lat' dir='ltr'>appelleon</span> <span class='ocrx_word' id='word_1_427' title='bbox 828 4325 937 4391; x_wconf 78' lang='lat' dir='ltr'>quando</span> <span class='ocrx_word' id='word_1_428' title='bbox 948 4325 1065 4389; x_wconf 80' lang='lat' dir='ltr'>scilicet,</span> <span class='ocrx_word' id='word_1_429' title='bbox 1075 4329 1357 4390; x_wconf 60' lang='lat' dir='ltr'>eramusmaerore</span> <span class='ocrx_word' id='word_1_430' title='bbox 1367 4328 1451 4393; x_wconf 70' lang='lat' dir='ltr'>filim</span> 
     </span>
     <span class='ocr_line' id='line_1_46' title="bbox 158 4395 1446 4466; baseline 0.002 -18"><span class='ocrx_word' id='word_1_431' title='bbox 158 4399 276 4462; x_wconf 73' lang='lat' dir='ltr'>perituri</span> <span class='ocrx_word' id='word_1_432' title='bbox 291 4401 362 4462; x_wconf 81' lang='lat' dir='ltr'>siat,·</span> <span class='ocrx_word' id='word_1_433' title='bbox 380 4414 412 4450; x_wconf 85' lang='lat' dir='ltr'>ea</span> <span class='ocrx_word' id='word_1_434' title='bbox 429 4401 549 4450; x_wconf 82' lang='lat' dir='ltr'>econtra</span> <span class='ocrx_word' id='word_1_435' title='bbox 565 4397 697 4458; x_wconf 82' lang='lat' dir='ltr'>admisso,</span> <span class='ocrx_word' id='word_1_436' title='bbox 715 4395 846 4448; x_wconf 72' lang='lat' dir='ltr'>salvanda</span> <span class='ocrx_word' id='word_1_437' title='bbox 862 4397 899 4446; x_wconf 78' lang='lat' dir='ltr'>sit</span> <span class='ocrx_word' id='word_1_438' title='bbox 914 4399 1010 4459; x_wconf 67' lang='lat' dir='ltr'>metm,</span> <span class='ocrx_word' id='word_1_439' title='bbox 1025 4399 1132 4464; x_wconf 79' lang='lat' dir='ltr'>infacto</span> <span class='ocrx_word' id='word_1_440' title='bbox 1144 4401 1271 4464; x_wconf 81' lang='lat' dir='ltr'>pereunte</span> <span class='ocrx_word' id='word_1_441' title='bbox 1283 4399 1298 4456; x_wconf 67' lang='lat' dir='ltr'>i</span> <span class='ocrx_word' id='word_1_442' title='bbox 1310 4399 1446 4466; x_wconf 80' lang='lat' dir='ltr'>respondit</span> 
     </span>
     <span class='ocr_line' id='line_1_47' title="bbox 162 4467 1443 4537; baseline 0.003 -19"><span class='ocrx_word' id='word_1_443' title='bbox 162 4470 188 4518; x_wconf 88' lang='lat' dir='ltr'>S.</span> <span class='ocrx_word' id='word_1_444' title='bbox 200 4469 278 4531; x_wconf 82' lang='lat' dir='ltr'>Cong.</span> <span class='ocrx_word' id='word_1_445' title='bbox 289 4470 314 4518; x_wconf 88' lang='lat' dir='ltr'>S.</span> <span class='ocrx_word' id='word_1_446' title='bbox 328 4469 408 4530; x_wconf 78' lang='lat' dir='ltr'>Ollio,</span> <span class='ocrx_word' id='word_1_447' title='bbox 418 4471 474 4519; x_wconf 85' lang='lat' dir='ltr'>Fer.</span> <span class='ocrx_word' id='word_1_448' title='bbox 487 4471 530 4520; x_wconf 86' lang='lat' dir='ltr'>IV.</span> <span class='ocrx_word' id='word_1_449' title='bbox 542 4475 571 4519; x_wconf 75' lang='lat'>28</span> <span class='ocrx_word' id='word_1_450' title='bbox 584 4467 644 4522; x_wconf 78' lang='lat' dir='ltr'>Mali</span> <span class='ocrx_word' id='word_1_451' title='bbox 656 4474 731 4520; x_wconf 80' lang='lat' dir='ltr'>raet:</span> <span class='ocrx_word' id='word_1_452' title='bbox 746 4467 810 4517; x_wconf 82' lang='lat' dir='ltr'>Tuto</span> <span class='ocrx_word' id='word_1_453' title='bbox 825 4467 913 4517; x_wconf 83' lang='lat' dir='ltr'>doceri</span> <span class='ocrx_word' id='word_1_454' title='bbox 926 4483 976 4518; x_wconf 82' lang='lat' dir='ltr'>non</span> <span class='ocrx_word' id='word_1_455' title='bbox 986 4471 1233 4536; x_wconf 73' lang='lat' dir='ltr'>posse-Eamque</span> <span class='ocrx_word' id='word_1_456' title='bbox 1248 4471 1443 4537; x_wconf 84' lang='lat' dir='ltr'>responsionem</span> 
     </span>
     <span class='ocr_line' id='line_1_48' title="bbox 162 4537 1285 4606; baseline 0.004 -17"><span class='ocrx_word' id='word_1_457' title='bbox 162 4539 221 4590; x_wconf 58' lang='grc' dir='ltr'>δεῖν</span> <span class='ocrx_word' id='word_1_458' title='bbox 233 4540 263 4588; x_wconf 83' lang='grc' dir='ltr'>Ι).</span> <span class='ocrx_word' id='word_1_459' title='bbox 279 4539 308 4587; x_wconf 81' lang='lat' dir='ltr'>N.</span> <span class='ocrx_word' id='word_1_460' title='bbox 326 4540 354 4588; x_wconf 92' lang='lat' dir='ltr'>P.</span> <span class='ocrx_word' id='word_1_461' title='bbox 367 4541 416 4588; x_wconf 90' lang='lat' dir='ltr'>Leo</span> <span class='ocrx_word' id='word_1_462' title='bbox 430 4541 487 4589; x_wconf 87' lang='grc' dir='ltr'>ιιιιι</span> <span class='ocrx_word' id='word_1_463' title='bbox 501 4539 528 4588; x_wconf 87' lang='grc' dir='ltr'>ιιι</span> <span class='ocrx_word' id='word_1_464' title='bbox 544 4539 680 4590; x_wconf 76' lang='lat' dir='ltr'>Audientia</span> <span class='ocrx_word' id='word_1_465' title='bbox 694 4537 810 4604; x_wconf 78' lang='lat' dir='ltr'>ejusdem</span> <span class='ocrx_word' id='word_1_466' title='bbox 822 4538 901 4590; x_wconf 83' lang='lat' dir='ltr'>Ferlae</span> <span class='ocrx_word' id='word_1_467' title='bbox 915 4543 940 4590; x_wconf 89' lang='lat' dir='ltr'>et</span> <span class='ocrx_word' id='word_1_468' title='bbox 953 4537 1002 4591; x_wconf 88' lang='lat' dir='ltr'>diol</span> <span class='ocrx_word' id='word_1_469' title='bbox 1011 4541 1091 4606; x_wconf 78' lang='lat' dir='ltr'>plene</span> <span class='ocrx_word' id='word_1_470' title='bbox 1103 4543 1285 4606; x_wconf 64' lang='lat' dir='ltr'>consternauit.</span> 
     </span>
    </p>
   </div>
   <div class='ocr_carea' id='block_1_6' title="bbox 0 0 1608 5024">
    <p class='ocr_par' dir='ltr' id='par_1_11' title="bbox 0 0 1608 5024">
     <span class='ocr_line' id='line_1_49' title="bbox 0 0 1608 5024; baseline 0 1"><span class='ocrx_word' id='word_1_471' title='bbox 0 0 1608 5024; x_wconf 95' lang='lat' dir='ltr'> </span> 
     </span>
    </p>
   </div>
  </div>
 </body>
</html>
