3168 5002
458 265 749 312 rnorosrrrosun
773 267 1028 314 nanuarraun
1335 262 1378 320 'li

102 378 250 446 sulficere,
266 377 299 433 ut
313 375 397 434 lateri
409 376 533 450 quisque
544 376 657 445 debeat,
672 378 905 434 convocationem
916 379 1032 436 concilii
1047 381 1202 438 nationalis
1215 399 1301 440 unam
1315 401 1381 442 esso

102 477 139 516 ex
153 459 211 515 riis
225 457 381 525 canonicis,
391 473 448 530 qua
462 457 599 515 liniantur
613 457 644 513 in
657 457 787 514 Ecclesia
805 459 1030 532 respectivarum
1046 461 1195 517 nationum
1213 466 1380 522 controver—

103 541 159 598 siae
173 539 338 612 spectantes
353 537 389 593 ad
401 537 594 608 Religionem

138 619 187 678 Sic
212 617 374 686 intellecta,
398 621 431 674 ut
452 618 653 674 controversiae
679 617 715 674 ad
736 617 836 675 Fidem
859 621 888 676 et
908 636 1003 677 mores
1025 623 1189 695 spectantes
1204 623 1235 679 in
1250 625 1381 682 Ecclesia

1 752 2 756 ,
104 715 289 774 quacumque
301 698 425 755 subortae
439 713 491 771 per
504 697 649 754 nationale
664 699 816 774 concilium
830 699 1019 772 irrefragabili
1032 700 1141 772 judicio
1155 702 1235 758 liniri
1252 704 1380 774 valeant;

1 814 2 850 3
103 781 190 852 quasi
213 778 374 836 inerrantia
394 780 426 836 in
450 778 530 835 Fidei
556 780 586 834 at
610 793 721 834 morum
747 779 956 851 quaestionibus
985 781 1125 838 nationali
1156 783 1279 840 concilio
1307 799 1381 841 corn-

1 868 2 914 ;
105 853 233 926 maret:

518 961 521 968 .
561 928 763 1000 Schismatica,
777 930 923 989 heretica.

30 1113 37 1135 ·
144 1100 314 1158 blandamus
328 1099 418 1171 igitur
431 1099 565 1156 omnibns
579 1100 730 1172 utriusque
744 1117 831 1158 sexus
844 1102 1099 1173 christifidelibus,
1116 1121 1151 1162 ne
1166 1105 1201 1161 de
1220 1105 1307 1162 dietis
1322 1123 1384 1181 pro-

106 1181 304 1258 positionibus
316 1182 346 1237 et
359 1179 497 1236 doctrinis
512 1181 629 1250 sentire,
644 1181 757 1252 docere,
771 1182 925 1254 praedicare
936 1185 1123 1256 praesumant,
1139 1187 1336 1258 contraquam
1354 1187 1384 1243 in

106 1265 162 1320 hac
175 1263 278 1318 nostra
291 1261 496 1317 constitutione
509 1259 691 1317 declaratur:
709 1262 749 1317 ita
761 1265 793 1318 ut
807 1263 979 1336 quicumque
993 1263 1060 1320 illas
1075 1265 1121 1320 vel
1135 1281 1234 1322 earum
1256 1267 1383 1340 aliquam

107 1342 287 1415 conjunctim
302 1340 349 1397 vel
363 1340 481 1398 divisim
498 1341 646 1412 docuerit,
660 1341 841 1411 detenderit,
857 1343 999 1413 ediderit,
1016 1347 1066 1400 aut
1079 1345 1115 1400 de
1128 1345 1170 1402 eis
1187 1347 1274 1402 etiam
1287 1348 1386 1422 dispu-

108 1424 199 1480 tando
211 1421 328 1496 publice
339 1419 385 1477 vel
400 1421 533 1494 privatim
548 1422 725 1490 tractaverit,
740 1422 798 1479 nisi
819 1425 939 1478 forsitan
954 1423 1164 1496 impugnando,
1181 1427 1385 1484 ecclesiasticis

110 1502 244 1560 censuris
263 1501 390 1573 aliisque
411 1503 508 1558 contra
528 1501 638 1558 similia
657 1501 851 1575 perpetrantes
866 1519 883 1558 a
896 1505 961 1576 jure
976 1504 1092 1560 statutis
1107 1508 1200 1578 poenis
1212 1552 1219 1576 ,
1233 1508 1297 1580 ipso
1312 1508 1386 1564 iacto

108 1584 222 1656 absque
237 1581 295 1640 alia
310 1581 503 1640 declaratione
517 1582 673 1654 subjaceat.

147 1663 305 1731 ueterum,
331 1661 477 1736 perhanc
502 1677 669 1736 expressam
695 1663 877 1736 praelatarum
900 1663 1125 1736 propositionum
1140 1666 1170 1721 et
1191 1666 1386 1724 doctrinarum

110 1743 353 1817 reprobationem,
367 1741 425 1798 alia
438 1742 469 1798 in
480 1743 581 1799 eodem
594 1741 668 1798 libro
682 1744 815 1799 contenta
834 1742 1001 1800 nullatenus
1019 1747 1174 1817 approbare
1190 1745 1386 1804 intendimus:

111 1839 178 1880 cum
200 1823 364 1896 praesertim
387 1821 417 1878 in
431 1839 465 1879 eo
479 1823 642 1896 complures
660 1822 847 1895 deprehensae
861 1823 968 1880 luerint
981 1824 1189 1897 propositiones
1208 1829 1237 1882 et
1251 1827 1388 1884 doctrinm

110 1903 175 1960 sive
185 1901 249 1960 illis
264 1918 328 1975 quae
341 1917 427 1976 supra
438 1901 580 1960 damnatae
595 1904 663 1958 sunt
674 1903 786 1972 elimes,
806 1903 868 1960 sive
882 1918 946 1975 qum
960 1905 1121 1960 communis
1136 1919 1169 1961 ac
1183 1905 1308 1979 probatae
1321 1923 1389 1962 cum

111 1984 251 2040 doctrinae
277 1987 307 2040 et
334 1982 497 2056 disciplinae
522 1983 705 2039 temerarium
728 1985 936 2056 contemptum,
961 1986 1022 2040 turn
1045 1985 1170 2042 maxime
1189 1986 1335 2043 intensum
1358 1986 1388 2042 in

109 2065 256 2120 Romanos
270 2062 423 2120 Pontifices
434 2063 463 2119 et
475 2063 662 2138 apostolicam
676 2063 778 2120 Sedem
791 2063 919 2120 animum
934 2080 992 2137 prae
1006 2081 1037 2120 se
1050 2065 1154 2121 ferunt.

149 2146 212 2200 Duo
234 2159 302 2201 vero
325 2143 473 2216 speciatim
498 2143 622 2200 notanda
644 2159 812 2216 censemus,
829 2159 893 2215 qum
912 2144 948 2200 de
969 2145 1177 2216 augustissimo
1196 2147 1389 2204 sanctissimae

110 2223 268 2282 Trinitatis
286 2224 439 2295 mysterio,
455 2223 474 2296 ἓ
489 2223 506 2280 i
524 2223 632 2280 decreti
647 2224 683 2280 de
698 2224 785 2293 Fide,
810 2224 835 2280 si
856 2239 914 2279 non
938 2241 1024 2298 pravo
1047 2225 1159 2294 animo,
1176 2226 1389 2300 imprudentius

107 2305 194 2361 certe
208 2303 321 2376 synodo
332 2304 510 2373 exciderunt,
522 2319 586 2376 quae
599 2304 683 2360 lacile
694 2304 781 2360 rudes
797 2305 956 2378 prasertim
967 2307 996 2360 et
1007 2305 1137 2362 incautos
1150 2306 1181 2362 in
1195 2307 1326 2364 fraudem
1341 2307 1391 2362 im-

107 2382 229 2458 pellere
243 2381 363 2440 valeant.
386 2385 528 2454 Primum,
549 2384 636 2453 dum,
654 2387 839 2458 posteaquam
860 2384 915 2440 rite
929 2384 1068 2457 premisit
1085 2387 1175 2442 Deum
1196 2387 1226 2442 in
1248 2403 1300 2444 suo
1319 2387 1392 2444 Esse

112 2480 211 2522 unum
227 2465 256 2518 et
269 2463 515 2537 simplicissimum
531 2480 707 2537 permonere,
724 2465 858 2520 continno
870 2465 1048 2538 subjungens
1063 2466 1159 2540 ipsum
1179 2469 1269 2524 Mum
1291 2469 1320 2524 in
1339 2467 1390 2523 tri-

112 2547 175 2600 bus
189 2544 321 2617 personis
334 2544 490 2616 distingui,
507 2561 655 2618 perperam
674 2545 826 2601 discedite
840 2545 986 2602 communi
1003 2547 1032 2602 et
1048 2547 1165 2618 probata
1179 2547 1210 2602 in
1225 2547 1391 2604 christianae

110 2625 256 2681 doctrinae
276 2624 510 2682 institutionibus
535 2624 671 2694 formula,
693 2641 750 2696 qua
772 2626 848 2680 Deus
870 2641 946 2681 unus
968 2626 1085 2698 quidem
1101 2627 1131 2681 in
1149 2627 1243 2684 tribus
1259 2627 1392 2701 personis

113 2704 265 2760 distinctis
283 2705 399 2773 dicitur,
421 2721 477 2761 non
494 2705 524 2760 in
548 2705 641 2761 tribus
656 2705 787 2776 personis
802 2705 957 2761 distinctus
970 2725 976 2761 :
989 2707 1072 2776 cujus
1092 2705 1221 2763 formulae
1238 2708 1392 2763 commuta-

114 2785 195 2840 tione
208 2784 263 2841 boc
275 2785 304 2840 vi
314 2785 465 2843 verborum
487 2784 617 2857 subrepit
631 2785 737 2841 erroris
752 2785 922 2858 periculum,
940 2788 972 2840 ut
986 2785 1115 2842 essentia
1135 2787 1234 2842 divina
1254 2787 1393 2844 distincta

114 2865 149 2920 in
161 2865 292 2937 personis
307 2866 432 2938 putetur,
447 2881 533 2937 qnam
548 2865 631 2922 Fides
643 2863 783 2921 catholica
795 2864 838 2920 sic
850 2880 937 2920 unam
953 2865 984 2920 in
999 2866 1129 2938 personis
1143 2867 1291 2923 distinctis
1305 2867 1393 2924 conti·

114 2945 205 3012 tetur,
220 2946 253 3002 ut
265 2961 331 3002 eam
347 2944 433 3001 simul
448 2945 614 3019 profiteatur
627 2946 658 3000 in
678 2959 710 3000 se
724 2961 841 3018 prorsus
852 2944 1059 3002 indistinctam.

154 3025 298 3094 Alterum,
322 3025 397 3097 quod
419 3025 456 3082 de
480 3024 612 3098 ipsismet
634 3025 728 3081 tribus
751 3025 860 3081 divinis
884 3025 1015 3098 personis
1034 3025 1136 3094 tradit,
1156 3041 1206 3082 eas
1230 3027 1391 3085 secundum

115 3120 218 3160 earum
233 3105 421 3178 proprietates
436 3105 601 3179 personales
615 3107 644 3162 et
665 3105 951 3162 incommunicabiles
965 3107 1094 3162 exactius
1110 3106 1252 3179 loquendo
1270 3108 1395 3181 exprimi

116 3200 172 3240 seu
190 3184 331 3259 appellari
354 3187 480 3254 Patrem,
497 3185 636 3253 Verbum,
654 3188 683 3241 et
695 3185 836 3258 Spiritum
854 3185 1010 3241 Sanctum:
1026 3187 1110 3258 quasi
1122 3186 1220 3243 minus
1236 3187 1351 3262 propria
1364 3189 1395 3242 et

117 3267 221 3322 exacta
243 3265 316 3322 foret
334 3265 490 3339 appellatio
502 3265 569 3322 Filii
585 3266 627 3322 tot
639 3266 794 3339 Scriptura
810 3264 881 3321 locis
895 3271 1077 3335 consecrata,
1097 3281 1164 3323 voce
1187 3267 1251 3341 ipsa
1270 3266 1363 3322 Patris
1378 3283 1396 3322 e

117 3343 204 3402 coelis
217 3349 278 3402 ete
297 3346 373 3402 nube
388 3345 505 3419 delapsa
520 3391 527 3414 ,
541 3349 604 3402 turn
624 3346 746 3402 lormula
762 3347 903 3420 Baptismi
927 3361 944 3402 a
963 3346 1074 3402 Christo
1089 3349 1271 3420 praescripta,
1287 3347 1348 3402 tum
1365 3347 1395 3402 et

119 3425 259 3498 praeclara
275 3425 326 3483 illa
345 3426 596 3498 confessioneque
617 3427 718 3483 beatus
731 3426 769 3481 ab
784 3426 907 3500 ipsomet
920 3425 1034 3482 Christo
1049 3428 1149 3484 Petrus
1161 3430 1207 3484 est
1225 3425 1396 3500 pronuntia·

119 3513 184 3574 tun
200 3521 234 3563 ac
251 3522 311 3562 non
330 3507 427 3580 potius
446 3507 628 3563 retinendum
648 3507 728 3562 esset
742 3507 832 3578 quod,
847 3506 966 3561 edoctus
987 3507 1023 3562 ab
1042 3507 1219 3578 Augustino,
1240 3505 1395 3576 Angelicus

121 3588 281 3660 praeceptor
305 3585 350 3660 (a)
374 3587 506 3644 vicissim
522 3586 584 3660 ipse
600 3586 711 3652 docuit,
728 3585 761 3641 ia
777 3584 902 3642 nomine
922 3585 1012 3641 Verbi
1026 3587 1163 3645 eoandem
1176 3584 1396 3660 mopsietotem

120 3667 290 3736 importari
308 3684 375 3740 quae
388 3667 423 3724 r'rr
437 3665 564 3724 aomina
577 3665 673 3735 Filii,
687 3665 801 3721 dicente
816 3665 952 3720 nimirum
966 3665 1126 3738 Augustino
1142 3667 1188 3742 (b)
1199 3686 1209 3722 ι
1220 3667 1265 3724 Eo
1279 3663 1394 3722 dicitur

128 3745 278 3816 Verbum,
289 3763 348 3819 quo
364 3747 476 3803 Filios.

157 3828 258 3899 Neque
272 3827 388 3884 silentio
402 3827 599 3901 prmtereuuda
614 3825 739 3898 insignis
752 3840 788 3882 ea
800 3825 913 3882 fraudis
928 3824 1014 3900 plena
1027 3827 1132 3900 Synodi
1148 3825 1314 3892 temeritas,
1331 3840 1395 3896 quae

124 3907 236 3980 pridem
265 3907 455 3980 improbatam
479 3908 514 3964 ab
535 3907 694 3980 apostolica
723 3905 796 3963 Sede
817 3908 975 3962 conventus
1001 3907 1144 3964 Gallicani
1173 3905 1396 3962 declarationem

121 3987 193 4044 anni
207 3986 290 4056 1682,
302 4003 375 4044 arma
386 3987 424 4044 sit
435 4003 492 4044 non
507 3987 695 4060 amplissimis
706 3985 790 4043 modo
802 3985 936 4042 laudibus
950 4003 1101 4055 exornare,
1117 3985 1177 4052 sed,
1189 4001 1246 4057 quo
1261 3987 1397 4058 majorem

120 4066 167 4123 illi
190 4069 389 4124 auctoritatem
412 4067 591 4136 conciliaret,
608 4084 671 4124 earn
691 4067 722 4122 in
744 4067 888 4124 decretum
906 4069 943 4124 de
962 4066 1038 4123 Fide
1063 4065 1233 4138 inscriptum
1255 4065 1397 4122 insidiose

121 4146 285 4216 includere,
300 4147 438 4206 articulos
449 4148 480 4205 in
496 4145 547 4204 illa
559 4148 710 4204 contentos
722 4146 818 4220 palam
833 4147 984 4220 adoptare,
1000 4148 1043 4214 et,
1058 4161 1121 4216 quae
1136 4146 1259 4218 sparsim
1279 4163 1330 4220 per
1344 4147 1398 4202 hoc

123 4227 222 4301 ipsum
244 4229 391 4286 decretum
416 4227 519 4285 tradita
542 4229 624 4298 sunt,
645 4229 747 4284 borum
768 4226 954 4284 articulorum
970 4225 1084 4300 publica
1099 4226 1127 4280 et
1146 4225 1267 4283 solemni
1289 4227 1399 4301 proles-

158 4493 197 4562 ζα)
213 4497 239 4547 S.
251 4496 413 4561 Thomas,q.
430 4501 473 4558 ct,
489 4497 538 4547 art.
553 4499 582 4556 2,
597 4494 630 4546 ad
645 4499 667 4544 a.

161 4565 196 4630 (ὁ)
211 4568 237 4620 S.
252 4567 428 4632 Augustinus,
444 4568 476 4618 de
492 4567 586 4619 Trinit.
600 4566 645 4618 lib.
660 4567 720 4630 Vll,
737 4578 792 4631 cap.
807 4579 836 4617 11.
