3202 5020
201 221 267 281 138
732 234 937 280 rnacruros

198 349 289 408 Porro
304 363 366 410 non
382 351 501 408 constat
518 347 554 409 de
568 345 765 426 obligatione,
781 345 843 408 nisi
857 351 964 425 urgeat
978 345 1080 428 aliqua
1094 345 1218 410 evidens
1232 347 1310 411 ratio
1320 350 1470 429 justitiae,

197 434 378 514 Religionis,
394 435 468 497 boni
487 434 618 515 publici,
636 435 683 496 vel
696 434 821 497 alterius
835 434 906 496 finis
926 434 1093 498 necessario
1107 434 1277 498 obtinendi.
1292 471 1334 484 -
1344 436 1380 500 S.
1395 440 1471 524 Lep.

199 523 252 585 tit.
266 525 294 599 l,
309 543 340 584 u.
353 527 408 600 26;
426 523 477 584 lid.
494 526 550 599 Vl,
563 543 595 584 u.
612 527 681 587 505.
693 559 733 568 -
754 523 836 602 Voti,
850 543 882 585 a.
898 527 947 587 38.

238 616 287 676 ¹16.
304 647 343 656 —
359 614 410 674 IV.
425 612 464 675 Iu
480 611 574 674 dubio
592 613 711 694 favores
727 621 798 675 aaut
813 611 994 693 ampliandi,
1011 623 1041 674 et
1058 611 1129 675 adia
1146 615 1359 698 restringenda
1375 617 1470 699 (deq.

196 702 405 766 dur.aau.15
426 701 459 762 ia
479 702 551 782 v1);
567 701 600 763 id
623 709 670 764 est
692 701 727 764 in
749 700 843 764 dubio
864 700 1044 781 benigniora
1069 707 1145 764 sunt
1164 703 1359 783 praeferenda.
1384 707 1474 769 Unde

124 815 127 828 ·
199 790 368 852 secundun
377 789 434 852 hoc
444 789 644 872 principium,
655 795 686 852 et
700 789 942 853 commemorem
956 788 1247 870 interpretationem,
1257 792 1322 857 hac
1334 800 1475 857 statuen-

199 880 237 940 da
253 876 398 941 videntur
411 898 417 939 :
432 884 464 942 l⁰
475 878 598 953 Quoties
609 878 679 941 odia
695 885 726 941 et
739 878 855 942 favores
870 878 1004 959 separari
1015 887 1155 959 possunt,
1171 880 1241 943 odia
1254 889 1329 945 sunt
1342 883 1474 946 restrin-

199 961 311 1047 genda,
327 973 358 1028 et
375 967 491 1031 favores
507 966 691 1047 ampliandi,
708 974 862 1049 quantum
878 966 944 1029 fieri
958 973 1072 1047 potest,
1088 968 1227 1049 quintis
1249 971 1352 1033 sensui
1365 971 1474 1034 verbo

198 1073 271 1117 rurn
289 1054 449 1119 inferatur.
466 1061 498 1118 2⁰
516 1055 547 1118 Si
568 1055 637 1118 odia
657 1062 687 1118 et
705 1055 822 1120 favores
841 1056 904 1118 sint
922 1055 1139 1130 indivisibilia,
1156 1063 1225 1120 trun
1244 1059 1281 1121 de
1299 1057 1476 1122 intentione

199 1143 379 1223 legislatoris
400 1163 438 1207 ex
460 1144 558 1226 ipsius
575 1144 694 1220 verbis,
708 1163 745 1206 ex
762 1144 898 1226 subjecta
914 1145 1057 1218 materia,
1071 1150 1126 1207 aut
1143 1163 1180 1208 ex
1197 1147 1323 1210 adnexis
1340 1147 1475 1212 circum-

200 1231 323 1294 stantiis
332 1232 536 1314 judicandum
546 1241 602 1296 est.
613 1237 645 1297 3·
656 1233 687 1295 Si
700 1231 831 1296 intentio
839 1233 1020 1314 legislatoris
1029 1233 1228 1298 determinari
1237 1236 1315 1299 clare
1327 1241 1474 1318 nequeat,

198 1320 525 1400 magisattendendmu
537 1329 584 1384 est
595 1322 635 1384 ad
642 1321 793 1398 favorem,
808 1340 903 1402 quam
911 1323 949 1384 ad
960 1322 1077 1385 odium.
1087 1323 1173 1386 —S.
1184 1323 1255 1406 Lip.
1265 1324 1318 1386 aa.
1335 1326 1363 1400 l,
1375 1345 1406 1386 a.
1417 1327 1473 1388 99.

245 1408 384 1472 Odiosum
397 1417 502 1473 autem
516 1411 567 1473 hic
578 1409 772 1490 intelligitur,
789 1409 940 1492 quidquid
954 1411 1054 1474 tendit
1065 1413 1104 1474 ad
1115 1429 1253 1493 poenanr,
1265 1413 1313 1475 rel
1326 1412 1411 1476 laedit
1417 1416 1475 1495 jus

201 1497 299 1573 tertii,
316 1506 371 1562 aut
385 1499 450 1580 juri
471 1499 628 1562 communi
648 1499 822 1579 opponitur.
842 1499 944 1561 Fauor
957 1518 1028 1564 nero
1047 1519 1099 1563 seu
1118 1499 1302 1581 fauorabile,
1319 1501 1475 1583 quidquid

200 1585 335 1650 libertati
348 1587 497 1667 indulget,
512 1588 559 1650 vel
571 1588 702 1668 gratiam
717 1586 854 1650 concedit
867 1587 933 1650 sine
944 1587 1146 1669 privatorum,
1158 1595 1213 1651 aut
1225 1589 1473 1665 comminutatis,

198 1682 254 1737 aut
263 1675 343 1756 juris
355 1675 453 1756 ipsius
467 1676 662 1740 detrimento.

239 1766 276 1825 V.
292 1763 331 1825 In
343 1765 488 1844 obscuris,
505 1765 586 1848 quod
602 1766 759 1828 minimum
774 1775 832 1842 est,
850 1765 1009 1828 teumdam
1025 1766 1112 1847 (Itaq.
1129 1767 1198 1830 dur.
1216 1785 1282 1830 coa.
1297 1771 1336 1831 30
1354 1766 1387 1828 ia
1401 1769 1475 1848 vl).

199 1851 247 1914 Sic
267 1853 464 1934 intelligenda
484 1860 532 1916 est
551 1855 615 1918 haec
634 1855 757 1935 regula:
772 1855 831 1917 Ubi
852 1873 915 1917 non
935 1861 1054 1917 constat
1074 1856 1111 1917 de
1128 1873 1198 1918 vero
1216 1873 1308 1918 sensu
1330 1855 1403 1935 legis
1422 1858 1475 1918 vel

199 1941 323 2018 statuti,
340 1948 370 2004 et
390 1942 593 2024 inquisitione
605 1943 765 2024 praemissa
778 1942 976 2006 detenuinari
996 1962 1093 2025 neque
1112 1963 1150 2006 er
1167 1951 1280 2006 natura
1299 1943 1357 2018 rei,
1372 1963 1476 2026 neque

198 2048 236 2092 ex
249 2035 392 2093 contextu
406 2031 586 2107 verborum,
603 2039 657 2095 aut
674 2032 730 2094 loci
749 2031 983 2106 consuetudine,
999 2033 1096 2095 aliave
1110 2033 1343 2095 circumstantia
1353 2040 1474 2114 potest,

197 2117 409 2200 interpretatio
429 2119 535 2182 minus
555 2139 681 2184 onerosa
699 2139 752 2184 seu
771 2120 904 2183 libertati
925 2119 1087 2201 benignior
1107 2120 1299 2184 admittenda
1311 2128 1367 2184 est.
1380 2121 1475 2186 Ratio

198 2212 259 2280 est,
274 2206 348 2287 quia
361 2207 514 2288 legislator
529 2228 589 2271 non
604 2217 745 2272 censetur
756 2209 831 2272 velle
845 2210 927 2271 ultra
946 2207 979 2270 id
999 2208 1147 2289 obligare,
1161 2211 1243 2291 quod
1257 2210 1335 2272 clare
1353 2209 1387 2272 in
1405 2210 1475 2290 lege

198 2295 394 2375 exprimitur.
403 2296 482 2359 Hinc
496 2298 531 2360 in
545 2298 638 2361 dubio
651 2299 688 2360 de
700 2298 873 2380 quantitate
884 2315 982 2377 paenae
994 2297 1178 2377 infligenda,
1190 2297 1322 2361 minima
1333 2298 1475 2379 eligenda
1588 2317 1589 2330 ¹

198 2388 254 2445 est.
269 2385 345 2446 Item
358 2385 385 2447 si
398 2404 461 2448 non
473 2389 552 2449 certo
565 2393 681 2450 constet
695 2389 731 2449 de
746 2386 869 2459 delicta,
882 2403 953 2448 reus
967 2386 1169 2450 absolvendus
1183 2395 1240 2450 est.

238 2474 288 2533 Vl.
298 2475 333 2534 ln
348 2473 441 2537 dubio
458 2473 529 2537 facti
541 2476 644 2538 valent
659 2475 818 2557 sequeutia
829 2475 993 2550 axiomata,
1004 2493 1058 2538 seu
1067 2476 1178 2556 regulae
1184 2475 1265 2558 juris
1277 2476 1375 2539 uirilis
1387 2478 1475 2556 apud

197 2578 303 2624 omnes
322 2569 461 2643 recepta,
478 2564 610 2626 scilicet:
625 2571 656 2627 1ο
670 2565 709 2626 In
731 2563 838 2637 dubio,
855 2563 968 2645 factum
987 2585 1047 2625 aon
1061 2569 1270 2646 praesumitur,
1283 2565 1336 2628 sod
1346 2564 1474 2627 doraum

196 2649 293 2710 strari
311 2650 405 2712 debet.
424 2654 485 2714 lloo
505 2660 610 2714 autem
628 2652 861 2732 intelligendum
876 2658 922 2714 est
936 2653 972 2714 de
990 2652 1084 2715 dubio
1102 2653 1182 2715 circa
1200 2658 1303 2716 actum
1319 2652 1477 2734 principa-

196 2738 268 2813 lem,
282 2759 313 2800 ν.
330 2758 389 2818 gr.,
404 2741 430 2802 si
449 2741 580 2804 dubium
602 2741 643 2804 sit
657 2760 697 2803 an
710 2741 864 2822 quispiam
879 2741 975 2804 alium
989 2741 1181 2822 percusserit,
1195 2742 1252 2805 hoc
1264 2743 1377 2805 lactum
1391 2760 1474 2822 prae·
1587 2801 1588 2818 ,

197 2827 279 2889 sumi
299 2846 362 2891 nou
382 2829 485 2904 debet,
507 2831 557 2892 sed
581 2831 635 2911 qui
656 2829 802 2906 affirmat,
822 2830 910 2893 debet
931 2829 1007 2892 illud
1025 2830 1155 2910 positive
1170 2831 1307 2912 probare.
1322 2867 1362 2877 —
1378 2835 1410 2894 2⁰
1432 2832 1475 2893 In
1587 2839 1588 2906 ι

197 2914 286 2977 dudio
297 2920 493 2997 presumitur
509 2919 640 3001 factam,
656 2939 707 2982 seu
725 2931 804 2981 recte
819 2919 948 3001 factam,
965 2921 1047 3002 quod
1059 2919 1183 3002 dejure
1199 2919 1371 3001 facundum
1389 2932 1472 2983 erat.

196 3005 258 3065 Hoc
271 3003 504 3086 intelligendum
517 3009 555 3070 de
569 3008 663 3071 dubio
680 3007 759 3071 cirea
770 3015 874 3070 actum
888 3007 1098 3082 accessorium,
1115 3007 1271 3088 supposita
1283 3007 1474 3072 certitudine

196 3095 281 3154 actus
292 3093 483 3176 principalis;
500 3097 526 3158 si
540 3096 615 3178 quid
629 3096 713 3160 enim
728 3097 845 3178 dejure
859 3096 1032 3158 faciendum
1044 3101 1119 3172 erat,
1131 3104 1188 3158 aut
1198 3095 1226 3158 si
1238 3096 1391 3160 ordinarie
1402 3097 1474 3159 fieri

196 3181 305 3257 soleat,
323 3190 377 3246 aut
396 3182 423 3246 si
443 3184 607 3248 brombile
622 3185 762 3260 facienti,
777 3185 978 3266 praesumitur
995 3183 1111 3246 factum
1128 3203 1202 3248 esse.
1217 3185 1354 3249 -301u
1375 3183 1474 3248 dubio
1586 3183 1587 3194 ’

195 3289 278 3332 uemo
297 3271 392 3333 malus
410 3276 692 3354 praesumtionem
705 3276 860 3354 probetur.
876 3275 938 3335 Hoc
954 3273 1049 3347 valet,
1065 3273 1184 3352 quoties
1203 3273 1306 3354 agitur
1319 3275 1356 3337 de
1374 3273 1474 3337 dubio

196 3357 324 3439 alicujus
336 3360 448 3423 delicti.
462 3361 541 3425 Illud
554 3381 688 3444 namque
700 3361 848 3444 imputari
862 3380 924 3424 non
938 3361 1041 3437 debet,
1057 3361 1119 3424 nisi
1140 3361 1177 3424 de
1193 3381 1226 3424 eo
1245 3370 1324 3425 certe
1338 3369 1472 3426 constet.

195 3447 273 3508 Cum
291 3447 389 3528 igitur
406 3449 516 3512 delicta
536 3469 598 3513 non
616 3458 856 3531 presumuntur,
870 3467 925 3512 nec
944 3451 1045 3513 malus
1066 3450 1231 3532 quisquam
1255 3450 1471 3532 praesumitur,

195 3535 248 3597 sed
262 3537 436 3616 probandus
448 3545 505 3601 est.

235 3625 300 3686 Vll.
324 3625 363 3686 ln
391 3626 482 3689 dubio
510 3649 585 3710 paru
606 3629 698 3690 tutior
718 3637 762 3691 est
781 3628 928 3711 sequenda
949 3627 1085 3710 (Regula
1104 3629 1191 3710 jurio
1211 3628 1372 3710 canonici).
1399 3631 1475 3693 Haes
1585 3651 1586 3654 ’

195 3713 299 3793 regula
317 3715 527 3796 restringenda
548 3723 594 3780 εει
612 3718 651 3780 ad
670 3735 757 3781 casus
777 3719 865 3780 dubii
878 3719 1021 3799 practici,
1035 3717 1083 3779 vel
1100 3719 1140 3780 ad
1154 3737 1204 3781 eos
1216 3717 1252 3781 in
1268 3717 1382 3800 quibus
1396 3717 1471 3780 linis

195 3807 241 3862 est
252 3803 418 3867 necessario
428 3803 623 3882 obtinendus,
634 3825 743 3887 nempe
754 3807 808 3870 ubi
820 3805 1019 3888 probabilitas
1031 3824 1093 3868 non
1105 3810 1273 3870 removeret
1281 3805 1468 3887 pericnlum,

195 3892 277 3969 quod
295 3892 343 3955 lex
358 3893 494 3974 praecipit
512 3893 638 3958 omnino
652 3896 837 3971 cavendum,
852 3901 902 3970 ut,
918 3913 948 3956 v.
965 3913 1023 3974 gr.‚
1040 3893 1075 3956 in
1092 3895 1295 3958 sacramentis
1308 3895 1470 3958 conficien-

195 3977 355 4061 disjunta
367 3983 507 4064 superius
521 3981 600 4045 dicta
617 4005 647 4045 a.
663 3989 717 4060 56,
734 3991 765 4046 et
782 4003 820 4046 ex
839 3982 984 4046 omnibus
999 3981 1159 4064 hueusque
1173 3983 1317 4064 expositis
1331 4001 1470 4064 comper·
1584 3995 1585 4000 ’

195 4073 264 4129 tum
279 4077 335 4133 est.
349 4073 381 4133 Si
395 4079 499 4135 autern
513 4073 697 4136 extendatur
711 4073 749 4134 ab
763 4071 858 4134 dubia
872 4071 1074 4152 speculativa,
1090 4079 1186 4135 cessat
1201 4090 1265 4134 esse
1278 4072 1398 4153 regula,
1413 4091 1470 4135 seu
1584 4065 1585 4100 ³

194 4165 393 4239 preceptum,
410 4161 463 4224 sed
476 4167 523 4224 est
534 4177 656 4224 merum
668 4161 841 4224 consilium.
859 4159 938 4243 Sap.
954 4181 985 4223 a.
1001 4165 1052 4225 to.

316 4289 530 4355 Resorves.

160 4443 167 4456 ·
235 4431 284 4490 ¹17.
299 4433 381 4489 -1ο
391 4429 458 4490 Non
471 4427 541 4492 licet
553 4429 638 4511 sequi
653 4427 828 4511 opinionem
841 4433 966 4491 tautum
978 4425 1182 4511 probabiliter
1195 4425 1383 4508 probabilem
1397 4443 1469 4490 con·
1583 4473 1584 4502 ι

194 4523 243 4580 tra
263 4515 375 4598 legem,
390 4516 463 4599 qnia
482 4537 543 4581 non
561 4525 642 4581 certo
661 4520 778 4581 constat
797 4535 865 4580 eam
883 4535 946 4580 esse
960 4516 1164 4598 probabilem,
1182 4535 1235 4580 seu
1249 4515 1346 4580 inniti
1359 4513 1463 4598 gravi,
1583 4513 1584 4540 ³
