3206 5024
219 238 288 299 292
752 245 958 293 reserares

341 395 556 462 Resolves.

259 548 290 605 l⁰
304 543 499 604 Excusantur
520 537 641 618 egroti,
661 535 794 611 infirmi,
814 535 1068 610 convalescentes,
1084 533 1200 616 quibus
1220 540 1308 597 nocet
1326 533 1406 598 foras
1423 551 1491 616 pro-

218 629 293 694 dire.
309 629 440 691 -Item
456 626 511 708 qui
524 625 663 689 infirmos
675 624 826 688 custodire
842 623 963 686 debent.
976 660 1017 670 -
1029 622 1065 686 S.
1081 624 1151 706 Ltp.
1169 643 1201 684 a.
1217 627 1287 687 aab.

258 723 290 784 2⁰
308 720 503 781 Excmantur
525 715 672 789 viatores,
695 713 810 795 quibus
833 731 897 776 non
919 711 1048 776 occurrit
1070 712 1125 776 ubi
1147 714 1235 775 Sacro
1253 711 1417 788 intersint,
1437 719 1493 776 aut

220 807 274 890 qui
292 825 354 870 uon
377 809 510 886 possunt
531 803 591 868 iter
613 803 851 883 interrumpere,
868 808 1025 882 propterea
1041 801 1123 882 quod
1143 800 1277 864 rbedarii
1296 799 1427 882 publici,
1445 801 1494 866 vel

218 895 292 960 socii
312 895 386 969 viae,
406 892 472 956 siue
493 891 606 974 quibus
627 891 686 954 iter
704 889 906 954 incommodis
922 896 978 952 aut
999 889 1133 971 periculo
1151 907 1214 953 non
1237 893 1364 965 careret,
1384 889 1494 954 sistere

218 985 303 1138 abgp
304 987 500 1136 1lilrbbusantur
519 1068 574 1151 qui
592 1067 770 1133 custodiunt
787 1085 909 1149 gregem
922 1067 971 1130 vel
985 1067 1128 1144 domum,
1145 1072 1200 1130 aut
1216 1066 1271 1148 qui
1290 1067 1371 1130 cibos
1383 1085 1493 1148 parare

218 1163 343 1237 debent,
359 1165 415 1223 aut
435 1158 549 1223 similia
570 1156 738 1221 necessaria
756 1175 912 1238 peragere;
936 1156 963 1220 si
981 1163 1086 1220 tamen
1105 1154 1194 1237 plura
1209 1155 1285 1218 fiant
1302 1157 1406 1233 Sacra,
1425 1175 1496 1222 om·
1593 1149 1595 1174 '

217 1270 288 1328 nes,
316 1249 416 1331 quoad
448 1245 514 1312 fieri
539 1251 656 1329 potest,
681 1245 807 1312 Missam
829 1243 997 1309 successive
1026 1244 1131 1308 audire
1157 1245 1280 1309 debent.
1299 1281 1341 1291 -
1360 1244 1397 1308 S.
1421 1245 1493 1330 ιίμ.

217 1361 248 1403 a.
262 1344 331 1404 326.

257 1434 290 1492 tr
305 1433 499 1492 Excusautur
517 1430 632 1488 matres
646 1428 677 1487 et
692 1423 828 1488 nutrices
846 1441 916 1505 quas
936 1422 1095 1498 neminem
1110 1421 1226 1486 habent
1244 1423 1293 1486 cui
1311 1424 1492 1506 relinquant

218 1517 375 1600 parvulos,
391 1534 447 1578 nec
464 1533 514 1577 eos
527 1514 566 1576 ad
579 1513 735 1576 ecclesiam
751 1513 859 1575 duoere
870 1517 998 1594 possunt
1013 1511 1080 1574 sine
1092 1529 1205 1594 magna
1219 1511 1411 1576 adstantium
1425 1533 1491 1594 per-

217 1603 454 1669 turbationem
472 1601 535 1665 sint
558 1602 619 1664 duo
633 1604 774 1682 conjuges
792 1607 937 1676 tautum,
954 1599 1079 1663 alternis
1098 1599 1217 1664 vicibus
1236 1603 1325 1666 Sucro
1343 1601 1493 1666 iuteresse

217 1693 433 1758 convenienter
446 1696 602 1773 poterunt.
618 1725 660 1737 —
672 1687 707 1752 S.
725 1690 806 1772 Lip,
820 1689 894 1752 ibid.

257 1787 288 1848 5⁰
302 1783 495 1844 Excusantur
508 1797 586 1861 saepe
604 1779 660 1861 qui
678 1778 716 1842 ab
737 1778 860 1842 ecclesia
881 1779 970 1861 longe
991 1778 1129 1856 distant,
1145 1778 1189 1841 ita
1212 1783 1249 1842 ut
1266 1781 1305 1842 ad
1323 1797 1390 1842 eam
1408 1798 1493 1844 acce-

216 1873 287 1936 dere
301 1871 367 1934 sine
381 1887 494 1950 magna
508 1867 699 1943 difficultate,
717 1867 888 1949 prasertim
901 1867 1028 1932 hiemali
1042 1872 1190 1948 tempore,
1207 1887 1270 1932 non
1284 1867 1414 1949 possint.

256 1965 288 2025 6⁰
302 1963 498 2022 Excusantur
514 1955 641 2032 famuli,
659 1955 687 2020 si
704 1955 915 2020 ministerium
937 1975 1031 2020 suurn
1053 1956 1195 2019 omittere
1208 1976 1272 2020 nou
1288 1957 1405 2038 possint
1421 1958 1492 2023 sine

216 2048 302 2131 gravi
316 2047 501 2110 detrimento
519 2045 654 2119 domini,
671 2049 726 2108 aut
741 2044 767 2107 si
786 2045 823 2107 ab
843 2063 878 2107 eo
891 2045 1121 2127 prohibeantur,
1138 2063 1193 2108 neo
1211 2045 1309 2109 alium
1326 2045 1491 2110 domiuum

215 2137 300 2200 facile
312 2135 452 2198 invenire
466 2137 590 2215 queant.
605 2135 715 2199 Sedulo
729 2140 834 2196 tamen
850 2152 956 2197 curare
971 2133 1082 2197 debent
1094 2139 1131 2196 ut
1146 2133 1368 2216 impedimenta
1384 2153 1488 2198 remo-

215 2230 322 2300 veant,
350 2223 377 2286 si
400 2223 529 2305 possint.
553 2255 594 2270 --
620 2223 671 2286 Ita
699 2225 905 2286 communiter.
925 2259 966 2268 -
985 2221 1019 2284 S.
1043 2223 1113 2305 Lip.
1137 2243 1168 2285 a.
1197 2227 1268 2289 327.
1293 2259 1334 2270 -
1360 2223 1488 2306 Reater,

217 2334 248 2377 a.
264 2317 335 2378 288.

337 2467 532 2544 Quaesita.

256 2616 325 2678 352.
340 2649 382 2660 -
395 2616 497 2689 Quas.
515 2618 546 2675 l⁰
559 2611 702 2688 Quanam
717 2609 866 2674 distantia
878 2618 1000 2674 excuset
1010 2631 1030 2674 a
1041 2611 1157 2674 Misso?

254 2703 343 2787 Resp.
363 2721 377 2765 :
398 2703 466 2765 Non
487 2707 586 2783 potest
608 2700 744 2764 absolute
770 2700 934 2781 assignari,
958 2702 1011 2763 sed
1034 2717 1071 2764 ex
1092 2699 1243 2784 adjunctis
1266 2716 1489 2781 personarum,

213 2791 350 2854 locorum
371 2796 403 2854 et
423 2793 598 2872 temporum
621 2789 853 2853 determinanda
876 2796 933 2853 est.
956 2789 1147 2870 Regulariter
1170 2795 1274 2854 autem
1294 2792 1421 2852 excusat
1440 2790 1493 2853 di-

214 2879 328 2942 stantia
347 2879 445 2943 trium
464 2878 665 2955 milliarium,
689 2897 744 2942 seu
764 2877 825 2942 iter
840 2880 978 2960 pedestre
996 2877 1091 2941 unius
1109 2879 1282 2942 borracum
1299 2878 1488 2959 quadmute3

214 2971 307 3048 atque
317 2967 412 3030 etiam
425 2966 502 3050 qrrid
518 2968 639 3045 miuus,
657 2967 684 3031 si
697 2968 816 3048 plueret
831 2971 886 3030 aut
896 2968 1052 3048 ningeret,
1069 2967 1197 3031 actalia
1210 2985 1301 3032 causa
1313 2967 1491 3032 adesset.—
1589 3003 1590 3010 κ

213 3052 249 3116 S.
265 3056 350 3136 Lip„
365 3077 396 3118 rr.
411 3060 486 3134 3293
502 3055 591 3118 Hom.
606 3066 715 3141 apost,
728 3077 759 3118 a.
775 3061 825 3120 tr.

256 3148 325 3209 353.
340 3179 380 3189 —-
402 3146 503 3220 Quas.
529 3151 562 3208 2⁰
582 3147 633 3208 An
656 3155 812 3208 excusetur
835 3165 854 3206 a
877 3145 971 3208 Missa
989 3145 1129 3228 infirmus
1145 3145 1180 3208 in
1200 3144 1307 3220 dubio,
1323 3153 1425 3207 utrum
1438 3145 1490 3208 ia·

213 3230 396 3297 commodam
410 3233 451 3292 sit
460 3233 533 3296 satis
546 3233 662 3316 prave?

254 3321 344 3404 Hesp.
357 3341 370 3383 .·
383 3323 420 3385 Iu
440 3320 498 3384 hoc
515 3340 587 3385 casu
604 3325 752 3386 standum
770 3328 817 3386 est
839 3321 965 3386 consilio
982 3321 1113 3398 medici,
1136 3323 1326 3405 Superioris,
1346 3322 1491 3401 Parocbi,
1586 3339 1587 3373 t

212 3409 411 3485 confessarii,
428 3410 476 3473 vel
490 3409 618 3475 alterius
632 3411 693 3474 viri
709 3410 882 3494 prudentis.
899 3413 965 3474 lmo
983 3417 1082 3492 potest
1100 3411 1244 3475 infirmus
1263 3412 1356 3476 etiam
1371 3411 1493 3492 judicio
1585 3429 1586 3438 ³

213 3500 333 3582 proprio
356 3499 562 3581 acquiescere,
579 3500 607 3562 si
630 3501 674 3563 ita
692 3502 858 3582 prudenter
871 3499 1000 3582 judicet.
1013 3501 1094 3577 Quid
1109 3518 1180 3563 vero
1196 3500 1223 3563 si
1238 3501 1334 3581 petito
1346 3499 1491 3578 oonsilio,
1584 3529 1585 3540 2

213 3587 327 3652 dubius
341 3587 442 3651 adbuc
455 3592 681 3651 remaneat‘l—
698 3589 846 3653 Absolute
859 3589 899 3652 ad
916 3588 1042 3652 Missam
1064 3606 1126 3652 non
1144 3593 1278 3662 wnetur,
1296 3589 1370 3671 quia
1390 3594 1492 3652 stante

213 3675 345 3757 periculo
357 3677 459 3758 gravis
474 3676 582 3739 damni
593 3677 799 3760 judicandum
815 3684 862 3741 est
882 3681 1014 3740 matrem
1026 3677 1190 3741 Ecclesiam
1204 3696 1267 3741 nou
1283 3678 1429 3759 obligare.
1447 3713 1492 3725 ·-

212 3764 264 3827 Ito
279 3765 368 3828 vaide
379 3765 580 3847 probabiliter
593 3766 639 3828 ait
652 3765 686 3828 S.
701 3767 785 3848 Lip,
800 3788 832 3829 a.
848 3771 919 3832 325.
935 3803 975 3812 -
987 3769 1022 3829 ln
1036 3766 1124 3848 praxi
1143 3765 1238 3829 satius
1253 3775 1301 3830 est
1318 3767 1491 3848 ubdispen-

214 3853 291 3917 satio
305 3859 437 3935 petatur,
455 3853 481 3918 si
495 3852 581 3916 facile
593 3855 656 3935 peti
670 3855 777 3936 possit.

255 3944 356 4017 Quuu.
374 3949 406 4007 3ο
420 3945 471 4005 Aa
484 3951 602 4006 accuset
616 3945 729 4006 occasio
742 3944 822 4006 lacrr'
833 3944 975 4008 notabitis
986 3943 1143 4027 faciendi?

253 4031 342 4113 Recp.
368 4029 495 4112 Affirrn,
513 4031 727 4114 probabiliter,
750 4033 825 4113 quia
850 4040 998 4116 praecepta
1020 4033 1158 4097 Ecclesia
1181 4051 1245 4097 nou
1262 4033 1402 4114 obligant
1418 4051 1493 4096 curn

213 4118 406 4182 incommodo
423 4121 510 4184 valde
523 4120 621 4202 gravi,
635 4129 672 4185 ut
688 4129 806 4185 constat
820 4141 857 4184 ex
871 4122 960 4186 dictis
975 4123 1009 4185 in
1025 4123 1129 4186 Tract.
1143 4122 1180 4185 de
1199 4123 1286 4206 lep„
1302 4143 1334 4185 a.
1348 4127 1420 4188 100.
1435 4123 1496 4186 Sed

213 4206 393 4288 hujusmodi
417 4208 539 4272 lucrum
566 4210 842 4274 extraordinarium
867 4230 931 4275 esse
959 4211 1056 4275 debet.
1077 4249 1119 4259 -
1139 4211 1175 4274 S.
1198 4211 1266 4294 Liq.
1291 4232 1323 4275 a.
1353 4205 1439 4278 3³25
1454 4247 1497 4259 -

214 4293 323 4373 Elbel,
338 4317 369 4358 η.
388 4301 456 4362 368.
472 4335 513 4344 -
528 4299 564 4362 V.
586 4299 693 4380 Casas,
706 4320 737 4362 a.
754 4305 811 4364 347
827 4311 930 4383 etseq.
