3202 5020
770 229 975 276 induratus

528 433 909 520 111.-Ar9omectcm
926 453 969 500 ex
987 435 1215 501 consectariis.

275 617 325 678 dd.
341 648 381 658 -
404 614 427 673 l.
453 613 635 692 sequeretur
651 609 686 672 16
707 615 874 692 systemate
895 609 1211 691 probabilioristarum
1230 609 1392 674 difficultas
1410 612 1507 676 nimis

235 701 337 783 gravis
350 719 405 781 pro
418 698 624 763 confessariis.
642 697 766 760 Etenim
776 697 981 761 confessarius
996 717 1027 760 se
1039 705 1200 779 exponeret
1214 697 1347 780 periculo
1361 703 1508 781 peccandi

234 791 272 854 ob
286 789 439 853 defectum
452 786 631 850 sufficientis
645 786 811 866 diligentia
830 785 864 848 in
884 787 1104 868 perpendendis
1123 787 1217 850 variis
1232 788 1377 868 gradibus
1396 791 1508 870 proba-

235 879 378 954 bilitatis,
399 876 570 958 praesertim
592 875 627 937 in
650 875 779 937 materia
801 874 1023 949 restitutionis,
1040 877 1162 956 quando
1186 895 1223 939 ex
1245 877 1365 940 duabus
1388 877 1507 959 opinio

234 968 328 1030 nibus
343 983 428 1048 aeque
438 963 647 1046 probabilibus
661 983 757 1027 unam
772 968 959 1046 sequeretur.
967 965 998 1026 Si
1006 963 1091 1026 enim
1098 965 1284 1028 sententiam
1293 965 1507 1047 benigniorem

235 1063 420 1130 assumeret,
444 1059 580 1135 peccaret
602 1053 679 1115 illud
702 1052 921 1134 permittendo;
938 1053 972 1115 in
986 1071 1047 1134 quo
1066 1053 1290 1116 deformitatem
1308 1055 1508 1135 probabiliter

234 1145 432 1208 exsistentem
447 1141 744 1224 apprehenderet—Si
751 1145 842 1224 juxta
856 1142 1040 1205 sententiam
1055 1141 1230 1222 rigidiorem
1242 1150 1354 1223 ageret,
1370 1153 1509 1224 peccaret

233 1237 345 1316 jugum
359 1233 514 1296 incertum
527 1229 691 1312 poenitenti
706 1231 901 1312 imponendo.
918 1233 1044 1312 Insuper
1058 1229 1128 1294 licet
1140 1231 1292 1294 sententia
1305 1232 1436 1312 rigidior
1446 1233 1507 1314 ipsi

235 1328 378 1403 appareat
391 1319 585 1401 probabilior,
601 1319 797 1400 quandonam
808 1327 910 1382 certus
924 1319 993 1395 erit,
1010 1337 1079 1382 eam
1092 1338 1197 1382 revera
1209 1321 1302 1382 talem
1316 1338 1396 1396 esse,
1412 1329 1508 1404 atquc

235 1411 323 1473 alteri
345 1409 529 1473 confessario
561 1407 731 1489 oppositam
758 1407 993 1488 probabiliorem
1018 1426 1079 1471 non
1108 1407 1224 1471 videri?
1252 1413 1312 1472 Nec
1338 1410 1508 1492 quisquam

236 1517 351 1561 munus
366 1497 544 1561 confessarii
559 1496 662 1559 subire
681 1503 797 1577 posset,
814 1497 876 1560 nisi
895 1496 971 1560 forte
985 1496 1029 1560 116
1047 1503 1187 1560 versatus
1201 1495 1277 1560 foret
1294 1497 1329 1560 in
1343 1499 1508 1579 Theologia

234 1585 358 1661 morali,
375 1593 411 1648 ut
434 1585 622 1665 distinguere
643 1584 725 1646 inter
747 1585 904 1666 opiniones
918 1584 1134 1666 probabiliores
1157 1592 1189 1648 et
1209 1587 1315 1649 minus
1334 1587 1508 1667 probabiles

235 1679 316 1738 certo
327 1681 446 1756 posset:
463 1693 541 1736 onus
555 1673 639 1736 enim
653 1672 783 1736 faciendi
806 1673 938 1736 includit
954 1691 1032 1735 onus
1051 1673 1182 1751 soiendi;
1203 1673 1382 1754 paucissimi
1399 1682 1509 1738 autem

234 1763 290 1826 hoc
303 1770 447 1844 prestare
461 1763 573 1825 valent.

274 1851 353 1914 Hinc
367 1851 507 1932 sequitur
525 1851 620 1914 etiam
639 1851 691 1912 illa
709 1849 906 1913 contradictio
929 1850 1203 1928 confessariorum,
1218 1851 1287 1933 qui,
1304 1857 1377 1915 utut
1395 1853 1508 1933 proba-

234 1939 442 2004 biliorismum
456 1939 647 2021 profitentes,
664 1939 747 2002 baud
761 1959 829 2002 raro
844 1947 948 2002 tamen
964 1940 1117 2016 dictitant,
1135 1959 1166 2003 se
1180 1959 1242 2004 non
1255 1959 1341 2021 posse
1355 1939 1390 2002 iu
1404 1943 1508 2004 admi-

234 2029 418 2091 nistratione
454 2029 636 2091 sacramenti
671 2027 863 2091 Paenitentia
894 2028 1044 2110 principia
1077 2029 1335 2110 probabiliorismi
1370 2029 1510 2112 rigorose

234 2117 402 2198 applicare:
415 2123 446 2179 et
469 2117 536 2179 ideo
548 2117 633 2180 aliud
650 2118 684 2178 in
703 2116 832 2192 theoria,
848 2117 932 2180 aliud
952 2136 1021 2179 vcro
1035 2117 1162 2180 omnino
1180 2117 1354 2198 oppositum
1368 2118 1402 2180 in
1415 2119 1509 2200 praxi
1586 2187 1587 2190 Ἴ

233 2211 351 2267 166661.
369 2209 428 2268 Ν66
442 2205 553 2267 desunt
567 2205 636 2286 qui,
652 2205 686 2266 in
709 2205 862 2284 angustiis
880 2205 1055 2280 constituti,
1072 2205 1156 2268 facile
1175 2205 1207 2267 id
1221 2205 1406 2286 probabilius
1418 2207 1509 2288 judi-
1586 2209 1587 2290 ,

235 2300 319 2367 cent,
334 2295 415 2374 quod
430 2293 504 2356 alias
519 2293 624 2356 minus
642 2293 797 2374 probabile
814 2293 973 2356 haberent.
989 2298 1095 2359 Nonne
1110 2300 1268 2374 prestaret
1282 2293 1430 2375 principia
1445 2295 1509 2357 mi·
1586 2325 1587 2382 1

235 2380 314 2452 tiora
347 2400 420 2444 cum
447 2387 494 2444 tot
519 2381 753 2463 sapientissimis
780 2381 957 2450 Ductoribus
986 2389 1120 2446 statuere
1147 2388 1177 2445 61
1203 2382 1380 2460 admittere,
1409 2401 1509 2466 caque
1586 2391 1587 2450 1

234 2473 366 2532 exactius
379 2469 413 2532 in
428 2469 549 2551 praxim
562 2470 732 2534 deducere?

274 2561 323 2622 67.
345 2595 384 2604 -
406 2561 443 2622 Π.
469 2561 652 2641 Sequeretur
671 2557 887 2622 molestissima
911 2559 1071 2622 difficultas
1089 2579 1143 2641 pro
1160 2559 1310 2622 fidelibus.
1325 2560 1453 2623 Etenim
1474 2561 1507 2624 in

233 2647 338 2710 dubiis
352 2647 560 2730 imponeretur
572 2647 645 2729 ipsis
660 2647 805 2729 obligatio
818 2648 1013 2730 inquirendi,
1028 2667 1171 2730 quaenam
1185 2647 1287 2728 opinio
1302 2647 1343 2711 sit
1359 2648 1507 2730 probabi·

233 2736 306 2811 lior;
324 2737 435 2818 quippe
450 2736 593 2816 obligatio
607 2737 752 2818 operandi
768 2738 938 2800 secundum
951 2737 1201 2818 probabiliorem,
1217 2736 1349 2799 includit
1366 2755 1507 2800 necessa-

233 2825 317 2887 rium
339 2825 473 2888 officium
500 2843 568 2888 eam
600 2824 807 2906 inquirendi:
832 2845 919 2907 porro
947 2827 1127 2907 plerumque
1152 2825 1244 2888 datur
1271 2824 1508 2906 impossibilitas

232 2913 356 2977 moralis
370 2913 580 2996 distinguendi
594 2915 677 2978 inter
689 2915 922 2995 probabiliorem
937 2922 967 2978 et
981 2915 1087 2978 minus
1101 2913 1304 2997 probabilem;
1320 2931 1394 2978 nam
1408 2915 1508 2978 etiarn

233 3001 329 3065 doctis
352 3003 407 3066 boc
430 3004 517 3067 valde
534 3001 653 3066 difficile
672 3002 784 3084 saepius
802 3011 859 3066 est.
881 3007 920 3067 Et
939 3023 1011 3066 sane
1029 3022 1146 3086 quaero,
1163 3022 1204 3065 an
1221 3006 1325 3066 tenear
1343 3003 1381 3066 ad
1395 3004 1508 3083 proba-

232 3089 326 3154 bilius
341 3092 374 3153 16
387 3113 416 3154 66
430 3111 484 3156 666
497 3092 641 3162 61661616,
657 3093 705 3155 vel
718 3092 818 3174 quoad
829 3113 874 3154 me
888 3111 943 3155 seu
954 3091 1097 3155 relative?
1111 3091 1143 3154 si
1151 3092 1246 3171 prius,
1262 3093 1344 3154 unde
1359 3093 1509 3154 noscam?

233 3180 265 3244 Si
273 3183 437 3263 posterius,
461 3181 576 3245 iterum
595 3182 642 3244 vel
661 3180 764 3261 agitur
777 3182 814 3243 de
827 3181 1039 3263 probabilitate
1053 3181 1239 3258 intrinseca,
1256 3181 1304 3243 vel
1318 3180 1506 3244 extrinseca.
1585 3229 1586 3234 .

232 3268 266 3334 si
272 3270 316 3332 de
331 3274 509 3354 posteriori,
526 3269 625 3352 qualis
647 3269 747 3333 schola
767 3269 941 3351 sequenda?
955 3269 1059 3351 quales
1072 3273 1213 3332 Doctores
1230 3268 1506 3349 interrogandii...

232 3357 264 3421 Si
279 3359 316 3421 dc
325 3359 442 3441 priori,
457 3359 563 3422 crescit
576 3357 736 3422 difficultas
749 3378 756 3421 :
768 3361 849 3421 unde
864 3357 969 3432 sciam,
982 3378 1022 3421 an
1034 3358 1094 3421 sim
1108 3357 1183 3420 satis
1197 3358 1236 3420 ad
1248 3357 1337 3421 hocce
1347 3356 1508 3438 judicium
1585 3377 1586 3444 3

230 3446 381 3510 idoneus?
394 3466 434 3510 ao
455 3447 489 3510 16
510 3447 685 3528 ignorantia
699 3447 874 3511 invincibili
888 3466 999 3522 verser,
1019 3448 1068 3510 vel
1085 3451 1166 3510 nont
1185 3448 1303 3529 Anceps
1321 3446 1428 3526 igitur,
1445 3448 1508 3510 du·
1585 3451 1586 3505 1

231 3535 353 3618 hiisque
372 3555 509 3618 pressae,
531 3536 606 3618 quid
629 3537 739 3617 agam?
765 3541 931 3601 Recurram
958 3538 997 3600 ad
1014 3536 1197 3617 Magistros?
1216 3539 1258 3598 At
1280 3554 1318 3598 ex
1340 3535 1509 3616 hypothesi

231 3643 338 3688 meum
352 3632 399 3688 est
409 3625 556 3706 judicare.
572 3629 652 3702 Quot
664 3626 781 3707 itaque,
797 3634 981 3708 quantaque
990 3624 1140 3705 angustiae
1154 3624 1351 3705 impendeant
1361 3623 1509 3688 fidelibus

230 3733 268 3776 ex
296 3714 349 3777 illa
375 3713 554 3777 necessitate
581 3714 767 3795 probabilius
795 3714 933 3777 tutiusve
961 3713 1122 3794 sequendi,
1153 3713 1351 3776 manifestum
1378 3711 1424 3775 fit.
1466 3749 1510 3760 -

228 3803 377 3886 sepsere,
395 3801 688 3886 0666666661.

269 3897 319 3958 68.
336 3929 377 3939 -
390 3894 440 3954 Ill.
457 3895 640 3973 sequeretur
658 3890 817 3955 fluctuatio
834 3897 980 3973 perpetua
996 3889 1154 3955 doctrina.
1170 3893 1217 3954 Ex
1238 3889 1508 3971 probabiliorismo

228 3981 314 4044 enim
326 3982 467 4064 sequitur
480 3985 625 4062 perpetua
638 3979 794 4043 fluctuatio
809 3980 954 4044 doctrinae
968 3979 1050 4042 inter
1063 3980 1144 4063 ipsos
1158 3978 1435 4062 probabilioristas,
1452 3980 1508 4042 uti

229 4071 406 4151 comprobat
429 4068 609 4152 quotidiana
630 4068 827 4150 experientia.
849 4069 906 4132 Sed
922 4076 953 4132 et
972 4087 1009 4131 ex
1032 4068 1099 4151 ipsa
1118 4077 1229 4132 natura
1242 4066 1508 4150 probabiliorismi

229 4158 329 4222 oritur
353 4161 415 4223 ista
436 4157 649 4240 discrepantia.
675 4158 864 4238 Impossibile
885 4165 931 4221 est
949 4157 1118 4240 siquidem,
1135 4164 1171 4222 ut
1185 4158 1283 4239 reipsa
1299 4156 1504 4229 conveniant;

229 4265 318 4322 nam,
334 4250 433 4330 posita
446 4246 630 4328 obligatione
645 4247 791 4329 sequendi
805 4247 981 4330 opinionem
1003 4267 1071 4331 quaa
1085 4247 1194 4329 cuique
1208 4245 1394 4328 probabilior
1410 4263 1507 4326 appa·

229 4341 292 4414 ret,
322 4339 488 4402 necessario
516 4336 570 4402 alii
596 4355 650 4418 pru
678 4335 860 4400 affirmativa
886 4343 987 4419 parte,
1013 4337 1065 4400 alii
1089 4355 1143 4418 pro
1169 4335 1312 4416 negativa
1337 4333 1504 4398 resolvent.
1584 4373 1585 4400 l

228 4425 348 4508 ligabit
369 4445 467 4503 unus,
493 4428 589 4491 solvet
611 4427 707 4490 alter:
724 4432 754 4490 et
775 4427 856 4509 quod
879 4425 938 4489 tibi
957 4425 1143 4508 probabilius
1162 4423 1335 4506 apparebit,
1358 4422 1506 4486 facillime
1584 4421 1585 4476 i

227 4513 315 4580 alteri
339 4533 424 4599 aque
446 4517 494 4581 vel
512 4516 618 4581 minus
636 4515 789 4600 probabile
807 4515 972 4580 videbitur.
989 4515 1067 4580 Hinc
1086 4520 1252 4596 sequentur
1271 4511 1407 4576 66616616
1420 4510 1505 4574 deci-
