3216 5020
673 443 981 524 nancradus

346 641 439 752 DE
481 641 898 752 PRAECEPTIS
939 640 1303 753 DECALOGI

232 1131 317 1193 Siout
335 1132 516 1214 Symbolum
535 1130 667 1211 epitome
686 1135 732 1190 ast
753 1128 986 1201 credendorum,
1012 1128 1055 1190 ita
1078 1128 1240 1210 Deoalogus
1263 1131 1466 1211 agendorum.
1592 1103 1593 1168 l

192 1220 426 1300 Comprehendit
437 1219 521 1283 enim
534 1220 636 1282 dooem
650 1223 796 1299 precepta
810 1236 828 1279 a
841 1221 900 1280 Deo
913 1217 947 1279 in
961 1221 1064 1280 monte
1076 1217 1161 1281 Sinai
1174 1218 1272 1301 Moysi
1286 1220 1416 1294 tradita,
1432 1221 1467 1283 in

193 1307 306 1391 quibus
325 1309 430 1371 omnia
445 1307 581 1371 hominis
600 1306 710 1379 officia,
727 1323 796 1386 quaa
813 1305 962 1368 naturalis
976 1306 1025 1368 len
1039 1307 1222 1386 praescribit,
1237 1308 1306 1388 plus
1322 1308 1466 1372 minusve
1593 1349 1594 1402 l

192 1404 293 1477 aperte
314 1397 522 1460 continentur.
548 1395 620 1458 Tna
645 1393 747 1476 priora
766 1398 864 1457 Deum
886 1395 1064 1458 immediate
1085 1395 1270 1478 respiciunt,
1296 1403 1404 1460 oaetera
1427 1399 1468 1461 ad
1593 1413 1594 1470 j

192 1484 370 1565 proximum
384 1485 568 1548 referuntur.

530 1687 584 1762 DE
612 1685 1128 1762 lorellottroffitfirto

231 1881 301 1965 Epo
315 1903 381 1944 oum
395 1883 541 1946 Dominus
558 1883 636 1944 Deus
650 1891 771 1944 tuus....·
782 1902 842 1943 non
857 1881 978 1944 latetis
992 1882 1059 1944 deos
1073 1883 1195 1944 oltenm.
1212 1883 1307 1946 Exod.
1322 1901 1376 1956 mr,
1392 1887 1422 1945 2.

234 2057 294 2116 Hor
304 2059 504 2133 preceptum,
519 2071 581 2134 qua
592 2052 827 2127 affirmativum,
842 2053 1011 2133 prescribit
1023 2054 1056 2117 in
1069 2053 1179 2134 primis
1192 2057 1276 2115 aetus
1285 2053 1462 2133 Religionis,

192 2140 305 2221 qiribus
319 2141 479 2204 Divinitati
501 2141 623 2204 debitus
645 2141 746 2204 nultus
760 2141 924 2216 tribuitur;
941 2161 1002 2223 qua
1017 2142 1210 2222 negativum,
1227 2141 1367 2223 prohibet
1387 2141 1465 2204 sitia

192 2229 341 2310 Religioni
355 2229 499 2312 opposita.

723 2407 941 2484 CAPUTI

460 2627 510 2676 DE
535 2626 708 2678 ACTIBUS
738 2625 931 2676 VlRTUTlS
957 2625 1204 2676 -Rssmolon'ls

233 2801 328 2862 nctus
349 2797 495 2881 praeripui
520 2797 687 2877 Religionis
709 2803 784 2860 sunt
806 2796 955 2870 adoratio,
980 2796 1090 2870 oratio,
1116 2796 1315 2872 sacrifioium,
1338 2799 1465 2869 votum,

189 2891 404 2970 juramentum
414 2891 443 2950 et
454 2886 651 2949 sanctificatio
663 2886 869 2967 quorumdam
881 2885 1039 2947 dierum...
1053 2889 1092 2948 De
1105 2885 1204 2947 tribus
1214 2883 1336 2948 ultimis
1348 2884 1469 2948 dicetur

193 2976 228 3039 io
247 2979 281 3037 2⁰
300 2984 330 3037 rt
347 2981 380 3040 3⁰
394 2985 565 3058 praecepte·
585 2976 621 3037 de
640 2973 800 3048 sacrificio,
822 2974 856 3036 in
883 2973 983 3036 Troot.
1008 2975 1045 3036 de
1064 2974 1273 3036 Euchariston.
1297 2973 1352 3038 llio
1371 2973 1469 3054 igitur

194 3071 318 3128 tantum
333 3065 370 3126 de
383 3065 557 3128 adoratione
572 3069 602 3126 et
616 3064 764 3126 oratione.

707 3240 920 3304 ARTIGULUS
941 3241 954 3300 l

660 3421 707 3465 nn
737 3419 1007 3464 nnoanrronn

235 3573 305 3632 25¹1.
322 3605 361 3614 —
375 3566 519 3630 Adoratio
535 3566 628 3628 lolius
642 3571 764 3646 sumpta
776 3573 823 3628 est
837 3567 939 3628 cultus
956 3564 1048 3627 alieni
1063 3564 1221 3628 exhibitus
1235 3566 1273 3628 ob
1288 3567 1354 3646 ojus
1368 3565 1471 3646 digni-

195 3662 305 3734 tatem3
320 3677 374 3720 seu
386 3663 432 3720 est
444 3662 530 3718 actus
544 3673 604 3736 quo
616 3655 686 3736 quis
698 3654 852 3736 propriam
867 3653 1086 3736 subjectionem
1097 3653 1185 3716 alteri
1198 3654 1322 3718 exhibet
1334 3655 1369 3717 in
1384 3653 1471 3717 testi·

195 3745 368 3810 ficationem
386 3744 485 3826 ipsius
500 3743 693 3813 excellentiae.
716 3743 763 3806 Sio
782 3742 930 3805 dicuntur
948 3742 1050 3823 aliquo
1068 3744 1158 3805 modo
1176 3742 1294 3806 adorari
1315 3741 1471 3823 Principes

196 3842 227 3898 et
240 3835 293 3898 alii
308 3835 342 3897 in
355 3834 504 3916 dignitate
518 3832 690 3905 constituti;
706 3832 781 3893 item
795 3831 849 3912 qui
864 3831 902 3893 ab
917 3831 986 3892 aliis
1001 3831 1168 3911 specialiter
1181 3831 1364 3912 diliguntur.

235 3923 380 3987 Adoratio
394 3941 465 3986 vero
477 3922 612 3984 otrr'ctr’us
626 3924 748 4000 sumpta
758 3927 804 3982 est
817 3919 914 3982 honor
928 3923 987 3982 Deo
1005 3919 1162 3982 exhibitus
1176 3927 1298 4000 propter
1312 3935 1472 3982 summam

195 4014 261 4094 ejus
278 4012 503 4086 excellentiam,
521 4025 759 4092 supremrunque
773 4007 960 4070 dominium.

236 4100 314 4163 Hine
339 4099 542 4181 distinguitur
564 4099 664 4161 cultus
684 4103 740 4160 :1⁰
763 4098 894 4175 tainu,
915 4098 970 4178 qui
994 4098 1048 4161 soli
1073 4102 1132 4162 Deo
1154 4099 1291 4163 exhiberi
1312 4105 1412 4180 potest
1432 4101 1473 4164 ob

197 4207 376 4271 supremum
390 4193 455 4271 ejus
470 4187 644 4252 dominium
656 4185 691 4248 in
703 4203 808 4248 omnes
822 4193 990 4262 creaturas;

236 4283 269 4342 2⁰
290 4275 505 4361 Hyperdulr'oe,
530 4276 584 4360 qui
598 4281 632 4340 Β.
650 4273 752 4338 Mariae
767 4274 887 4356 Virgini
902 4276 1068 4352 tribuitur;
1102 4339 1107 4350 ,

237 4373 270 4432 3⁰
291 4366 408 4440 Dulcia,
424 4367 479 4446 qui
491 4365 614 4446 Angelis
629 4372 660 4428 et
673 4363 740 4426 aliis
755 4363 871 4426 Sanctis
886 4365 1040 4427 convenit.

236 4455 344 4518 Cultus
358 4453 455 4515 latriae
469 4458 528 4516 Deo
544 4454 691 4516 debetur:
709 4457 741 4515 l⁰
758 4453 875 4534 dejure
888 4453 1039 4527 naturali,
1060 4454 1097 4515 oh
1116 4471 1273 4516 summam
1290 4457 1357 4536 ejus
1374 4457 1471 4536 maje-
