3206 5024
544 206 589 285 [oa
606 222 809 268 enmorrrrs
830 222 1008 268 oscitent
1353 210 1422 274 eet

141 408 145 414 ,
183 339 288 414 Qumis.
304 338 336 396 2⁰
351 333 401 394 An
418 331 505 394 liceat
516 332 647 416 scalpere
661 331 708 395 cel
715 331 868 414 pinqere?

185 426 279 506 Resp.
296 423 334 486 ad
348 428 401 485 {¹²¹¹
418 421 498 504 Neq.
512 441 569 506 per
580 442 619 494 se,
634 421 708 503 quia
723 422 879 501 sculptura
893 421 972 484 inter
987 426 1068 484 artes
1082 419 1273 491 mechanicas
1287 441 1423 488 commu·

141 514 226 580 niter
251 512 393 576 habetur.
417 546 457 555 —
474 508 508 572 S.
530 509 612 592 tta,
637 531 668 572 n.
691 514 766 587 281;
788 510 879 572 Hom.
905 519 1016 594 apost,
1032 531 1063 573 a.
1084 515 1134 574 to.
1154 547 1195 557 -
1213 511 1422 576 Probabiliter

143 609 252 668 temen
264 599 493 680 excipiendum,
510 598 537 661 si
549 598 585 663 de
598 599 660 662 sole
673 598 772 682 operis
783 599 965 680 perfectione
979 599 1092 682 agitur.

184 691 274 772 Resp.
291 690 329 752 ad
343 693 396 754 2²¹²
412 707 420 748 :
436 686 691 754 controvertitur.

156 809 159 817 ν
186 781 220 842 Ι“
234 777 390 842 Sententia
404 776 536 860 affirm„
552 777 626 858 quis
637 776 755 857 pictura
766 783 813 840 est
826 796 876 840 ars
889 776 1033 852 liberalis,
1044 777 1092 840 vel
1105 777 1213 840 saltem
1227 778 1329 842 media
1339 776 1422 844 iuter

144 868 284 933 liberales
310 870 341 927 et
361 865 499 942 serviles;
516 871 563 928 est
586 865 671 928 enim
694 865 771 946 quid
793 865 951 947 scriptioni
975 865 1188 942 simillimum,
1210 865 1299 930 modo
1316 871 1422 938 tamen

144 958 265 1039 pictura
278 955 334 1018 fiat
350 953 416 1020 sine
430 972 543 1036 magno
554 953 671 1030 labore,
687 954 787 1035 qualis
804 954 970 1017 haberetur
983 955 1095 1022 colores
1114 953 1286 1033 miscendo,
1300 954 1422 1022 tahruas

140 1045 355 1128 preponendo,
373 1051 430 1106 ete.
444 1079 484 1090 -
496 1043 548 1106 Ita
558 1043 733 1126 Laymann,
746 1044 841 1121 Ater,
860 1043 988 1124 Sporer,
1001 1050 1058 1105 etc.

184 1134 236 1197 11⁰
254 1133 414 1195 Sententia
426 1151 509 1215 neq„
521 1132 598 1214 quie
613 1132 674 1195 dici
693 1131 803 1212 nequit
820 1132 900 1194 ectio
918 1132 1068 1208 liberalia
1087 1151 1160 1196 cum
1179 1152 1242 1197 non
1256 1132 1419 1216 dirigatur,

143 1229 182 1288 ut
205 1222 371 1301 scriptura,
394 1223 432 1284 ad
453 1221 597 1284 animum
617 1220 832 1294 excolendum,
854 1220 973 1302 etquis
992 1219 1116 1302 pingere
1137 1219 1199 1284 iere
1217 1221 1299 1285 idem
1317 1231 1364 1288 est
1387 1241 1421 1298 ac

144 1312 294 1393 sculpere,
308 1312 390 1391 quod
409 1329 485 1391 opus
503 1310 612 1374 servile
627 1314 682 1374 est.
695 1345 737 1354 -
755 1307 805 1372 Ita
819 1309 986 1390 Salmone,
1007 1307 1153 1388 Sanctez,
1170 1307 1294 1392 Saarez,
1309 1319 1367 1376 etc.
1379 1346 1421 1372 --⁴

143 1403 314 1480 Utramque
329 1397 513 1462 sententiam
527 1399 637 1462 merito
649 1398 835 1480 probabilem
850 1397 967 1461 dioitS.
987 1399 1071 1480 Liq,
1086 1419 1117 1460 a.
1133 1402 1204 1463 280.

188 1493 256 1554 358.
271 1525 312 1534 -
323 1491 425 1564 Quen.
441 1491 473 1550 3ο
485 1489 537 1548 Αη
551 1487 698 1569 imaqines
713 1507 767 1549 aen
776 1489 905 1570 ptbqere
920 1485 1026 1548 liceat?

185 1579 274 1660 Resp.
288 1597 300 1638 .·
312 1577 569 1639 Controvertitnr.
580 1580 736 1639 Excusant
751 1577 842 1638 multi
855 1597 861 1637 :
876 1575 909 1638 id
923 1575 1008 1638 enim
1021 1575 1120 1656 magis
1133 1575 1264 1639 refertur
1276 1577 1315 1638 ad
1329 1595 1419 1639 exer-

144 1668 276 1729 cendum
303 1665 480 1745 ingenium,
511 1683 606 1746 quem
627 1665 665 1727 ad
687 1665 886 1745 operandmn.
900 1699 940 1712 -
956 1663 991 1726 S.
1013 1664 1084 1746 Liq.
1108 1685 1138 1724 n.
1159 1668 1229 1727 eet.
1246 1699 1287 1709 -
1304 1664 1420 1748 Speras
1507 1737 1511 1746 ¹

142 1775 175 1816 n.
193 1759 247 1830 lb,
266 1763 323 1818 etc.

183 1846 285 1919 Qonn.
297 1848 331 1906 4⁰
346 1845 398 1904 An
411 1841 498 1904 liceat
514 1843 620 1904 venari
634 1851 665 1904 et
673 1841 808 1925 piscari?

184 1933 275 2014 Resp.
296 1931 434 2012 Affirm„
453 1929 527 2010 quio
545 1931 610 1994 haec
626 1949 689 1994 non
706 1936 780 1993 sunt
798 1949 887 2012 opera
906 1929 1043 2004 servilia,
1060 1935 1091 1991 et
1112 1929 1334 1992 consuetudine
1347 1929 1419 1994 tole·

138 2025 261 2095 rantur,
275 2020 365 2082 modo
380 2036 442 2080 non
458 2017 534 2080 fiant
549 2037 659 2100 magno
674 2038 746 2082 cum
764 2019 879 2094 labore,
896 2025 1024 2091 conatu,
1045 2016 1178 2098 strepitu
1193 2016 1241 2080 vol
1256 2024 1417 2098 apparatu.

136 2143 182 2154 -
193 2107 228 2169 S.
244 2108 328 2188 tq„
342 2125 375 2167 n.
391 2109 467 2180 283,
484 2105 584 2168 etalii
597 2109 791 2170 communiter
805 2115 910 2170 contra
922 2125 1043 2188 pancos.

183 2200 286 2272 Qumis.
312 2200 345 2258 5⁰
366 2196 415 2256 An
431 2195 520 2256 liceat
541 2199 601 2258 iter
623 2216 715 2278 apere
725 2195 871 2280 pedibus,
897 2215 987 2278 equo,
1004 2203 1164 2258 mnne-
1177 2193 1253 2256 Item
1273 2215 1312 2256 an
1332 2195 1418 2258 liceat

132 2285 386 2348 decernerem
399 2285 593 2364 oeljnmenta
604 2285 731 2348 onusta?

137 2445 144 2455 ¹
181 2372 274 2454 Resp.
300 2373 338 2434 ad
359 2378 410 2435 1²²²
432 2372 573 2454 assion,
591 2379 628 2436 ut
648 2393 684 2436 er
702 2375 789 2454 praxi
806 2373 974 2437 universali
993 2378 1096 2455 aperte
1109 2379 1241 2436 constat.
1260 2373 1418 2438 Sententia

136 2460 278 2542 opposita
290 2460 490 2542 relinquenda
503 2467 550 2524 est
564 2466 600 2524 ut
612 2462 785 2544 antiquato,
799 2463 843 2524 ait
856 2462 891 2525 S.
906 2463 990 2544 Liq„
1009 2483 1039 2524 n.
1057 2465 1131 2536 275,
1148 2466 1216 2542 post
1234 2460 1416 2544 lianeaqlta.

133 2548 256 2700 {ariter
268 2549 337 2612 licet
352 2549 400 2612 uti
414 2549 518 2612 lectica
530 2550 569 2612 ab
581 2551 760 2616 hominibus
774 2555 906 2634 portate,
923 2551 979 2614 ubi
990 2550 1073 2632 viget
1085 2550 1155 2614 talis
1165 2552 1363 2614 consuetudo.
1377 2586 1418 2607 -τ

168 2637 273 2718 .Liq.‚
290 2637 363 2698 ibid.

136 2789 139 2792 .
180 2725 270 2808 Resp.
288 2727 327 2788 ad
340 2731 394 2788 Ψ
411 2747 417 2789 :
435 2727 689 2804 Controvertitar,
706 2737 794 2793 extra
815 2748 921 2794 casum
941 2729 1140 2792 necessitatis.
1163 2729 1320 2792 Sententia
1333 2746 1416 2794 nunc

132 2814 330 2897 probabilior
342 2815 483 2898 affirmat
496 2836 562 2882 esse
575 2818 709 2892 licitum,
727 2837 788 2882 non
807 2819 908 2880 solum
926 2819 966 2880 ad
981 2818 1038 2880 iter
1057 2817 1215 2899 inceptum
1233 2816 1415 2880 continuan-

137 2903 235 2978 dum,
251 2903 304 2966 sed
325 2905 418 2966 etiam
435 2906 473 2967 ad
496 2905 575 2968 illud
599 2905 822 2980 inchoandum,
837 2907 1004 2972 dummodo
1023 2905 1062 2968 ad
1079 2923 1206 2968 currum
1223 2907 1414 2969 onerandum

136 2991 284 3056 notabilis
303 3012 338 3055 ac
357 2993 527 3057 diuturnus
541 2994 626 3058 labor
641 3013 704 3056 non
723 2995 914 3075 requirebam
931 3013 950 3056 e
973 3012 1034 3075 quo
1053 2999 1159 3056 tamen
1173 2995 1273 3058 labore
1290 3001 1415 3058 excusat

137 3078 206 3142 sive
230 3081 332 3160 gravis
353 3081 460 3144 damni
480 3082 613 3156 vitandi,
630 3082 695 3145 sive
708 3083 836 3163 publicas
853 3083 995 3146 utilitatis
1012 3084 1211 3162 procurandae
1225 3102 1332 3160 causa,
1349 3083 1415 3148 sive

135 3170 328 3234 consuetudo
342 3188 411 3250 quae
425 3170 460 3232 in
471 3171 662 3234 contrarium
676 3171 789 3235 alicubi
804 3171 881 3236 forte
892 3171 1113 3235 invaluerit-
1121 3169 1156 3234 S.
1168 3172 1277 3256 Liqor.
1293 3192 1324 3236 n.
1340 3175 1412 3236 276.

180 3259 281 3335 Quaen.
298 3263 331 3322 6⁰
343 3261 395 3320 Aa
409 3259 499 3321 licent
509 3260 621 3321 molere
634 3260 682 3322 die
692 3259 793 3340 sesto?

177 3347 270 3428 Resp.
289 3347 314 3407 A
317 3348 416 3429 [fian.
427 3348 634 3431 probabilius,
651 3348 678 3412 si
692 3350 773 3412 mola
787 3351 929 3414 volvatur
941 3369 1022 3432 aqua
1036 3352 1196 3428 volvente,
1213 3350 1287 3431 quia
1300 3365 1413 3430 pervus

132 3433 186 3498 vel
198 3435 260 3498 iere
275 3437 379 3499 nullus
391 3437 557 3499 hominum
567 3437 651 3499 labor
663 3437 842 3518 requiritur.
856 3441 946 3502 Seous
960 3446 1076 3516 autem,
1089 3441 1117 3502 si
1126 3437 1278 3522 jumentis
1289 3441 1410 3516 agatur,

132 3522 199 3586 nisi
213 3524 324 3604 exigua
338 3525 528 3589 sithominis
547 3526 725 3608 cooperatio.
741 3524 776 3589 S.
790 3528 859 3608 Liq.
878 3549 910 3589 n.
925 3532 996 3591 277.
1011 3561 1051 3575 -
1069 3528 1221 3600 Laeroic,
1235 3547 1267 3588 n.
1284 3527 1355 3588 578.
1371 3559 1411 3571 -

135 3611 168 3675 T
166 3613 296 3688 ambae„
312 3621 369 3680 elo.

175 3705 246 3764 359.
263 3738 305 3748 -
319 3705 421 3780 Quam.
438 3703 534 3766 '1⁰An
544 3704 633 3768 liceat
648 3705 817 3768 tonsoribus
831 3705 880 3768 die
891 3706 1000 3787 festivo
1017 3706 1139 3770 barbam
1152 3705 1281 3767 radere?

176 3789 267 3874 Resp.
284 3791 413 3873 Affirm.
430 3792 519 3857 Ratio
535 3798 566 3856 l⁰
580 3811 617 3856 ox
637 3794 769 3874 generali
788 3794 1009 3859 consuetudine
1027 3795 1201 3872 deducitur;
1216 3797 1249 3856 2⁰
1262 3790 1336 3874 quia
1348 3791 1412 3872 pte-

128 3895 270 3961 rumque
285 3879 356 3945 solis
370 3881 479 3944 diebtm
492 3879 578 3946 lestis
595 3880 716 3964 opifices
729 3887 759 3946 et
779 3883 948 3966 prasertim
963 3883 1072 3948 rustici
1090 3881 1224 3947 officinas
1236 3884 1360 3963 petunt,
1376 3881 1412 3942 ut

132 3967 233 4029 barba
246 3967 290 4031 eis
304 3969 440 4032 radatur.
452 3969 485 4032 Si
498 3969 595 4050 igitur
605 3971 638 4033 hi
652 3972 877 4052 postulantibus
892 3990 1015 4054 operam
1028 3989 1091 4036 non
1104 3971 1282 4052 preberent,
1300 3985 1412 4056 magno

127 4056 275 4206 {psorum
292 4059 472 4122 detrimento
487 4057 782 4141 derelinquerentur.
794 4095 835 4108 —
848 4061 900 4123 Ita
923 4061 1010 4142 Viva,
1031 4057 1250 4140 Tambnrinns,
1271 4057 1408 4135 Gousset,

165 4147 280 4226 aceiae,
296 4151 352 4210 eto.
1406 4219 1411 4230 ¹

176 4235 279 4311 Quas.
296 4241 328 4298 8⁰
345 4236 486 4312 Quanam
500 4243 630 4300 materia
642 4238 682 4300 sit
694 4239 798 4319 mavis
812 4246 843 4300 in
857 4257 946 4322 opere
959 4237 1063 4302 diebus
1077 4236 1163 4319 [estis
1174 4235 1321 4320 peraeta?

175 4322 265 4408 Resp.
284 4330 315 4388 1⁰
328 4345 335 4387 :
353 4325 457 4388 Plures
471 4324 514 4388 ita
528 4325 743 4407 distinguunt:
760 4327 786 4392 si
801 4328 887 4392 labor
899 4327 940 4391 sit
953 4325 1041 4390 valde
1059 4326 1191 4406 servilis,
1210 4327 1279 4390 tuae
1293 4325 1413 4398 circiter

125 4411 233 4489 horae3
257 4413 283 4476 si
303 4433 430 4496 parum,
453 4419 515 4478 tres
537 4413 646 4478 saltem
667 4416 750 4480 horae
771 4417 985 4500 requiruntur,
1011 4421 1048 4479 ut
1071 4415 1201 4480 materia
1220 4415 1322 4498 pavis
1343 4435 1412 4480 cen·

128 4506 250 4564 seatur.
