3136 5034
555 297 598 341 ns
619 296 890 342 corrueremus
1290 285 1356 346 501

132 410 217 494 Besp.
232 411 265 471 90
277 429 283 469 :
296 407 350 472 Ea
363 407 438 469 Jare
454 407 581 481 Gallico,
596 408 793 488 postulantur
806 408 946 483 masculi,
960 395 1103 490 majores,¹
1117 407 1234 472 subditi
1248 410 1361 492 Reipu-

90 498 190 574 blica,
204 497 339 560 fruentes
348 496 472 579 juribus
484 496 640 571 civilibus,
658 516 719 560 non
737 497 842 560 scriba
861 498 1053 561 notariorum
1074 497 1130 579 qui
1147 504 1251 561 actum
1269 499 1361 561 conli-

92 586 188 663 ciunt,
200 605 263 650 non
272 585 409 668 legatarii
419 603 472 648 seu
483 585 627 659 haeredes,
637 604 736 666 neque
748 585 860 649 horum
869 585 1088 667 consanguinei
1103 586 1150 648 vel
1161 585 1266 650 affines
1277 587 1362 652 intra

92 685 232 758 quartam
252 674 400 738 inclusive
425 675 570 754 gradum,
592 675 690 736 idest
710 675 791 736 intra
811 674 969 738 senodum
987 679 1080 756 juxta
1102 675 1361 755 computationem

92 763 268 828 canonicam
282 781 335 844 pro
349 761 430 825 linea
447 762 656 840 transversali;
674 768 811 826 attamen
826 764 861 826 in
874 764 1004 846 mystico
1022 767 1204 828 testamento
1223 764 1361 844 legatarii

92 859 147 916 aut
163 871 270 916 eorum
284 851 403 931 cognati
417 869 480 914 non
494 852 711 915 excluduntur.
725 887 765 898 -
778 853 847 914 Art.
864 857 939 927 975,
956 857 1027 917 980.

132 946 201 1006 817.
214 977 253 986 -
263 943 364 1017 Ques.
379 944 412 1003 3⁰
429 941 574 1016 Quanam
585 941 783 1023 requirantur
797 941 839 1002 ad
848 941 1033 1004 validitatem
1045 945 1078 1003 in
1092 950 1265 1004 testamento
1278 940 1363 1003 bolo-

90 1031 229 1112 gropho?
1177 1072 1182 1083 ·

130 1119 242 1201 desp:
256 1119 329 1180 Tria
353 1118 554 1198 requiruntur
576 1124 607 1181 et
630 1117 800 1192 sufficiunt,
818 1118 950 1181 seilicet:
965 1125 998 1182 10
1019 1124 1057 1182 ιιι
1076 1119 1193 1200 integre
1211 1120 1364 1183 scribatur

90 1208 213 1289 propria
224 1207 378 1270 testatoris
392 1224 503 1282 manu3
520 1211 553 1268 2⁰
566 1214 603 1269 ut
616 1212 787 1287 apponatur
801 1207 881 1282 dies,
897 1207 1028 1284 mensiS,
1042 1213 1204 1282 stannus,
1219 1227 1280 1290 quo
1294 1227 1363 1271 con-

89 1298 206 1360 fectum
220 1301 267 1358 est
280 1306 287 1336 ⁴
300 1316 307 1372 ;
320 1300 352 1360 30
365 1302 403 1358 ut
414 1313 527 1358 nomen
538 1295 698 1376 proprium
713 1297 867 1358 testatoris
880 1296 1090 1359 subscribatur
1105 1296 1140 1359 in
1154 1297 1253 1360 forma
1264 1297 1362 1360 chiro·

89 1385 199 1466 graphi
214 1385 253 1447 ad
267 1385 377 1447 calcem
395 1384 573 1446 testamenti
587 1391 618 1446 et
631 1383 760 1464 integris
772 1385 895 1448 litteris.
912 1385 960 1448 Sic
973 1404 1012 1448 ex
1025 1396 1086 1447 art.
1102 1389 1173 1449 970.

130 1476 243 1536 Porro:
258 1479 290 1536 10
301 1472 434 1554 Adjectio
449 1471 524 1547 diei,
541 1473 658 1536 mensis
676 1481 706 1536 et
722 1473 797 1535 anni
811 1472 1012 1536 arithmeticis
1026 1473 1108 1537 notis
1122 1473 1188 1536 fieri
1202 1479 1317 1554 potest,
1333 1479 1363 1538 et

88 1563 124 1625 in
142 1562 281 1643 qualibet
303 1561 478 1624 testamenti
501 1568 586 1642 parte
607 1562 757 1636 cohooari,
775 1563 826 1626 sed
845 1562 945 1626 tutius
962 1570 1009 1626 est
1026 1561 1155 1644 integris
1169 1562 1363 1638 litteriseam

88 1651 288 1725 conscribere,
302 1655 336 1713 10
351 1649 509 1730 inscriptio
521 1650 588 1726 loci,
603 1650 659 1712 ubi
671 1655 889 1714 testamentum
902 1651 1070 1728 conficitur,
1087 1652 1217 1715 minime
1231 1669 1364 1714 necessa·

87 1740 135 1803 ria
150 1739 363 1815 existimatur;
379 1757 454 1801 nam
466 1757 501 1801 ex
515 1748 575 1800 art.
587 1743 658 1816 999,
671 1740 752 1802 valet
764 1747 995 1815 testamentum,
1005 1740 1192 1821 ubicumque
1203 1739 1363 1804 conditum

87 1829 200 1905 luorit3
216 1833 247 1898 30
268 1847 401 1910 papyrus
418 1827 576 1909 qualibet,
591 1829 661 1892 lieet
675 1847 737 1892 non
754 1828 929 1908 obsignata,
944 1828 1074 1893 sufficit:
1091 1830 1119 1892 si
1139 1837 1244 1893 tamen
1262 1847 1309 1892 res
1325 1829 1363 1891 ad

83 1917 224 2001 judicem
237 1916 399 1992 deferatur,
413 1917 528 1980 mulcta
540 1916 600 1980 erit
612 1917 650 1979 ab
663 1917 782 1980 haerede
795 1918 937 1980 solvenda
952 1919 1007 2000 (30
1018 1918 1085 2000 lr.);
1099 1922 1131 1982 10
1143 1922 1363 1981 testamentum

87 2006 325 2090 holographum,
335 2010 502 2086 antequam
514 2005 700 2069 exsecutioni
714 2005 854 2069 mandari
864 2014 966 2088 queat,
978 2007 1157 2087 praesentari
1166 2007 1255 2069 debet
1264 2005 1364 2088 judici

85 2095 121 2159 in
143 2095 307 2160 Tribunali
327 2093 435 2175 prima
456 2094 614 2158 Instantiae
627 2114 634 2156 :
647 2096 744 2176 judex
757 2114 828 2160 vero
842 2101 910 2177 post
930 2095 1081 2159 sufficiens
1100 2113 1229 2159 examen
1241 2094 1364 2177 jubebit

84 2185 166 2248 illud
181 2184 262 2264 apud
277 2182 411 2265 aliquem
424 2183 582 2246 notarium
594 2183 740 2246 custodiri
753 2184 829 2266 (art.
849 2185 954 2266 l00'l).
971 2185 1028 2247 Sed
1039 2184 1104 2247 haec
1116 2183 1215 2247 forma
1228 2183 1364 2246 acciden-

86 2273 160 2336 talis
174 2271 302 2334 omnino
316 2278 372 2335 est.
389 2307 430 2318 -
448 2270 484 2335 V.
502 2272 602 2352 Caene,
616 2293 648 2333 n.
665 2275 739 2346 889,
757 2283 786 2335 et
799 2293 860 2356 sep.

127 2364 232 2436 Quen.
245 2364 280 2423 10
291 2361 343 2422 An
357 2361 479 2423 cabant
494 2363 528 2421 in
541 2361 610 2443 soro
621 2361 810 2424 eonscientiae
824 2371 995 2426 testamenta
1009 2363 1051 2426 od
1065 2381 1177 2426 causus
1198 2377 1362 2437 erasurus,

81 2450 195 2532 formis
210 2449 358 2531 legalibus
373 2448 536 2512 destituto?

124 2539 220 2619 Κεφ.
231 2556 243 2598 .·
255 2537 377 2618 Triplex
389 2538 522 2600 habetur
535 2538 701 2618 probabilis
716 2539 878 2614 sententia,
893 2544 984 2621 prout
995 2560 1096 2622 supra,
1111 2561 1143 2601 n.
1161 2543 1231 2615 786,
1243 2557 1366 2619 genera-

83 2628 145 2692 tim
160 2628 200 2690 de
214 2627 421 2689 contractibus
437 2626 634 2708 praeterlegis
650 2628 827 2709 praescripta
841 2628 983 2692 conlectis
1001 2630 1120 2693 dictum
1136 2635 1193 2692 est.
1208 2665 1249 2674 —
1261 2629 1293 2690 Ι0
1308 2628 1366 2707 igi-

83 2723 139 2782 tur
165 2714 327 2777 Sententia
353 2715 492 2778 admittit
514 2716 695 2796 hujusmodi
720 2724 905 2780 testamenta
927 2720 1096 2782 secundum
1123 2717 1220 2797 legem
1245 2722 1363 2780 naturae

82 2805 192 2870 valida
218 2802 326 2865 haberi
351 2820 449 2882 posse.
470 2803 576 2864 -110
595 2801 754 2865 Sententia
775 2805 860 2868 docet
882 2823 918 2867 ea
938 2805 970 2868 vi
987 2806 1061 2886 legis
1079 2805 1218 2886 positivae
1239 2822 1363 2886 pmrsus

79 2892 178 2957 irrita
187 2890 329 2953 habenda
343 2907 466 2953 esse-
477 2889 545 2951 ΙΙΙ0
563 2889 722 2952 Sententia
736 2891 903 2954 favendum
914 2912 979 2956 esse
992 2893 1156 2974 possessori
1169 2893 1363 2975 pronuntiat,

80 2983 182 3046 donec
210 2996 258 3040 res
279 2997 297 3040 a
316 2977 419 3058 iudice
440 2978 591 3058 dirempta
618 2978 722 3041 brerit.
744 2983 783 3041 Et
801 2980 866 3043 haec
886 2981 978 3044 tertia
996 2981 1113 3061 opinio,
1125 2986 1217 3064 juxta
1236 2983 1274 3045 S.
1290 2983 1363 3064 Lip.

80 3091 115 3132 n.
136 3073 215 3142 987,
236 3085 298 3149 prae
320 3065 436 3129 camus
458 3067 493 3129 in
513 3066 602 3148 praui
625 3069 756 3130 tenenda
774 3073 830 3130 est.
854 3069 1076 3132 Interveniente
1098 3078 1203 3133 autem
1224 3070 1363 3151 judiciali

80 3161 220 3232 decreto,
234 3155 318 3232 huic,
334 3173 372 3218 ex
383 3155 525 3219 omnirun
538 3155 703 3232 sententia,
720 3161 766 3219 est
777 3157 1055 3220 adherendum-
1067 3157 1103 3220 V.
1119 3155 1227 3234 Casus,
1243 3180 1274 3222 n.
1291 3164 1363 3224 857.

122 3246 358 3320 soa-Quae.
368 3245 458 3308 5⁰An
470 3253 649 3308 testamenta
663 3245 706 3308 ad
713 3247 787 3328 pios
801 3265 908 3310 causas
921 3249 983 3308 sint
996 3245 1107 3328 valida,
1117 3249 1145 3307 si
1156 3247 1267 3329 sororis
1283 3247 1365 3329 lepo-

81 3338 165 3401 libuo
177 3333 325 3398 careant?

122 3428 220 3502 Resp.
235 3423 376 3505 Affirm,
387 3429 418 3486 et
430 3423 495 3487 haec
509 3423 661 3488 sententia
675 3424 929 3488 communissima
942 3428 973 3488 et
985 3431 1067 3489 certa
1079 3430 1144 3490 est:
1161 3431 1193 3488 10
1207 3424 1281 3506 quia
1293 3443 1364 3488 con-

81 3521 147 3580 stat
165 3531 208 3578 ex
221 3516 294 3576 ture
310 3511 625 3588 canonicallecretal.
643 3512 665 3575 t.
680 3518 709 3589 3,
726 3516 775 3576 tit.
794 3518 845 3590 96,
862 3535 890 3576 c.
907 3518 957 3590 11,
973 3521 1043 3592 etc.;
1058 3513 1199 3597 quiapiae
1213 3531 1311 3577 causa
1325 3514 1363 3577 ad

80 3601 258 3668 Ecclesiam
273 3600 443 3681 pertinent,
461 3605 586 3684 eJ'usque
599 3602 757 3684 subjacent
767 3603 976 3684 jurisdictioni
989 3623 997 3666 :
1010 3623 1097 3686 porro
1118 3603 1249 3666 Ecclesia
1269 3601 1366 3666 libera

81 3786 167 3846 recte
189 3779 335 3842 subsunt.
356 3781 455 3855 Quare
477 3799 495 3842 a
513 3783 602 3844 Cone.
623 3779 708 3842 rud.
725 3779 768 3843 sio
789 3786 942 3844 statutum
961 3787 1026 3844 est:
1042 3782 1210 3864 Episcopi,
1227 3782 1318 3844 etiam
1331 3789 1367 3840 at

81 3867 183 3935 Sedis
198 3867 383 3952 Apostolicoe
394 3867 538 3951 delegati,
554 3871 589 3930 in
601 3869 721 3931 casibus
737 3889 755 3930 o
768 3871 841 3952 jare
854 3873 1006 3950 concessio,
1023 3872 1155 3934 omnium
1165 3875 1289 3953 piarum
1304 3869 1367 3932 die-

79 3961 293 4042 positionarn,
313 3967 374 4018 tarn
391 3959 431 4018 'in
450 3957 559 4020 altimo
584 3957 740 4020 volontate
759 3978 848 4041 paam
869 3962 949 4022 inter
972 3963 1070 4034 vivos,
1086 3961 1150 4022 sint
1168 3966 1364 4022 exsecutores.

80 4052 167 4113 Sess.
186 4047 279 4120 ΧΧΠ,
295 4063 320 4108 o.
331 4064 401 4121 rur,
414 4046 451 4108 de
463 4045 528 4110 Rei.
539 4047 643 4108 —Ito
654 4044 688 4109 S.
702 4047 772 4128 Lip.
784 4084 824 4093 —
835 4047 915 4111 less.
928 4082 965 4095 -
978 4049 1072 4112 lianc.
1089 4058 1118 4111 et
1133 4048 1199 4110 olii.
1209 4049 1288 4112 -S.
1299 4052 1365 4111 Poe·

79 4133 282 4209 nitentiaria,
294 4133 409 4215 pluries
422 4133 620 4214 interrogata,
634 4135 708 4198 huie
720 4137 878 4201 sententia
892 4137 1110 4202 adherendum
1122 4155 1186 4200 esse
1195 4136 1364 4218 respondit.

124 4225 201 4288 Non
214 4227 339 4302 apparet
352 4220 449 4302 igitur
462 4222 661 4304 probabilitas
678 4225 802 4288 alterius
821 4225 988 4307 opinionis,
1003 4245 1097 4308 quam
1116 4226 1152 4289 de
1172 4232 1279 4290 catere
1300 4227 1365 4307 ejus

110 4445 121 4482 ¹
138 4442 222 4496 Error
239 4437 281 4492 rel
299 4438 414 4492 delectus
432 4439 460 4492 in
480 4440 638 4507 appositione
657 4441 722 4505 diei,
736 4443 847 4509 mensis,
859 4444 901 4496 rel
914 4443 988 4506 anui,
1003 4458 1055 4497 non
1072 4444 1164 4498 vitiant
1177 4447 1363 4497 testamentum

74 4512 292 4580 holographum,
304 4511 379 4564 modo
392 4527 424 4563 ea
438 4513 503 4579 ipsis
515 4514 665 4565 testamenti
675 4513 760 4565 verbis
772 4515 864 4580 corrigi
872 4519 918 4567 aut
929 4517 1042 4582 suppleri
1057 4516 1164 4584 possint.
1175 4544 1207 4556 -
1216 4518 1256 4568 lta
1264 4513 1364 4580 judica-

75 4592 138 4639 tum
153 4584 313 4650 aSuprema
326 4583 417 4648 cuna,
428 4583 469 4638 dle
480 4590 494 4637 t
504 4585 592 4638 manti
601 4591 678 4651 toto,
691 4585 761 4652 apud
772 4587 862 4652 sirep,
875 4593 919 4652 to,
931 4589 955 4654 1,
972 4593 1028 4641 ott.
