3206 5024
211 142 281 204 aet
747 147 953 200 rnncrnrcs

213 264 351 332 materia
364 263 515 327 admittit.
530 263 620 328 Ratio
636 264 778 346 estquis
792 264 909 346 quaevis
922 265 1072 346 ejusmodi
1090 264 1247 328 delectatio
1262 271 1360 328 estex
1373 273 1487 332 natura

214 374 271 420 sua
285 354 425 416 inchoata
442 353 569 433 pollutio
591 371 645 416 seu
659 357 761 416 motus
779 354 818 416 ad
837 353 1054 434 pollutionem,
1074 372 1144 435 quea
1161 353 1229 435 ipsa
1246 353 1326 416 nihil
1344 355 1429 418 alind
1441 363 1492 420 est

215 462 310 526 quam
324 445 536 505 consummata
549 442 700 523 ejusmodi
714 441 881 506 delectatio.
899 445 977 523 Ergo
992 443 1098 506 eadem
1111 446 1158 506 est
1174 442 1337 524 utriusque
1355 445 1487 509 malitia.

215 531 343 595 Pollutio
357 537 462 593 autem
477 549 538 593 non
553 531 690 594 admittit
704 531 891 611 parvitatem
910 532 1065 606 materia,
1083 531 1133 594 uti
1151 534 1271 594 constat
1283 551 1322 594 ex
1338 533 1491 614 principio

214 619 405 704 precedenti.
430 621 519 700 Ergo.
536 655 576 664 -
590 622 715 684 Constat
738 619 834 682 etiarn
857 638 894 682 ex
912 619 1115 702 propositione
1133 625 1187 684 to·
1205 619 1243 682 ah
1266 620 1415 684 Alexand.
1435 625 1491 686 VII

214 711 370 784 damnata,
384 725 452 790 quan
467 697 614 789 siffjacet:
626 709 687 770 Est
699 707 864 790 probabilis
875 710 1052 791 opinioque
1064 709 1151 782 dicit,
1162 729 1222 772 esse
1235 709 1486 789 tontumceoicle,

213 797 343 860 osculum
366 797 502 860 debitum
520 798 557 858 ob
582 796 805 860 delectationem
827 797 979 860 carnalem
1000 807 1030 859 et
1053 798 1220 862 sensibilem
1245 818 1310 880 quae
1331 817 1369 861 ec
1392 798 1493 862 oscado

214 889 315 950 oritur
327 887 451 966 ‚secluso
462 885 593 968 periculo
605 906 760 948 consensus
773 886 928 948 ulterioris
940 895 969 949 et
976 887 1166 968 pollutionis.

254 977 306 1044 ΠΙ.
330 974 465 1038 Luxuria
486 979 590 1037 autem
609 975 754 1038 indirecte
772 975 948 1038 voluntaria
964 975 1101 1038 admittit
1119 975 1305 1058 parvitatem
1332 978 1489 1054 materim;

216 1064 290 1148 quia
309 1064 414 1126 nullus
438 1069 512 1126 tunc
535 1071 580 1126 est
601 1083 767 1128 consensus
788 1083 842 1127 seu
861 1064 975 1128 directa
993 1064 1124 1128 intentio
1143 1065 1177 1126 in
1191 1064 1380 1146 voluptatem
1398 1085 1493 1129 rene·

214 1172 317 1227 ream,
342 1153 394 1215 sed
414 1156 535 1214 tantrrm
555 1153 590 1214 in
613 1171 738 1216 causam
761 1171 830 1234 qua
850 1152 958 1215 leviter
979 1153 1026 1217 rel
1050 1153 1182 1234 graviter
1200 1157 1246 1216 est
1263 1155 1490 1234 peccaminosa,

215 1247 306 1324 prout
320 1241 428 1304 leviter
439 1240 487 1303 rol
501 1241 632 1321 graviter
645 1242 680 1303 in
695 1242 925 1305 delectationem
936 1241 1052 1306 influit.
1068 1241 1173 1304 —Ita
1187 1261 1297 1305 omnes.

255 1333 280 1393 A
285 1330 416 1413 pendum
429 1329 516 1392 nobis
528 1330 578 1392 hic
589 1334 635 1392 est
648 1331 685 1392 de
698 1329 829 1412 peccatis
838 1330 969 1393 extemis
978 1337 1118 1407 tantum;
1134 1332 1171 1394 de
1183 1332 1311 1394 internis
1324 1331 1422 1406 enim,
1435 1351 1490 1396 seu

214 1421 251 1486 de
273 1438 392 1482 morosa
415 1419 610 1480 delectatione
632 1423 662 1482 et
684 1439 780 1502 preco
802 1418 968 1498 desiderio,
980 1421 1047 1500 jam
1065 1420 1185 1484 dictum
1206 1419 1305 1482 estin
1329 1419 1433 1484 Truct.
1454 1422 1491 1484 de

214 1509 363 1583 Peccoa's,
378 1529 408 1568 n.
425 1511 482 1571 ltt'l
500 1516 605 1590 etseq.
625 1506 719 1572 Hinc:
734 1514 767 1573 1ο
785 1509 822 1570 de
838 1507 968 1588 peccatis
988 1527 1052 1572 non
1068 1507 1305 1584 consummatis;
1319 1513 1353 1574 2⁰
1366 1511 1404 1574 de
1422 1529 1492 1593 pec·

215 1597 289 1661 catis
304 1597 525 1660 consummatis
537 1596 686 1660 dicemus.

742 1807 917 1883 CAPUT
944 1808 960 1882 l

383 1997 434 2047 DE
464 1997 659 2049 PECCATIS
689 1989 883 2046 LUXURIAE
913 1995 997 2048 NON
1028 1995 1321 2049 consunnnrls

215 2267 230 2327 t
254 2179 375 2239 Peccata
387 2176 482 2259 hujus
496 2175 613 2258 generis
626 2181 702 2239 sunt
713 2175 824 2250 oscula,
840 2180 952 2251 tactus,
966 2181 1117 2256 aspectus,
1134 2193 1290 2240 sermones
1302 2180 1333 2240 et
1346 2175 1491 2240 lectiones

229 2283 329 2346 urpes.

728 2387 941 2453 ARTIGULUS
963 2387 978 2449 I

564 2551 603 2598 DE
624 2551 741 2598 escaus
762 2549 800 2596 ET
820 2549 965 2598 sturmus
987 2549 1140 2597 Inrumms

336 2689 579 2756 statuenda.

254 2840 325 2900 113.
335 2870 376 2881 -
387 2839 411 2900 Ι.
428 2839 539 2900 Tactus
548 2834 708 2917 impudici,
720 2835 754 2899 id
767 2838 813 2897 est
821 2833 921 2898 hahiti
933 2833 1000 2897 sine
1011 2853 1105 2897 causa
1115 2833 1151 2896 in
1162 2833 1299 2914 partibus
1310 2831 1490 2898 inhonestis

215 2924 357 3000 alteriue,
371 2925 425 2988 rix
445 2943 586 3007 unquam
609 2943 627 2987 a
649 2930 767 3005 peccato
788 2923 911 2986 mortali
929 2922 1068 2986 excrrsari
1090 2929 1236 3004 possunt,
1257 2921 1353 2984 etiam
1373 2923 1491 2984 secluso

215 3011 327 3076 affectu
342 3031 484 3090 venereo,
499 3014 536 3077 oh
551 3031 676 3094 gravem
690 3012 906 3088 indecentiam,
922 3016 953 3075 et
966 3010 1135 3076 imminens
1149 3010 1289 3074 lihidinis
1302 3010 1487 3092 periculum,

217 3103 299 3184 quod
312 3100 474 3165 inducunt.
490 3103 623 3166 Facilius
635 3107 738 3164 hmen
755 3105 941 3164 excusantur
959 3100 1128 3175 amortali,
1145 3100 1172 3162 si
1190 3100 1226 3164 in
1242 3100 1380 3182 ejusdem
1396 3117 1492 3182 quam

217 3189 292 3253 siin
307 3189 420 3252 diversi
435 3209 525 3253 sexus
537 3209 665 3272 persona
676 3189 762 3252 fiant.
777 3225 817 3235 -—
831 3189 868 3251 S.
885 3190 956 3272 Ltq.
973 3210 1004 3251 n.
1018 3191 1095 3263 119,
1112 3193 1183 3254 lto.

257 3280 293 3340 11.
312 3278 420 3342 Oscula
436 3286 468 3341 et
488 3285 585 3342 tactus
604 3279 639 3341 in
660 3279 799 3359 partibus
813 3277 950 3340 honestis
962 3277 1009 3340 vel
1022 3277 1128 3340 minus
1142 3277 1279 3340 honestis
1294 3277 1493 3342 constituunt
1588 3239 1589 3260 1

169 3375 172 3383 ’
214 3371 336 3448 pacem
349 3367 502 3442 mortalia,
514 3367 541 3430 si
553 3385 590 3429 en
602 3367 799 3430 delectatione
813 3385 940 3429 venerea
953 3365 1045 3443 fiant;
1059 3372 1134 3429 sunt
1145 3365 1293 3440 venialia,
1313 3365 1342 3428 si
1359 3365 1434 3428 liant
1450 3383 1496 3428 ex

215 3455 350 3531 levitate,
363 3459 441 3537 joco,
457 3455 641 3530 curiositate,
658 3462 727 3531 etc.;
740 3459 842 3518 carent
853 3455 1017 3519 veroomni
1029 3456 1126 3536 culpa,
1141 3455 1167 3517 si
1182 3454 1257 3518 fiant
1268 3457 1358 3535 juxta
1371 3471 1495 3524 morem

215 3544 339 3625 patrie,
356 3543 542 3646 urbanitatis
560 3547 615 3606 aut
636 3544 770 3607 honestae
787 3543 1006 3608 benevolentias
1026 3561 1127 3608 causa.
1143 3543 1233 3609 Ratio
1252 3543 1368 3606 horum
1380 3559 1440 3626 per
1461 3557 1496 3605 se

217 3631 632 3785 Ρᾶ1ί1ι1ἱδ11ξιὲ11ἕ11411ζ1
648 3722 749 3785 oscula
765 3722 860 3785 etiam
875 3721 910 3785 in
928 3725 1031 3802 partes
1048 3721 1190 3785 honestas
1209 3739 1272 3784 non
1290 3719 1378 3784 facile
1393 3740 1412 3783 a
1425 3738 1499 3802 pec-

220 3814 284 3873 cato
296 3810 382 3890 gravi
396 3809 568 3874 excusanda
581 3815 671 3885 sunt,
690 3810 717 3873 si
731 3809 843 3892 sapius
858 3811 907 3873 rel
924 3827 1043 3874 morose
1060 3813 1257 3874 exerceantur
1273 3829 1291 3873 a
1305 3809 1496 3892 juvenibus,

218 3897 417 3979 potissimum
442 3897 554 3962 diversi
583 3917 692 3974 sexus,
717 3899 831 3980 absque
854 3899 917 3962 ulla
941 3898 1135 3974 cesssare,
1161 3898 1305 3980 mamus
1332 3897 1372 3962 oh
1398 3899 1500 3962 solam
1587 3959 1588 3978 ,

220 3986 407 4067 voluptatem
423 3987 609 4068 organicam.
629 3989 718 4052 Ratio
735 3993 797 4063 est,
814 3986 887 4068 quia
903 3987 942 4051 ah
957 3987 1136 4070 hujusmodi
1152 3986 1272 4050 actibus
1288 3987 1428 4068 repetitis
1447 3987 1501 4051 rel
1587 3997 1588 4018 1

219 4074 349 4138 morosis
358 4076 521 4140 commotio
531 4075 660 4140 carnalis
670 4083 700 4140 et
712 4076 867 4140 delectatio
878 4095 1006 4140 venerea
1014 4095 1082 4140 raro
1093 4075 1246 4139 aberit.-
1254 4075 1369 4157 Sliq.
1382 4079 1499 4140 11116.

260 4165 313 4227 lV.
329 4165 450 4240 (lacida,
466 4170 568 4228 tactus
582 4169 612 4228 et
623 4164 781 4247 amplexus
795 4165 834 4228 ob
846 4165 1078 4229 delectationem
1097 4183 1258 4230 veneream
1272 4163 1409 4228 exercita
1425 4182 1506 4228 ceu-

220 4251 352 4316 trahnnt
372 4254 526 4318 malitiam
541 4253 638 4337 specie
652 4255 806 4317 diversam
822 4272 877 4335 pro
895 4253 990 4318 variis
1012 4269 1212 4336 personarum
1235 4251 1501 4330 circumstantiis;

221 4348 384 4406 censentur
403 4341 487 4406 enim
502 4343 638 4426 ejusdem
658 4349 778 4406 naturae
799 4362 833 4406 ac
854 4349 940 4406 actus
956 4349 1189 4408 consummatus
1213 4343 1248 4408 in
1270 4361 1363 4425 quern
1383 4347 1506 4406 natura

222 4445 280 4491 sue
299 4431 443 4494 tendunt.
469 4431 548 4496 Hinc
568 4433 604 4498 in
626 4431 812 4498 confessione
835 4431 1051 4514 explicandum
1066 4437 1133 4508 est,
1156 4451 1198 4496 an
1214 4431 1316 4498 hahiti
1338 4430 1404 4496 sint
1423 4449 1501 4495 cum
