3206 5024
510 323 555 370 bn
574 325 780 370 cancarrus
799 323 976 370 nucscocr
1316 311 1384 373 327

159 442 191 502 3θ
207 439 351 518 Aspectus
371 435 406 498 in
427 439 528 516 partes
544 435 688 497 honestas
706 452 841 515 personae
860 433 974 497 diversi
992 452 1098 509 sexus,
1120 433 1214 497 etiam
1233 421 1386 515 pulchre,

117 547 176 611 per
189 547 229 598 se,
244 543 305 588 non
318 529 391 587 sunt
406 529 541 605 peccata3
558 522 585 586 si
599 527 704 586 autem
713 541 750 585 ex
759 523 936 586 curiositate
946 523 993 585 vel
1008 541 1079 586 cum
1094 523 1269 586 morositate
1282 524 1385 605 aliqua

119 615 206 689 fiant,
222 619 338 695 peccata
356 610 489 676 venialia
506 611 664 673 ordinarie
677 618 819 686 eruut3a
842 609 965 674 mortali
986 629 1056 674 vero
1075 630 1138 674 uon
1156 611 1385 675 excusabuntur

119 707 253 784 aspectus
266 699 417 774 diuturni,
432 701 459 762 si
472 699 651 781 proximum
665 699 836 780 periculrun
846 698 1006 764 involvant
1020 700 1121 780 turpis
1135 699 1385 780 concupiscentiae

118 793 166 855 rel
187 809 309 854 momsae
334 787 557 863 delectationis;
584 787 753 869 praesertim
775 787 801 850 si
823 787 986 851 commotio
1007 788 1176 869 spirituum
1195 788 1336 869 insurgat
1356 794 1386 852 et

117 899 136 940 α
156 879 277 961 scrabra·
298 876 324 940 si
345 895 474 959 persona
496 875 671 940 inordinato
692 893 795 939 amore
818 875 975 956 diligatur.
992 912 1031 922 -
1050 875 1102 940 Ita
1120 878 1325 940 communiter.
1345 911 1386 924 -

117 968 153 1031 S.
169 969 236 1046 lig.
251 987 283 1029 n.
299 971 370 1030 499.
1305 1011 1306 1016 1

152 1061 186 1119 l⁰
199 1058 348 1136 aspectus
367 1055 401 1118 in
419 1060 522 1134 partes
540 1053 646 1117 minus
662 1052 805 1116 honestas
824 1053 956 1116 sednon
975 1059 1079 1136 turpes
1098 1054 1252 1131 mulieris,
1273 1054 1386 1120 scilicet

116 1149 229 1226 pectus,
255 1143 395 1219 brachia,
415 1161 520 1219 crura,
537 1159 601 1206 non
622 1146 697 1204 sunt
709 1161 770 1224 per
789 1160 820 1202 se
840 1148 960 1222 peccata
977 1143 1134 1218 mortalia,
1151 1143 1265 1207 secluso
1273 1149 1385 1224 ,tamen

115 1233 251 1312 proximo
266 1231 354 1312 pravi
374 1249 540 1295 consensus
556 1229 706 1312 periculo,
721 1231 803 1310 quod
822 1229 959 1310 alioquin
977 1229 1062 1293 facile
1073 1231 1187 1308 aderit,
1204 1231 1231 1294 si
1245 1240 1385 1314 aspectus

115 1321 153 1382 sit
174 1321 355 1384 duturnus.
372 1355 413 1366 —
427 1319 465 1382 S.
484 1321 553 1401 Lip.
577 1339 608 1380 a.
626 1321 698 1382 aaa.
711 1318 792 1379 -lt
809 1317 932 1380 mortali
950 1337 1021 1381 vero
1035 1320 1204 1398 generatim
1218 1339 1281 1384 non
1294 1339 1384 1384 excu-

115 1408 192 1472 sabis
205 1427 256 1472 eos
271 1409 327 1490 qui
340 1409 436 1473 ubera
451 1407 592 1471 mulieris
611 1405 746 1488 pulchra
763 1406 848 1469 nuda
863 1424 934 1469 oum
952 1425 1039 1470 mora
1056 1407 1183 1470 notabili
1208 1408 1275 1472 sine
1294 1428 1386 1473 causa

115 1497 281 1578 aspiciunt,
307 1497 346 1560 ob
364 1495 538 1578 periculum
560 1494 739 1576 hujusmodi
762 1493 898 1575 aspectui
921 1496 1087 1558 adnexum.
1109 1499 1229 1560 -Nec
1252 1497 1386 1578 grunitu

114 1594 235 1666 peccant
258 1584 327 1668 qui,
345 1587 460 1649 secluso
484 1583 606 1666 speciali
624 1582 773 1666 periculo,
789 1589 904 1646 matres
927 1589 983 1646 aut
1004 1583 1139 1646 nutrices
1159 1583 1326 1647 infantulos
1342 1585 1385 1648 la·

115 1679 228 1738 ctantes
245 1674 417 1756 aspiciunt,
434 1673 540 1737 autin
564 1673 757 1736 denudatum
776 1676 880 1752 pectus
903 1670 1042 1734 mulieris
1057 1673 1167 1735 vetulae
1181 1679 1237 1735 aut
1250 1673 1386 1755 junioris

114 1780 174 1825 non
185 1764 286 1826 adhuc
299 1763 439 1826 iomuatae
453 1762 554 1825 oculos
568 1760 677 1841 figamt.

151 1857 184 1915 5⁰
209 1855 358 1933 Aspectus
377 1850 571 1932 picturarum
594 1848 807 1912 obscoenarum
825 1867 863 1910 ex
883 1866 968 1912 mera
990 1847 1166 1912 curiositate
1189 1855 1225 1911 ut
1244 1849 1386 1913 mortalia

113 1957 177 2002 non
190 1940 357 2015 habentur,
375 1939 401 2001 si
416 1937 572 2001 delectatio
587 1936 687 2017 turpis
701 1941 755 1999 aut
776 1939 842 2018 ejus
858 1936 1035 2019 proximum
1053 1936 1224 2018 periculum
1238 1936 1329 2000 absit.
1346 1973 1386 1984 -

113 2028 147 2089 ln
161 2028 253 2109 praxi
265 2026 432 2089 lamenvix
441 2046 460 2089 a
470 2025 593 2088 mortali
603 2029 703 2106 posset
714 2025 852 2088 excusmi
866 2023 915 2087 vir
928 2024 1077 2106 aspiciens
1091 2026 1233 2106 pudenda
1247 2025 1386 2090 mulieris

111 2115 253 2198 depictae,
269 2115 343 2196 quia
362 2113 523 2177 difficmter
540 2131 645 2176 cavere
663 2113 775 2194 poterit
793 2133 812 2176 a
830 2113 1023 2176 delectatione
1042 2114 1141 2195 turpi,
1158 2113 1219 2177 nisi
1237 2113 1314 2177 forte
1332 2132 1386 2195 per

110 2203 334 2268 breuissimum
350 2209 472 2284 tempus
486 2201 587 2265 autin
602 2219 714 2282 magna
728 2201 874 2264 distantia
887 2202 952 2278 fiat,
965 2209 1020 2264 ant
1033 2201 1095 2266 nisi
1108 2203 1233 2284 picturae
1248 2208 1385 2266 vetustas

110 2293 177 2355 rim
191 2291 315 2355 artificii
336 2290 541 2354 imminuerit.
557 2289 592 2352 S.
603 2291 672 2372 Lip.
692 2311 723 2352 n.
740 2294 810 2353 ret.
827 2323 868 2338 -
881 2289 1019 2352 Billcart
1039 2297 1144 2354 autom
1163 2309 1235 2354 cum
1250 2291 1321 2354 otiis
1334 2309 1385 2354 ex-

107 2386 199 2443 cusat
212 2398 231 2442 a
244 2379 382 2456 mortali,
398 2379 425 2442 si
439 2385 578 2460 aspectus
594 2377 670 2441 liant
689 2379 879 2454 anteritate,
896 2379 1004 2456 obiter,
1021 2399 1059 2444 ex
1073 2379 1266 2455 curiositate,
1286 2387 1342 2443 aut
1357 2380 1385 2443 si

108 2468 240 2548 picturae
262 2468 396 2531 infantes
419 2473 545 2530 tantum
565 2473 798 2547 representem,
815 2467 889 2549 quia
908 2467 991 2549 picta
1008 2487 1070 2532 non
1087 2475 1282 2534 commovent
1305 2467 1386 2532 sicut

109 2557 279 2631 naturalia;
295 2562 327 2618 et
339 2557 396 2619 boc
414 2555 614 2637 improbabile
629 2573 691 2619 non
710 2555 843 2631 videtur,
863 2555 925 2619 nisi
940 2556 1016 2620 torte
1030 2557 1068 2621 ob
1081 2557 1258 2640 aspicientis
1269 2556 1384 2638 fragili·

111 2650 206 2707 tatem
221 2644 310 2707 aliter
320 2645 524 2725 judicandum
541 2644 592 2707 sit.

609 2855 824 2920 ARTIGULUS
844 2857 884 2917 111

402 3025 441 3070 DE
463 3024 648 3070 suuuoumus
669 3025 706 3070 ET
728 3025 920 3070 inculcamus
941 3025 1093 3071 lurumcts

234 3194 459 3278 Principia.

145 3355 215 3414 ltu.
235 3385 277 3400 --
294 3353 317 3412 l.
339 3349 455 3431 Turpia
474 3348 575 3430 loqui,
595 3367 716 3424 canere,
734 3348 878 3424 scribere,
899 3349 1005 3412 audire
1023 3350 1231 3414 delectationis
1247 3367 1382 3414 venerea

107 3457 196 3502 causa
209 3439 261 3503 vel
273 3457 344 3502 cum
357 3437 498 3519 proximo
511 3435 645 3519 periculo
661 3455 825 3500 cousensus
837 3437 976 3514 inillam,
993 3444 1040 3501 est
1054 3457 1144 3520 grave
1155 3445 1324 3520 peccatum.
1341 3475 1381 3486 -

108 3526 138 3589 Si
151 3547 224 3592 roro
245 3526 327 3590 absit
339 3544 434 3607 prava
450 3524 583 3589 intentio
602 3532 634 3588 et
649 3525 821 3608 periculum
838 3543 1017 3603 consensus,
1036 3527 1189 3609 simulque
1208 3526 1289 3589 adsit
1306 3527 1380 3608 legi-

108 3615 184 3679 tima
197 3635 292 3680 causa
306 3615 378 3678 talia
391 3613 577 3696 proferendi,
594 3614 763 3690 scribendi,
780 3613 940 3692 audiendi,
954 3615 1076 3679 nullum
1091 3621 1137 3678 est
1147 3621 1316 3697 peccatum.

145 3707 183 3767 ll.
198 3703 306 3770 Libros
320 3702 447 3767 omnino
461 3703 617 3767 obscenos
632 3703 728 3784 legere
738 3704 853 3784 absque
863 3706 950 3785 justa
964 3723 1055 3768 causa
1068 3710 1115 3768 est
1127 3710 1285 3786 peccatum
1298 3722 1380 3768 mor-

107 3793 179 3869 tale,
202 3792 327 3858 etiamsi
347 3811 386 3855 ex
405 3791 581 3855 curiositate
597 3793 645 3857 rel
665 3791 858 3855 recreationis
877 3792 976 3873 gratia
996 3793 1062 3857 fieri
1080 3794 1113 3856 id
1133 3792 1289 3868 videatur3
1306 3793 1380 3874 quia

105 3899 162 3962 per
175 3902 204 3945 se
217 3881 282 3944 baec
295 3879 384 3944 lectio
398 3879 484 3944 valde
498 3881 537 3943 ad
551 3879 712 3944 libidinem
723 3885 874 3962 provocat.
889 3881 1000 3963 Excipe
1014 3881 1105 3957 forte,
1122 3881 1183 3944 nisi
1196 3881 1329 3962 legantes
1341 3899 1379 3945 ex

110 3969 171 4032 sola
184 3969 377 4045 curiositate,
390 3969 429 4032 ob
447 3974 571 4032 autem
589 3976 763 4050 provectam
784 3974 814 4032 et
828 3968 972 4050 frigidam
989 3970 1226 4051 complexionem
1242 3976 1297 4032 aut
1308 3988 1379 4034 con-

109 4143 279 4210 incurrent.
293 4181 333 4192 -
344 4144 380 4208 S.
394 4145 465 4226 Lip.
480 4167 512 4207 o.
528 4149 599 4210 496.

24 4289 27 4296 Δ
146 4237 197 4298 ΙΠ.
220 4235 326 4298 libros
343 4233 509 4298 amatorios
529 4240 561 4297 et
573 4235 681 4298 leviter
699 4235 854 4300 obscoenos
867 4235 964 4316 legere
981 4253 1041 4318 per
1053 4253 1083 4296 ae
1101 4253 1164 4298 non
1175 4241 1222 4298 cst
1235 4235 1377 4311 mortale,

110 4321 252 4403 quamue
264 4322 298 4385 in
312 4321 401 4404 praxi
414 4320 455 4384 sit
463 4321 551 4386 valde
562 4322 767 4404 periculosum
781 4323 951 4406 presertim
958 4321 1144 4404 junioribus.
1156 4323 1262 4388 libros
1273 4327 1378 4387 auum

109 4411 334 4490 quadamtenus
344 4411 515 4488 obscoenos,
529 4411 566 4473 de
576 4411 713 4475 scientiis
725 4411 862 4493 alioquin
874 4416 1049 4486 tractantes,
1063 4431 1101 4475 er
1116 4412 1177 4475 solo
1189 4411 1380 4477 scicntiarel

95 4497 256 4563 utilitatis
269 4499 399 4582 propria
413 4498 460 4564 vel
470 4498 579 4563 aliene
592 4499 713 4563 intuitu
726 4500 823 4580 legere
834 4519 892 4584 per
904 4521 933 4562 se
948 4518 1010 4563 non
1022 4507 1069 4564 est
1079 4507 1252 4583 peccatum,
1264 4501 1378 4565 secluso

110 4587 215 4650 tamen
225 4606 389 4652 consensus
404 4587 526 4653 venerei
538 4587 689 4671 periculo,
705 4590 786 4670 quod
798 4588 935 4670 alioquin
948 4587 983 4652 in
992 4589 1170 4672 junioribus
1185 4608 1253 4654 raro
1267 4589 1377 4654 aberit.
