3156 5026
563 285 605 328 ιιι
625 281 789 330 insama
809 284 850 328 ar
871 284 957 330 Jonn
1324 269 1395 332 ,379

123 435 165 446 -
190 401 316 463 Constat
340 401 373 460 2⁰
394 393 493 477 quood
512 393 675 456 domanium
695 393 856 473 deiectum,
879 393 954 475 quia
976 393 1104 458 facultas
1124 394 1294 475 applicandi
1314 397 1394 460 bona

123 488 255 552 fortunae
269 486 307 548 ad
321 502 396 547 usus
411 501 482 546 snos
498 483 582 546 nullo
589 484 659 563 jure
670 481 880 562 restringitur;
896 481 960 545 imo
974 501 1115 563 expresse
1126 482 1320 564 permittitur
1324 487 1394 566 jure

124 577 279 649 humano,
296 580 333 637 ιιι
347 577 433 653 patet
445 591 484 634 ex
502 571 596 634 variis
611 570 728 652 legibus
742 569 821 634 circa
835 573 888 652 jus
901 570 1090 652 possidendi,
1104 578 1136 636 et
1152 573 1221 653 jure
1237 573 1343 636 divino
1358 573 1395 636 in

123 665 225 730 allatis
239 662 356 730 verbis:
374 661 596 736 dominamini,
613 666 669 722 eto.

248 807 442 885 Quaesita.

168 941 237 1002 ὅθι).
255 971 294 982 -
308 939 410 1012 Quen.
425 939 458 998 1⁰
467 935 519 996 Aa
533 933 617 996 nmo
629 931 740 994 tabent
752 932 914 995 donrininm
927 951 988 996 son
1001 933 1112 1014 fomae?

167 1027 257 1108 Reap.
281 1027 402 1106 Affirm.
421 1025 513 1105 juxta
535 1020 720 1086 sententiam
744 1039 954 1097 communem
977 1041 1051 1086 narn
1073 1023 1169 1087 etiam
1187 1021 1397 1088 eirca-famam

127 1114 249 1178 homini
263 1118 443 1196 competunt
455 1109 597 1193 primarii
610 1117 697 1174 actus
709 1109 855 1184 dominii,
874 1116 911 1172 ιιι
928 1128 997 1173 eam
1017 1111 1119 1176 lahem
1138 1111 1311 1194 acquirere,
1330 1116 1398 1194 ejus

124 1202 359 1267 restitutionem
380 1201 564 1274 condonare,
585 1204 642 1262 eto.
666 1202 781 1279 Ergo...
802 1200 951 1262 Attamen
968 1201 1132 1280 prudentia
1149 1201 1261 1283 exigit,
1280 1209 1399 1266 utnon

127 1310 196 1356 eam
210 1292 351 1372 prodigal
364 1291 431 1354 sine
441 1291 527 1370 justa
539 1287 673 1362 ratione,
689 1292 720 1350 et
732 1287 895 1369 aliquando
908 1291 1031 1351 uretur
1041 1288 1094 1351 aad
1105 1294 1196 1372 praei
1212 1309 1280 1354 eam
1294 1291 1400 1354 adulo

127 1399 249 1444 serrare
263 1380 381 1444 ratione
392 1378 541 1452 scandali,
558 1376 664 1440 damni
675 1375 802 1441 annue
813 1376 1000 1454 removendi,
1014 1382 1070 1442 ete.
1083 1411 1125 1426 -·
1137 1379 1173 1442 S.
1189 1381 1260 1461 Lip.
1279 1379 1331 1444 lib.
1345 1383 1396 1455 ΙΙΙ,

125 1490 160 1533 a.
175 1471 245 1534 983.
261 1505 302 1516 --
315 1468 472 1545 Bittuart,
486 1467 557 1529 diss.
574 1485 626 1540 111,
642 1475 702 1528 nrt.
718 1470 750 1529 2.

169 1561 269 1633 Qum.
286 1562 320 1621 2⁰
332 1559 383 1620 Aa
397 1557 483 1619 homo
496 1557 529 1617 in
540 1553 639 1618 atatem
650 1555 797 1617 honinem
812 1554 979 1617 dominium
992 1555 1100 1619 taem
1109 1556 1227 1638 possit?

169 1648 262 1730 desp.
275 1653 308 1710 1⁰
320 1647 410 1728 Nep,
428 1645 527 1727 quoad
547 1643 723 1707 dominium
743 1643 952 1725 proprietatis;
974 1643 1052 1708 illud
1065 1645 1150 1708 enim
1171 1645 1227 1708 soli
1244 1648 1303 1708 Deo
1319 1661 1402 1708 com-

127 1736 222 1816 petit;
239 1741 275 1798 ut
286 1739 404 1798 constat
417 1752 455 1796 ox
467 1732 558 1796 dietis
569 1753 600 1794 a.
616 1735 685 1796 389.

168 1825 259 1906 Besp.
276 1827 310 1886 ιθ
324 1825 351 1885 A
354 1823 467 1904 sfirm„
481 1821 581 1903 quoad
593 1819 767 1882 dominium
781 1819 857 1882 utile
873 1838 927 1883 seu
940 1819 1077 1884 hominis
1096 1839 1212 1902 operas.
1232 1822 1320 1886 Ratio
1337 1827 1399 1895 est,

129 1912 204 1994 qnia
224 1913 316 1975 homo
338 1911 468 1992 quilibet
488 1916 535 1972 est
557 1909 702 1972 dominus
720 1907 849 1990 proprias
868 1927 981 1989 operae3
1004 1928 1038 1972 ac
1057 1910 1184 1991 proinde
1201 1915 1300 1991 potest
1316 1911 1402 1972 illam

129 2000 310 2064 adorarem
324 1999 480 2080 propriam
492 1997 676 2071 utilitatem,
692 2002 722 2059 et
735 1996 770 2058 in
781 1997 956 2060 doruinium
967 1998 1095 2062 alterius
1108 1999 1236 2062 tradere.
1251 1999 1402 2062 Dominus

130 2089 216 2151 enim
231 2107 284 2170 pro
298 2087 426 2149 arbitrio
438 2088 475 2150 de
488 2087 601 2168 objecto
615 2085 745 2150 dominii
759 2085 809 2148 sui
823 2085 980 2166 disponere
991 2092 1099 2168 potest.

173 2177 251 2239 Hirro
265 2196 271 2236 :
287 2183 319 2238 1⁰
331 2177 422 2238 homo
433 2179 534 2256 potest
550 2175 586 2238 de
596 2177 667 2256 jure
681 2173 815 2236 naturali
829 2174 923 2236 etiam
936 2175 969 2237 in
982 2181 1162 2256 perpetuum
1177 2196 1208 2240 se
1222 2176 1309 2240 alteri
1324 2195 1404 2239 ven-

129 2266 202 2328 dere
215 2265 313 2344 quoad
326 2263 499 2327 dominium
520 2262 606 2326 utile.
622 2262 653 2324 Si
667 2262 752 2326 enim
766 2268 866 2343 potest
879 2263 966 2325 alteri
986 2265 1160 2328 dominium
1178 2266 1226 2327 sui
1244 2266 1320 2329 utile
1334 2284 1402 2328 oon-

129 2354 210 2415 ferre
221 2370 275 2432 pro
289 2353 391 2433 aliquo
407 2358 549 2432 tempore,
566 2351 649 2416 idem
659 2350 754 2414 iacere
766 2355 865 2432 potest
877 2351 1118 2433 inperpetuum,
1135 2353 1288 2435 siquidem
1300 2355 1405 2418 cedere

130 2444 233 2521 potest
251 2440 401 2522 quidquid
424 2440 524 2502 habet.
541 2445 575 2503 2⁰
589 2441 653 2502 Per
673 2459 705 2501 se
718 2439 784 2520 juri
807 2446 927 2503 naturae
944 2459 1007 2504 non
1024 2447 1173 2522 repugnat
1191 2444 1334 2519 seruitus,
1349 2462 1403 2505 seu

131 2534 234 2592 status
249 2527 445 2610 subjectionis
458 2533 635 2612 perpetuus,
649 2547 711 2610 quo
723 2528 793 2609 quis
807 2528 1030 2610 praetimentis
1044 2535 1167 2594 tenetur
1180 2551 1286 2596 omnes
1298 2551 1405 2614 operas

131 2636 205 2680 suas
218 2617 307 2680 alteri
320 2625 474 2698 prestare.

173 2711 243 2771 ato.
259 2742 298 2752 -
312 2709 413 2784 Quas.
431 2713 463 2772 3⁰
477 2707 533 2770 Ea
547 2707 654 2790 quites
673 2705 773 2769 titulis
784 2706 890 2769 induci
900 2708 994 2789 possit
1006 2709 1154 2772 servitus?

176 2795 264 2877 Hesp.
280 2815 292 2857 .·
305 2797 351 2858 Ex
369 2803 501 2878 quatuor
513 2795 712 2877 sequentibus
731 2795 848 2859 titulis:
866 2801 898 2859 1⁰
910 2795 1081 2878 Expecto,
1103 2817 1156 2862 seu
1177 2800 1406 2863 renuntiatione

134 2883 265 2964 propria.
280 2885 404 2948 Etenim
418 2903 481 2946 non
492 2889 651 2966 repugnat,
666 2892 703 2946 ut
719 2885 788 2966 quis
800 2885 959 2948 renuntiet
972 2903 1035 2948 suae
1049 2885 1184 2950 libertati
1198 2889 1237 2952 ad
1249 2889 1403 2970 propriam

108 2970 113 2982 '
134 2971 273 3054 inopiam
285 2971 514 3048 sublevandam,
527 2978 582 3036 etc.
595 3009 636 3018 -
649 2977 683 3035 2⁰
695 2973 750 3034 En
757 2973 834 3054 jure
849 2971 928 3035 betti.
943 2977 1010 3038 Non
1028 2973 1113 3037 enim
1131 2983 1295 3060 repugnat,
1311 2977 1403 3040 viclo-

133 3079 200 3124 rem
220 3062 299 3124 hanc
320 3061 501 3143 quandoque
521 3079 645 3143 poenam
665 3059 811 3142 infligere.
835 3062 1021 3144 Quandoque
1039 3063 1123 3126 enim
1143 3072 1243 3145 posset
1271 3067 1405 3147 captivos

134 3149 266 3212 occidero
280 3151 318 3212 ob
332 3149 432 3230 gentis
446 3149 661 3213 secmitatem:
678 3167 747 3229 ergo
764 3169 783 3212 a
796 3149 925 3230 fortiori
939 3169 988 3214 eos
1006 3151 1040 3213 in
1056 3152 1237 3216 servitutem
1257 3155 1401 3235 redigere.

134 3273 176 3282 -
190 3243 226 3300 3ο
237 3239 293 3300 En
305 3238 424 3313 delicto,
439 3257 493 3302 seu
504 3257 542 3302 ex
551 3242 638 3321 justa
655 3237 917 3302 condemnatione.
936 3239 1059 3302 Etenim
1076 3241 1103 3303 si
1121 3261 1192 3306 reus
1204 3249 1304 3324 potest
1318 3245 1405 3305 dam-

135 3325 205 3388 nari
230 3327 268 3389 ad
291 3333 437 3402 arentem,
462 3347 482 3390 a
506 3327 634 3409 fortiori
658 3329 696 3390 ad
722 3325 916 3402 servitutem,
939 3345 1010 3390 cum
1034 3329 1165 3410 privatio
1185 3331 1263 3394 rita
1281 3347 1405 3393 summa

134 3414 278 3480 omnium
298 3434 460 3498 poenarum
481 3415 592 3480 merito
614 3423 783 3480 censeatur.
798 3451 838 3462 -
860 3421 895 3480 4⁰
913 3417 968 3498 Ea
984 3418 1145 3491 nativitate
1162 3419 1196 3482 in
1213 3425 1296 3481 statu
1311 3417 1406 3480 servi·

135 3503 234 3576 tntiS,
251 3503 499 3586 ‹prandoqnidem
514 3505 550 3568 de
559 3507 630 3586 jure
642 3504 723 3568 servi
736 3509 820 3594 sunt,
834 3505 890 3586 qui
903 3506 1025 3568 eservis
1035 3513 1215 3570 nascuntur.
1232 3509 1278 3568 lta
1289 3525 1327 3569 ex
1335 3509 1407 3587 jure

134 3592 278 3672 gentium
285 3597 377 3674 juxta
387 3611 582 3657 communem
594 3593 790 3656 sententiam.
806 3627 848 3640 -
858 3593 953 3677 Lupo,
970 3595 1046 3676 disp.
1060 3614 1108 3668 ιι,
1123 3615 1153 3656 ιι.
1169 3599 1204 3657 ll
1219 3603 1248 3656 et
1262 3600 1311 3657 17.

180 3685 249 3744 itt.
263 3715 304 3730 -
318 3685 419 3758 Quen.
434 3687 467 3746 t⁰
478 3684 531 3745 Aa
547 3683 662 3744 licitam
676 3685 717 3744 sit
726 3681 923 3764 Nipritornm
936 3683 1161 3746 commercium?

179 3769 266 3853 Hesp.
284 3777 336 3834 1⁰:
352 3771 484 3834 Omnino
508 3769 654 3848 illicitum
676 3774 722 3834 est
743 3771 887 3834 exomni
904 3775 989 3856 jure,
1007 3771 1125 3853 quoties
1146 3771 1271 3852 Nigritae
1293 3771 1408 3854 injuste

137 3857 279 3922 libertate
293 3860 473 3940 spoliantur,
491 3866 522 3923 et
540 3859 702 3922 turmatim
721 3864 758 3921 ιιι
776 3860 850 3923 vilia
872 3878 978 3940 peoora
993 3880 1011 3923 a
1029 3859 1204 3941 regionibus
1223 3860 1287 3922 suis
1307 3866 1406 3922 trans-

137 3948 306 4023 vehuntur,
331 3955 362 4011 et
383 3949 569 4024 venduntur,
586 3954 623 4012 ut
642 3947 677 4012 ct
695 3947 730 4010 in
747 3947 863 4012 nesano
885 3967 993 4012 eornm
1015 3949 1193 4012 commercio
1210 3948 1336 4031 (Troiae
1359 3948 1407 4010 des

135 4035 281 4118 Nep-es).
302 4040 414 4100 Contra
436 4040 501 4100 tam
522 4037 693 4099 immanem
713 4037 951 4116 negotiationem
974 4039 1110 4122 prodiere
1133 4038 1226 4101 varin
1251 4037 1407 4101 Constitu-

138 4124 237 4187 tiones
250 4125 434 4206 apostolica,
451 4143 561 4206 nempe
575 4125 661 4188 Pauli
679 4127 736 4200 111,
760 4125 877 4190 Urbani
894 4130 977 4200 VIII,
994 4125 1148 4190 Benedicti
1167 4129 1245 4202 XIV,
1264 4134 1295 4189 et
1310 4143 1408 4206 nuper

137 4214 275 4293 Gregorii
289 4217 357 4278 xvi
375 4215 409 4276 in
425 4213 648 4278 Constitutione
666 4214 705 4276 ln
721 4233 857 4297 supremo
876 4216 1070 4298 apostolatus,
1089 4219 1108 4279 3
1123 4214 1295 4278 Decembris
1312 4205 1404 4286 1839}

137 4309 175 4365 ut
186 4303 289 4367 ridere
300 4309 347 4366 est
360 4303 441 4384 apud
454 4302 562 4366 folium
575 4301 734 4383 publicum
749 4303 867 4366 dietum
881 4323 888 4365 ε
902 4305 978 4366 Ami
990 4304 1026 4366 de
1038 4305 1070 4366 to
1081 4303 1232 4386 deiopeia,
1244 4313 1311 4366 tom.
1328 4305 1405 4376 CIII,

134 4411 167 4453 n.
185 4395 274 4456 3ilt).
904 4411 907 4418 “

177 4480 266 4560 Resp.
284 4485 335 4544 2⁰:
350 4479 381 4542 Si
402 4499 473 4544 vero
498 4486 607 4561 agatur
626 4481 663 4544 de
681 4480 779 4562 nigris
797 4487 852 4544 aut
870 4481 938 4544 aliis
957 4480 1142 4563 inlegitima
1159 4482 1308 4546 sarritute
1323 4481 1409 4543 orsi-

140 4571 308 4636 storrtibus.
326 4589 384 4652 per
396 4589 428 4632 ao
441 4569 585 4633 illicitum
599 4570 736 4633 absolute
754 4589 816 4636 non
828 4577 889 4646 est,
907 4571 994 4652 quia,
1009 4571 1101 4635 semel
1113 4571 1247 4635 admissa
1261 4571 1409 4634 servitute
