3206 5024
207 157 276 220 322
738 169 946 216 reserares

244 283 338 365 Besp.
352 303 359 344 :
374 288 406 347 l0
416 282 516 347 Occidi
535 282 698 364 aliquando
717 287 845 362 possunt
864 287 1020 354 nocentes,
1040 299 1094 343 seu
1114 281 1229 344 milites
1248 281 1304 364 qui
1323 301 1477 363 pugnare-

205 371 284 446 rint,
301 371 328 434 si
341 371 398 434 hoc
415 373 454 434 ad
471 389 577 452 pacem
595 375 625 434 et
642 370 838 433 securitatem
855 369 1070 432 stabiliendam
1084 375 1144 432 aut·
1154 369 1303 451 injuriam
1319 369 1478 434 vindican-

204 461 276 524 uam
290 459 494 524 necessarium
509 459 565 537 sit,
582 458 644 522 nisi
658 477 729 521 cum
747 466 834 538 pacto
849 458 921 521 vitae
937 459 1092 522 servandae
1107 477 1138 522 se
1150 457 1299 522 dederint.
1317 460 1377 523 Sed
1390 459 1480 523 hoca

203 549 342 613 moribus
356 547 455 612 nostri
469 547 613 628 temporis
627 566 751 628 prorsus
765 548 903 610 alienum
916 553 972 610 est.

243 642 274 701 2⁰
294 639 471 700 Innocentes
496 639 614 710 autem,
635 636 669 698 id
691 641 737 698 est
762 635 921 712 mulieres,
941 653 1042 710 senes,
1066 635 1232 717 peregrini,
1256 635 1379 711 Clerici,
1398 638 1479 702 Reli-

203 725 294 806 giosi,
308 732 384 801 etc,
401 725 514 787 directe
532 720 627 788 occidi
641 743 703 787 non
719 731 862 805 possunt,
883 723 945 786 nisi
964 729 1080 786 constet
1094 725 1162 787 illos
1176 723 1269 787 luisse
1283 725 1354 786 belli
1370 726 1476 789 socios.

202 816 333 876 Possunt
348 819 452 877 tamen
466 813 611 875 indirecte
625 812 736 888 occidi,
754 831 816 874 non
829 811 928 874 adhuc
944 813 1092 893 completa
1104 830 1222 894 pugna,
1240 812 1267 875 si
1281 831 1352 875 cum
1366 832 1478 878 nocen-

203 901 287 964 tibus
304 901 368 964 sint
380 902 543 983 permixti,
562 903 607 965 ilc
622 909 660 965 ut
674 901 766 964 salvis
780 900 849 963 istis
865 900 984 982 reliqua
1001 901 1178 964 nocentium
1194 902 1301 976 turba,
1315 920 1412 984 quam
1425 905 1477 966 de-

202 996 319 1054 strucre
332 1008 409 1071 opus
423 990 479 1066 sit,
495 989 635 1053 interimi
649 1008 711 1052 non
725 988 829 1069 possit.
839 1022 878 1037 -
888 989 926 1052 S.
941 990 1012 1072 ttJ.
1028 1009 1059 1051 n.
1076 992 1146 1054 409.

322 1120 531 1184 Resolves

240 1253 310 1314 toa.
322 1284 362 1294 -
377 1255 408 1311 l⁰
421 1247 532 1310 Milites
545 1246 580 1309 in
593 1245 671 1309 bello
685 1245 802 1327 injusto
815 1265 854 1308 ne
869 1245 1053 1309 defensionis
1068 1245 1193 1328 quidem
1208 1265 1299 1308 causa
1312 1247 1395 1311 licite
1408 1269 1475 1331 pos

199 1343 274 1400 sunt
291 1337 391 1400 hostes
411 1335 557 1410 occidere,
573 1334 598 1396 si
618 1333 720 1414 lugere
740 1342 908 1414 nequeant,
924 1353 1030 1397 curare
1045 1335 1157 1397 debent
1170 1353 1210 1397 ne
1223 1333 1334 1398 ictibus
1349 1337 1416 1401 suis
1431 1339 1473 1402 ie

199 1426 291 1488 ciant.
306 1425 367 1507 Ipsi
381 1424 465 1487 enim
477 1429 550 1487 sunt
566 1423 677 1505 inJ'usti
691 1441 893 1504 aggressores,
905 1426 957 1484 et
945 1441 1018 1504 Jura
1032 1421 1182 1486 contraria
1196 1422 1229 1486 in
1243 1424 1348 1486 eadem
1360 1445 1395 1487 re
1406 1427 1474 1491 dari

197 1513 576 1595 nequeunt—Laeron,
593 1511 693 1573 etalii
707 1515 913 1573 communiter.

237 1607 270 1665 2⁰
290 1601 448 1684 Princeps,
459 1607 596 1682 perspect
597 1619 615 1662 c
583 1599 722 1662 belh
697 1619 763 1700 'Jus
765 1599 849 1676 titia,
862 1617 930 1662 eam
944 1617 1109 1680 proponere
1121 1599 1210 1663 debet
1222 1601 1302 1682 parti
1317 1603 1469 1682 adverse,

196 1709 252 1754 nec
266 1690 382 1753 bollum
394 1689 536 1752 inchoare
553 1692 665 1770 potest,
679 1708 705 1750 ει
697 1649 883 1750 'satisfactio
897 1694 1070 1768 competens
1082 1687 1111 1750 ei
1125 1688 1285 1765 efferatum
1297 1690 1362 1754 imo
1377 1694 1473 1758 etiam

196 1778 354 1860 inceptum
374 1779 506 1852 bellurn,
528 1777 628 1839 oblata
650 1782 698 1838 sat
685 1775 787 1838 ttisfac
789 1777 858 1838 ione
880 1777 1055 1858 adaquata,
1078 1777 1248 1860 relinquere
1272 1781 1355 1842 tenet
1342 1785 1404 1857 t,ur
1423 1783 1472 1846 sin

195 1867 302 1930 minus
316 1887 353 1930 ex
373 1867 470 1946 rigore
485 1865 587 1947 justit'
579 1883 632 1942 ra,
649 1865 757 1926 saltem
773 1864 954 1948 plerumque
972 1884 1007 1928 ex
1028 1865 1169 1942 caritate,
1185 1867 1275 1930 modo
1292 1885 1363 1948 pars
1377 1829 1472 1934 dcem

195 1975 301 2020 omnes
309 1975 459 2106 expensas
474 1958 541 2037 Jam
557 1913 651 2016 factds
667 1971 861 2034 compensare
878 1955 965 2030 velit,
984 1971 1039 2016 nec
1052 1954 1091 2016 cd
1104 1914 1222 2080 hedum
1240 1956 1400 2036 publicum
1416 1977 1467 2022 ne

195 2064 276 2110 cesse
291 2044 333 2109 sit
346 2050 384 2107 ut
398 2047 463 2124 eJ'us
477 2049 528 2124 pet
515 2041 647 2106 tulantia
661 2049 708 2104 ret
695 2043 853 2104 t.undatur

235 2139 266 2198 30
286 2133 397 2196 Licet
387 2153 422 2196 m
435 2133 512 2194 bello
529 2130 659 2193 insidias
673 2149 796 2212 parare,
814 2135 1030 2232 stratagemate
1044 2131 1202 2208 adhibere,
1219 2140 1257 2197 ut
1269 2134 1372 2198 hostes
1383 2135 1465 2199 lalla-

194 2223 250 2285 ciis
270 2222 471 2322 decipiantur,
489 2224 520 2283 et
539 2220 575 2283 in
592 2218 771 2282 discrimina
788 2218 1000 2300 conjiciantur.
1017 2221 1087 2282 Haec
1101 2217 1186 2283 enim
1203 2240 1266 2285 non
1285 2230 1464 2326 reputantur

193 2311 369 2385 mendacia,
387 2309 461 2390 quia
477 2309 564 2389 culpa
586 2327 644 2370 sua·
657 2307 851 2388 decipiuntur
867 2308 1050 2384 adversarii,
1067 2327 1139 2371 cum
1152 2309 1255 2373 media
1270 2310 1353 2373 illa
1342 2331 1378 2375 m
1390 2313 1465 2377 hello

194 2398 334 2462 adhiberi
350 2399 485 2462 soleant:
503 2396 545 2460 sic
558 2396 628 2458 licet
642 2395 755 2475 fingere
766 2395 886 2475 lugam,
906 2396 954 2458 uti
970 2396 1089 2459 vexillis
1105 2397 1259 2472 hostium,
1275 2406 1333 2462 etc.
1349 2401 1466 2465 Illicitae

193 2491 297 2568 eutem
315 2493 389 2549 sunt
402 2486 523 2548 frarrdes
537 2503 606 2567 quae
618 2484 703 2548 nulle
716 2483 878 2565 prudentia
891 2491 1020 2564 possunt
1033 2485 1210 2566 precaveri,
1224 2505 1253 2550 v.
1270 2505 1330 2565 gc,
1348 2507 1466 2553 veneno

192 2575 315 2640 inficere
330 2581 437 2657 puteos
452 2579 482 2637 et
494 2574 608 2650 fontes,
623 2581 694 2649 etc.;
708 2573 757 2636 hae
774 2571 873 2647 enim,
890 2591 983 2636 sensu
999 2573 1174 2650 communi,
1191 2580 1293 2636 contra
1302 2578 1376 2655 jura
1390 2576 1463 2638 belli

192 2670 341 2746 pugnant.
357 2699 398 2710 —
412 2661 448 2724 S.
464 2665 533 2744 Lig.
550 2684 581 2725 n.
596 2667 666 2726 tlt).

233 2759 264 2817 t⁰
284 2754 370 2817 Licet
383 2753 417 2816 in
432 2753 508 2815 bello
520 2755 604 2834 J'usto
620 2749 711 2814 urbes
729 2757 760 2813 et
773 2769 855 2814 arces
870 2750 1022 2827 obsidere,
1038 2755 1192 2816 tormenta
1205 2757 1308 2816 contra
1322 2751 1391 2814 illas
1410 2772 1463 2816 ex-

193 2843 327 2924 plodere,
343 2843 406 2905 imo
419 2840 584 2923 aliquando
598 2840 784 2903 monasteria
795 2847 826 2902 ct
837 2839 975 2904 ecclesius
986 2841 1140 2903 destruere
1154 2847 1210 2904 aut
1223 2841 1416 2916 comburere,
1430 2841 1466 2905 in

192 2929 232 2992 iis
246 2930 373 3011 spoliare
384 2937 416 2993 et
428 2929 575 3004 occidere,
589 2929 631 3005 si,
646 2949 675 2991 v.
691 2947 750 3009 gn,
766 2929 868 2991 hostes
882 2929 1005 2991 ecclesia
1018 2936 1054 2993 ut
1065 2947 1133 2992 arce
1146 2930 1186 2992 ad
1198 2948 1229 2992 se
1241 2927 1465 2993 defendendum

192 3024 333 3082 utamur.
347 3055 386 3066 -
400 3023 475 3082 Item
488 3018 561 3081 licet
573 3017 738 3100 aliquando
756 3017 864 3080 urbem
881 3023 1002 3098 captam
1015 3017 1051 3080 in
1064 3019 1199 3099 praedam
1213 3020 1304 3093 dare,
1321 3020 1376 3082 sed
1393 3039 1464 3083 non-

192 3107 254 3170 nisi
267 3109 305 3171 ob
323 3108 519 3188 gravissimas
532 3105 675 3170 rationes.
692 3141 733 3152 -
748 3106 785 3168 S.
798 3107 880 3187 Lip„
899 3106 971 3168 cccc.

231 3200 265 3260 50
283 3201 378 3259 Duces
397 3197 548 3259 exercitus
566 3201 596 3257 et
610 3194 726 3257 milites
742 3213 934 3275 summopere
952 3213 1120 3275 precavere
1140 3197 1252 3259 debent
1266 3215 1306 3260 ne
1320 3199 1465 3261 excedant

191 3292 259 3368 post
271 3286 431 3349 victoriam
443 3285 478 3346 in
491 3284 582 3346 victis
598 3283 765 3365 puniendis
781 3303 788 3346 :
806 3289 880 3346 sunt
893 3283 978 3346 enim
992 3283 1136 3363 legitimae
1151 3284 1290 3348 ministri
1305 3285 1461 3360 vindicte,

190 3394 254 3439 non
265 3394 336 3439 vero
349 3375 480 3437 latrones
494 3379 525 3436 et
536 3372 653 3449 sicarii;
668 3371 838 3453 praesertim
853 3371 949 3435 vitare
958 3372 1071 3435 debent
1084 3372 1236 3455 quidquid
1251 3373 1460 3438 crudelitatem

190 3472 246 3528 aut
258 3464 400 3528 animum
414 3462 542 3526 nocendi
557 3460 646 3542 sapit.

230 3559 262 3617 60
281 3557 376 3616 Duces
394 3558 425 3616 et
443 3550 558 3614 milites
578 3551 685 3614 ledere
705 3555 863 3631 nequeunt
881 3550 993 3630 legatos
1014 3550 1111 3631 partis
1134 3552 1284 3627 adversae,
1303 3553 1379 3633 quia
1391 3554 1465 3635 J'ure

190 3641 335 3705 Gentium
358 3641 473 3722 ubique
493 3645 568 3702 sunt
585 3639 792 3716 inviolabiles;
816 3658 871 3702 nec
892 3637 1014 3702 mittere
1033 3647 1164 3721 possunt
1183 3641 1387 3721 speculatores
1407 3641 1465 3722 qui

190 3729 361 3811 Prmoipem
380 3735 434 3792 aut
450 3733 564 3791 Ducem
577 3727 728 3792 exercitus
745 3727 794 3790 vel
807 3727 882 3790 alios
896 3726 983 3808 regui
997 3727 1145 3792 Primates
1160 3729 1275 3793 occulte
1290 3729 1462 3807 trucident,

189 3817 346 3898 quiahoc,
362 3837 400 3881 ex
414 3817 556 3881 omnium
569 3833 737 3892 consensu,
754 3818 792 3879 ad
805 3815 965 3897 perfidiam
979 3815 1120 3896 pertinet.

433 3983 486 4062 ΒΕ
513 3984 551 4061 Ἠ
587 3984 637 4060 ΕΤ
670 3985 708 4060 lt
741 3983 953 4061 tttttotl
989 3983 1221 4062 tnatcrto

298 4141 326 4200 N
327 4154 365 4197 on
382 4133 587 4198 mechaberis.
602 4167 643 4179 -
657 4131 730 4283 Νοὲ
742 4131 929 4286 ιὶᾌεὶᾰεναξῗ
948 4153 1073 4197 oaorem
1087 4134 1154 4218 cjuc
1167 4133 1342 4217 (proximi).

732 4240 770 4284 xo
794 4241 870 4298 .ιιι,
927 4269 934 4283 .

227 4358 297 4416 tlt.
314 4386 354 4398 -
366 4355 460 4415 Juvat
473 4352 627 4433 imprimis
641 4352 766 4426 reterre,
784 4369 819 4414 ac
832 4352 953 4433 propria
966 4351 1054 4416 nobis
1068 4351 1164 4416 facere
1178 4353 1272 4418 rerba
1286 4353 1323 4416 S.
1337 4351 1464 4436 Ligarii

186 4441 220 4504 in
232 4439 381 4521 principio
396 4439 497 4501 Trcct.
513 4441 550 4502 de
561 4451 643 4504 reato
657 4439 835 4522 Praecepto:
