3136 5034
501 237 504 244 ’
580 269 625 314 nn
645 267 916 314 conrnuorrnus
1317 251 1384 310 tot

113 384 299 452 instruentia
313 381 466 464 (menites,
482 378 610 457 menites
624 377 805 460 mentiones)
819 377 946 441 omnino
958 375 1190 456 restringuntur
1200 377 1239 439 ad
1253 395 1301 451 ea,
1316 395 1385 458 quae

114 476 295 540 ordinantur
309 473 347 536 ad
360 489 469 546 usum,
486 469 534 533 vel
544 467 743 531 habitationis
757 472 986 544 ornamentum,
1006 471 1042 528 ut
1055 465 1174 540 sedilia,
1191 465 1318 542 tabula,
1337 485 1386 528 ar-

113 565 225 641 maria,
236 569 292 626 ete.

153 653 250 716 Hine:
271 657 303 714 1⁰
323 655 397 713 sunt
411 647 536 711 mobilia
555 646 747 728 simpliciter,
770 663 824 708 seu
845 663 882 707 ex
900 648 933 707 i·
953 645 1060 719 classe,
1078 645 1212 725 supellex
1228 647 1383 723 argentea,

112 741 273 815 animalia,
297 737 429 819 exeeptis
451 737 553 818 equis;
575 734 772 810 linteamina,
789 733 921 814 exeeptis
939 733 978 796 iis
999 751 1068 815 quae
1088 734 1126 795 ad
1142 750 1236 795 usum
1253 733 1387 813 corporis

111 830 306 893 adhibentur.

152 923 184 981 2⁰
196 917 227 979 si
243 916 325 980 dicat
336 921 484 979 testator:
501 915 581 996 Lepo
598 912 725 976 metilia
742 912 834 991 Coie,
849 920 877 974 et
892 911 1065 974 immobilia
1080 910 1277 994 Sempronio,
1295 910 1388 978 Ceius

103 1010 158 1089 jus
178 1006 270 1068 habet
289 1005 328 1067 ad
347 1005 451 1066 omnia
468 1003 548 1066 hona
567 1002 707 1077 mobilia,
724 1001 798 1083 quia
811 1019 899 1063 mens
914 1001 1067 1063 testatoris
1081 1000 1237 1063 evidenter
1250 1005 1337 1080 patet
1349 1018 1397 1062 ex*

109 1091 299 1176 oppositione
312 1091 479 1157 mobilium
492 1092 531 1156 ad
546 1090 730 1155 immobilia.
746 1126 787 1137 -
804 1089 940 1164 Gnosset,
955 1087 1036 1152 Cede
1050 1095 1226 1170 commento,
1242 1097 1302 1150 art.
1315 1091 1385 1152 533.

106 1217 148 1232 -
162 1181 303 1264 Repron,
320 1181 395 1243 tttd.

148 1277 179 1336 3ο
191 1271 224 1334 Si
237 1271 374 1350 legatum
388 1267 517 1333 sitierat
531 1289 540 1331 :
556 1271 636 1352 Lepo
653 1269 731 1331 Titio
746 1271 847 1330 omnio
858 1266 984 1329 mobilia
999 1287 1080 1344 mec,
1095 1266 1144 1330 rel
1157 1265 1234 1328 bono
1247 1265 1386 1340 mobilia,

107 1361 156 1424 vel
172 1359 355 1427 totalitatem
369 1359 546 1430 mobilium
563 1359 662 1420 Titios
675 1361 728 1440 jus
747 1357 842 1420 habet
855 1357 893 1420 ad
908 1355 1013 1418 omnia
1029 1355 1111 1418 hona
1123 1372 1186 1418 non
1199 1355 1385 1430 immobilia,

105 1448 183 1531 quia
196 1467 258 1512 vox
271 1448 398 1511 modilia
411 1447 461 1510 hio
476 1465 539 1510 non
553 1447 690 1510 sumitur
703 1447 767 1510 sine
780 1445 895 1508 addito.
911 1479 951 1492 -
966 1443 1104 1523 Goasset,
1124 1463 1155 1504 n.
1177 1448 1248 1518 sot,
1265 1452 1294 1506 et
1308 1442 1388 1506 Cede

109 1539 291 1612 commenti,
305 1545 366 1600 ort.
386 1541 456 1601 533.
470 1571 511 1582 -
521 1536 658 1619 Repron,
676 1535 752 1598 ibid.

149 1627 220 1691 832.
238 1629 341 1704 Qum.
358 1631 391 1689 4⁰
403 1627 455 1687 An
472 1645 603 1688 summus
618 1624 768 1706 Pontifex
781 1625 880 1708 possit
898 1625 997 1706 Iepoto
1013 1633 1040 1687 et
1055 1623 1134 1686 alius
1145 1621 1270 1682 ultimos
1284 1618 1388 1682 volun-

109 1725 184 1779 tates
200 1724 375 1778 testntorum
389 1723 589 1790 commutare,
607 1714 725 1796 quondo
740 1714 776 1776 de
790 1717 887 1776 causis
896 1715 959 1794 piis
972 1711 1097 1795 opiter?

148 1806 239 1886 Resp.
260 1805 392 1885 Affirm,
414 1803 440 1866 si
458 1805 538 1866 adsit
554 1806 640 1884 justa
653 1803 747 1878 ratio,
764 1803 838 1884 quia
858 1821 876 1863 a
890 1801 1009 1864 Christo
1023 1800 1187 1866 institutus
1202 1803 1249 1862 est
1265 1797 1389 1879 piarum

103 1910 274 1958 oausamm
293 1892 535 1967 administrator,
558 1898 595 1954 ut
618 1891 713 1972 possit
733 1893 770 1954 de
792 1891 832 1952 iis
856 1889 1028 1970 disponere,
1053 1888 1157 1971 prouti
1177 1887 1340 1951 necessitas
1358 1895 1390 1950 et

108 1980 282 2064 spiritualis
297 1980 415 2043 utilitas
429 1980 535 2060 exigit.
552 1982 637 2043 Idem
651 1980 815 2042 dicendum
830 1985 878 2042 est
891 1980 927 2041 de
941 1978 1080 2059 Principe
1096 1978 1196 2060 quoad
1209 1977 1308 2056 legata
1320 1995 1389 2056 pro-

108 2070 184 2133 fana
198 2070 234 2132 in
247 2069 382 2132 favorem
395 2068 579 2149 Reipublieae
594 2067 772 2132 constituta.
787 2102 828 2114 —
840 2068 877 2130 S.
890 2067 961 2149 Lip.
980 2088 1012 2128 n.
1030 2070 1101 2131 931.

149 2161 254 2234 Quian.
272 2161 304 2222 5⁰
318 2157 370 2219 An
383 2158 533 2241 Episcopi
545 2158 615 2240 pios
633 2157 839 2240 dispositiones
847 2157 937 2239 justo
958 2155 1101 2218 derauso
1120 2163 1302 2217 commutare
1319 2173 1389 2236 pos-

107 2247 194 2310 sint?

145 2337 239 2418 Resp.
260 2335 339 2417 Nep.
365 2339 534 2418 peneratim
557 2336 718 2418 quuendo.
742 2333 830 2400 Ratio
851 2340 912 2409 est,
938 2333 1011 2414 quia
1033 2351 1070 2396 ex
1094 2331 1178 2394 Trid.
1199 2351 1269 2394 sess.
1290 2333 1387 2407 XXH,

103 2445 172 2506 cop.
198 2443 271 2501 vm,
293 2424 467 2505 imponitur
489 2423 645 2505 Episcopis
664 2423 833 2486 sollicitudo
852 2421 980 2486 ultimas
994 2422 1166 2486 voluntates
1185 2421 1288 2484 sedulo
1304 2437 1389 2483 exse·

104 2513 235 2596 quendi.
247 2549 288 2559 -
302 2513 339 2576 S.
351 2513 422 2595 Lip.
436 2533 467 2574 n.
482 2517 553 2576 931.
566 2548 607 2559 -
617 2511 797 2592 Excipiendi
810 2518 918 2574 tamen
927 2509 1121 2592 probabilius
1134 2517 1208 2572 sunt
1222 2527 1309 2572 rosus
1321 2509 1387 2592 qui,

104 2603 132 2665 si
145 2621 165 2666 a
178 2606 323 2665 testatore
334 2601 458 2684 praevisi
467 2601 608 2678 fuissent,
619 2605 700 2664 certo
714 2599 883 2663 effecissent
898 2605 934 2661 ut
949 2599 1038 2662 aliter
1053 2598 1240 2680 disponeret,
1250 2617 1280 2662 v.
1292 2617 1350 2679 gn,
1362 2598 1390 2660 si

103 2691 269 2772 reliquerit
290 2691 452 2771 pecuniam
470 2692 596 2754 adrosa
610 2709 694 2752 saera
712 2709 767 2770 pro
781 2689 920 2763 ecelesia,
937 2695 969 2750 et
985 2688 1050 2752 haee
1063 2687 1146 2750 vasis
1161 2706 1223 2750 uon
1235 2687 1387 2768 indigeat,

104 2781 155 2845 vel
171 2779 199 2840 si
214 2778 348 2858 legatum
362 2781 401 2840 ad
415 2779 509 2841 finem
524 2797 618 2840 suum
630 2777 775 2858 applicari
784 2780 932 2858 nequeat,
950 2775 1096 2856 quianon
1109 2775 1236 2852 sufficit,
1254 2777 1302 2839 vel
1315 2776 1390 2859 quia

102 2871 145 2932 ed
161 2882 258 2930 usum
270 2865 426 2929 intentum
434 2865 591 2934 ,deservire
599 2885 662 2928 non
677 2869 785 2946 potest.

652 3083 794 3128 renotuit
814 3083 849 3128 tv

498 3219 538 3274 lte
552 3217 733 3278 revocatione
746 3217 995 3276 testamentorum.

147 3404 223 3468 833.
239 3435 279 3444 -
292 3401 316 3462 Ι.
334 3402 579 3474 Testamentum,
589 3397 647 3460 sub
660 3415 854 3479 quacumque
867 3397 965 3460 forma
980 3396 1021 3459 sit
1034 3395 1159 3469 lactum,
1174 3414 1292 3476 semper
1305 3414 1389 3458 mro

104 3491 171 3556 cari
188 3493 288 3571 potest
301 3488 340 3550 ad
357 3494 471 3551 nutum
487 3485 653 3561 testatoris,
673 3486 747 3568 quia
766 3491 987 3550 testamentum
1000 3504 1038 3549 ex
1049 3490 1161 3548 natura
1175 3503 1231 3547 sua
1243 3490 1290 3547 est
1303 3491 1389 3548 actus

103 3577 316 3646 essentialiter
322 3577 653 3658 revocabilis3proinde
664 3579 789 3639 testator
800 3575 974 3639 dominium
985 3577 1136 3638 bonomm
1151 3591 1279 3638 snorum
1291 3591 1389 3656 nsque

99 3672 146 3734 ad
162 3673 298 3731 mortem
311 3665 435 3729 retinet.
450 3701 491 3713 -
505 3666 555 3728 Ito
567 3685 605 3728 ea
619 3665 702 3727 omni
712 3664 797 3727 lure.

147 3759 190 3822 II.
206 3754 366 3820 Revocatio
381 3754 559 3818 testamenti
572 3753 686 3835 duplici
697 3755 787 3818 modo
800 3753 866 3816 fieri
878 3759 978 3834 potest
994 3771 1003 3816 τ

150 3851 185 3910 1⁰
201 3843 372 3926 represso,
387 3861 441 3907 seu
455 3863 463 3906 :
479 3851 511 3908 {⁰
525 3862 581 3924 per
594 3842 834 3908 destmetionem
847 3840 1040 3918 testamenti3
1058 3847 1090 3905 2⁰
1104 3860 1158 3923 per
1171 3847 1275 3904 ectum
1287 3856 1389 3902 eoram

107 3932 234 3998 notario
245 3931 430 4005 contectum,
443 3951 502 4013 quo
514 3930 645 3995 mutatio
660 3931 830 3994 voluntatis
842 3930 1041 4012 exprimitur;
1058 3936 1091 3995 3⁰
1101 3949 1155 4012 per
1168 3933 1389 3993 testamentum

103 4038 232 4086 norum
245 4019 339 4101 priori
361 4020 574 4084 eontrarium:
598 4020 650 4082 sed
671 4023 744 4082 tuno
763 4019 914 4083 revocatio
931 4037 995 4083 non
1013 4026 1154 4083 censetur
1171 4019 1306 4099 integra,
1326 4016 1389 4080 nisi

103 4108 327 4260 dispogitignes
340 4108 518 4172 testamenti
536 4103 610 4171 noni
623 4107 768 4172 omnibus
786 4107 1038 4190 dispositionibus
1057 4106 1169 4190 prioris
1188 4105 1252 4170 sint
1270 4111 1388 4170 eontra-

101 4199 176 4263 riae.
225 4244 233 4259 .
278 4242 298 4275 .,
317 4200 396 4261 tote
406 4205 438 4259 et
449 4216 509 4278 seq.

147 4289 183 4348 2⁰
203 4284 319 4361 Tacite,
330 4284 602 4366 perdonationem,
613 4285 839 4361 venditionem,
851 4285 1126 4367 permutationem,
1138 4285 1386 4363 destructionem,

102 4381 166 4440 aut
181 4373 352 4526 ᾳὲιιιέιΙὼει
365 4372 595 4455 dispositionem
611 4375 655 4438 rei
673 4375 795 4455 legatae,
815 4393 876 4457 qua
890 4373 1023 4438 mutatio
1041 4374 1194 4438 testatoris
1213 4373 1388 4438 manifesta·

101 4472 174 4528 tur.
222 4509 229 4522 .
274 4510 292 4535 .‚
308 4466 398 4528 1038.

148 4551 294 4616 Refertur
304 4553 344 4616 ed
356 4553 578 4622 revocationem
590 4553 768 4619 testamenti
777 4555 843 4638 ejus
854 4553 1022 4632 eeducitas,
1036 4573 1105 4636 que
1119 4553 1251 4620 habetur
1263 4553 1387 4637 quando
