3168 5002
435 274 727 321 raorosrnrouun
751 275 1006 323 nnnnnunnuru
1314 268 1359 328 29

100 383 297 460 supernaturali
318 385 346 440 et
366 384 508 455 gratuito,
525 401 612 460 supra
626 385 816 444 conditionem
831 389 938 445 naturae
959 405 1018 446 sure
1037 389 1129 446 luisse
1143 388 1312 462 exaltatum,
1330 394 1362 448 ut

98 467 172 536 ride,
186 467 255 538 Spe,
269 466 299 520 et
313 464 458 521 charitate
470 467 560 522 Deum
573 466 830 540 supernaturaliter
841 467 957 525 coleret.

128 561 167 618 ll.
186 560 309 618 lvonis
331 561 361 616 et
380 561 481 617 otiosis
499 561 680 632 hominibus,
706 564 864 632 secundum
886 563 1084 638 insipientiam
1108 565 1360 641 philosophorum,

98 641 242 713 excogitata
255 641 302 696 est
324 641 484 710 sententia,
506 657 569 713 quae
587 642 622 698 ad
642 642 882 715 pelagianismum
904 645 1060 716 rejicienda
1078 645 1138 716 est,
1160 645 1303 702 bominem
1324 649 1361 705 ab

99 722 170 778 initio
182 721 220 777 sio
234 719 442 788 constitutum,
453 722 486 777 ut
499 737 550 794 per
561 721 635 778 dona
648 723 758 782 nature
772 723 955 796 superaddita
965 723 1052 781 luerit
1062 722 1195 797 largitate
1204 727 1360 784 conditoris

100 801 256 859 sublimatus
272 800 347 856 etin
362 800 414 857 Dei
429 799 521 858 filium
536 801 700 875 adoptatus.

130 888 168 945 25.
187 888 290 945 Omnia
313 903 399 962 opera
422 887 582 946 infidelium
604 891 673 946 sunt
694 891 826 964 peccata,
846 892 875 947 et
895 891 1128 966 philosophorum
1150 894 1271 951 virtutes
1292 897 1361 954 sunt

100 969 168 1025 ritis.
1164 990 1166 994 ·

24 1115 25 1120 ,
127 1054 165 1113 id.
185 1055 338 1126 integritas
358 1055 459 1129 primae
479 1055 633 1113 creationis
650 1071 705 1113 non
724 1058 780 1115 luit
799 1057 927 1116 indebita
940 1059 1073 1116 humanae
1087 1062 1195 1118 naturae
1209 1063 1359 1132 exaltatio,

24 1131 25 1166 ³
97 1136 137 1192 sed
148 1135 285 1192 naturalis
298 1137 362 1207 ejus
374 1134 510 1192 conditio.

124 1221 165 1280 27.
181 1223 314 1280 Liberum
328 1221 495 1291 arbitrium,
510 1223 572 1279 sine
582 1224 682 1294 gratiae
690 1225 742 1282 Dei
753 1224 907 1297 adjutorio,
922 1227 1078 1284 nonnisiad
1089 1229 1264 1301 peccandum
1272 1229 1358 1288 ualet.

124 1311 165 1367 28.
183 1309 356 1382 Pelagianos
368 1311 413 1367 eat
425 1327 503 1366 error
516 1309 625 1382 dicere,
641 1311 716 1384 quod
737 1311 860 1370 liberum
875 1313 1026 1371 arbitrium
1045 1314 1121 1373 ualet
1141 1315 1177 1373 ad
1190 1315 1281 1374 ullum
1299 1334 1361 1391 pec·

95 1393 180 1448 catum
193 1391 352 1448 uitandum.
1189 1443 1192 1450 .

123 1477 165 1534 ⁶29.
182 1480 241 1536 Non
256 1477 315 1534 soli
330 1476 408 1534 iures
423 1477 445 1534 ii
460 1479 527 1534 sunt
545 1479 575 1535 et
588 1477 731 1546 latrones,
751 1479 800 1551 qui
818 1478 962 1536 Christum
979 1481 1053 1537 riam
1068 1483 1097 1538 et
1109 1482 1215 1540 ostium
1228 1485 1358 1541 veritatis

94 1559 117 1612 et
132 1557 192 1614 uita
207 1561 327 1630 negant,
342 1557 392 1615 sed
407 1557 494 1615 etiam
510 1559 683 1632 quicumque
702 1556 820 1616 aliunde
834 1575 919 1632 quam
933 1561 1093 1634 peripsum
1108 1562 1138 1618 in
1152 1563 1229 1619 viam
1237 1565 1359 1637 justitiae

93 1637 151 1710 (boo
163 1639 205 1694 est
217 1637 348 1710 aliquam
356 1638 515 1710 justitiam)
527 1638 680 1696 conscendi
696 1654 781 1712 posse
795 1638 897 1695 docent
913 1657 921 1695 t

123 1724 163 1782 30.
180 1727 234 1782 hut
245 1725 400 1782 tentationi
415 1723 483 1796 ulli,
499 1726 562 1783 sine
574 1726 673 1797 gratiae
688 1725 782 1800 ipsius
793 1726 934 1799 adjutorio
950 1727 1086 1784 resistere
1099 1727 1245 1785 hominem
1260 1747 1357 1804 posse,

93 1805 129 1862 sic
141 1807 171 1862 ut
182 1806 211 1862 in
224 1823 290 1862 eam
306 1822 362 1862 non
374 1805 527 1863 inducatur
538 1809 588 1862 aut
602 1805 638 1862 ab
652 1822 686 1862 ca
699 1823 756 1862 non
767 1806 927 1882 superetur.

121 1891 162 1949 31.
182 1894 313 1952 Charitas
327 1893 454 1967 perlecta
474 1895 504 1950 et
526 1893 648 1961 sincera,
662 1909 725 1965 quae
739 1894 783 1950 est
797 1910 832 1950 ex
853 1894 938 1952 corde
956 1910 1026 1968 puro
1046 1894 1075 1950 et
1094 1895 1269 1951 conscientia
1284 1895 1357 1952 bona

91 1973 114 2027 et
127 1972 180 2029 lide
199 1990 255 2030 non
269 1973 354 2043 ficto,
369 1975 427 2029 mm
445 1973 475 2029 in
492 1974 706 2030 catechumenis
724 1991 811 2046 quam
834 1974 864 2030 in
883 1974 1089 2049 poenitentibus
1102 1975 1196 2049 potest
1214 1991 1279 2032 esse
1295 1976 1358 2032 sine

90 2052 249 2110 remissione
263 2055 455 2128 peccatorum.

120 2138 164 2195 32.
184 2141 312 2198 Charitas
328 2140 394 2211 illa,
411 2157 474 2215 quae
487 2142 533 2199 est
546 2140 694 2215 plenitudo
708 2140 796 2213 legis,
813 2157 869 2199 non
886 2143 931 2199 est
945 2157 1058 2216 semper
1071 2143 1222 2216 conjuncta
1236 2157 1301 2199 cum
1313 2159 1356 2199 re·
1431 2167 1434 2174 ⁴

88 2220 223 2278 missione
233 2223 423 2295 peecatorum.

120 2305 165 2364 33.
184 2309 409 2366 Catechnmenus
421 2309 512 2381 juste,
533 2310 623 2375 recte,
639 2309 668 2364 et
687 2311 785 2365 sancte
804 2310 889 2380 vivit,
905 2310 934 2367 et
948 2309 1082 2367 mandata
1096 2311 1147 2367 Dei
1162 2310 1308 2380 observat,
1325 2326 1357 2368 ac

86 2384 178 2459 legem
197 2387 297 2461 implet
308 2405 357 2464 per
371 2388 558 2461 Charitelem,
575 2390 641 2446 ante
662 2388 807 2446 obtentam
821 2390 1023 2447 remissionem
1037 2392 1231 2464 peccatorum,
1248 2407 1310 2464 quae
1326 2391 1356 2446 in

87 2467 223 2540 baptismi
237 2467 348 2526 lavacro
360 2470 476 2526 demum
489 2470 654 2544 percipitur.

118 2554 161 2611 34.
181 2555 334 2613 Distinotio
354 2555 405 2614 illa
425 2555 550 2630 duplicis
570 2556 690 2624 amoris,
707 2552 848 2613 naturalis
866 2555 1002 2613 videlicet
1023 2573 1078 2629 quo
1098 2561 1174 2614 Deus
1196 2559 1307 2614 amatur
1326 2559 1358 2614 ut

87 2636 177 2691 auctor
189 2637 316 2708 naturae,
332 2637 360 2693 et
378 2636 495 2708 gratuiti
517 2653 572 2710 quo
594 2638 670 2692 Dens
691 2639 804 2693 amatur
823 2637 855 2692 ut
875 2635 1061 2708 beatificator,
1076 2654 1151 2694 vana
1170 2639 1214 2694 θεῖ
1234 2639 1263 2694 et
1281 2652 1359 2695 com-

88 2715 222 2787 mentitia,
237 2719 272 2774 et
285 2717 321 2772 ad
336 2715 517 2774 illudendum
530 2715 619 2774 sacris
631 2716 747 2774 Litteris
760 2717 789 2773 et
800 2715 934 2790 plurimis
944 2721 1073 2775 veterum
1088 2716 1262 2774 testimoniis
1276 2733 1358 2774 exco-

86 2795 175 2864 gitata.

116 2880 157 2938 35.
177 2885 273 2942 Omne
287 2883 362 2956 quod
377 2884 436 2955 agit
448 2883 578 2958 peccator
590 2882 637 2940 vel
653 2899 753 2940 seruus
766 2883 891 2957 peccati,
909 2883 1056 2958 peccatum
1069 2886 1123 2940 est.
1220 2891 1230 2910 ·

114 2967 156 3027 36.
174 2971 264 3030 Amor·
287 2970 442 3040 naturalis,
460 2971 508 3043 qui
527 2987 562 3028 ex
580 2969 691 3028 viribus
710 2971 820 3028 naturae
833 2970 968 3039 exoritur,
983 2987 1017 3028 er
1035 2970 1097 3028 solo
1110 2969 1292 3044 philosophia
1307 2988 1356 3044 per

86 3047 226 3109 elationem
239 3051 476 3127 praesumptionis
491 3051 624 3108 humanas
644 3067 710 3108 cum
725 3051 830 3123 injuria
845 3051 938 3107 crucis
954 3050 1059 3108 Christi
1075 3050 1235 3108 defenditur
1251 3067 1269 3108 a
1283 3069 1355 3108 non-

85 3128 163 3188 nullis
175 3131 358 3190 doctoribus.

112 3217 153 3275 37.
173 3221 246 3278 Cum
260 3217 380 3291 Pelagio
396 3219 496 3291 sentit,
513 3219 561 3292 qui
579 3217 645 3275 boni
660 3217 768 3291 aliquid
782 3217 938 3290 naturalis,
959 3217 1012 3276 hoc
1032 3220 1077 3276 cst
1099 3219 1173 3292 quod
1192 3235 1226 3276 ex
1245 3221 1353 3276 naturae

83 3295 145 3354 solis
156 3299 275 3358 uiribus
290 3301 383 3356 ortum
398 3300 491 3370 ducit,
507 3299 647 3372 agnoscit.

111 3385 151 3443 38.
171 3389 283 3446 Omnis
297 3402 376 3443 amor
388 3387 526 3444 creaturae
540 3385 691 3443 rationalis
703 3387 753 3442 aut
767 3385 870 3442 vitiosa
887 3387 931 3441 est
945 3385 1157 3458 cupiditasque
1173 3385 1298 3442 mundus
1313 3383 1356 3438 di-

83 3461 180 3536 ligitur,
196 3484 264 3542 quae
283 3483 300 3524 a
321 3469 430 3523 toanne
444 3465 619 3540 prohibetur,
636 3466 686 3523 aut
701 3464 856 3523 laudabilis
873 3462 924 3522 illa
941 3465 1066 3522 charitas
1081 3482 1136 3538 qua
1150 3482 1201 3540 per
1215 3463 1354 3538 Spiritum

81 3548 200 3605 sanetum
216 3549 248 3605 in
266 3547 355 3603 corde
366 3547 470 3603 diffusa
481 3549 557 3603 Deus
572 3548 694 3602 amatur.

109 3631 149 3690 39.
169 3635 256 3705 Quod
272 3633 435 3692 uoluntaria
449 3634 496 3705 fit,
513 3633 627 3691 etiamsi
642 3632 804 3688 necessario
818 3631 882 3701 fiat,
896 3631 987 3688 libere
1001 3633 1098 3688 tamen
1112 3631 1154 3690 fit,

107 3720 147 3779 ld.
169 3725 203 3781 ln
219 3722 361 3780 omnibus
376 3722 437 3778 suis
450 3721 563 3778 actibus
578 3721 709 3795 peccator
723 3719 812 3775 servit
826 3719 984 3775 dominanti
998 3718 1158 3793 cupiditati.

106 3817 146 3875 ll.
164 3822 193 3877 ls
207 3819 360 3876 libertatis
373 3817 488 3889 modus,
501 3817 551 3892 qui
562 3818 608 3875 est
619 3834 636 3873 a
646 3815 833 3885 necessitate,
848 3815 902 3872 sub
917 3814 1057 3874 libertatis
1075 3817 1189 3873 nomine
1204 3827 1260 3868 non
1274 3829 1353 3887 repe-

79 3895 140 3956 ritur
153 3899 184 3956 in
201 3897 380 3973 seripturis,
398 3898 448 3954 sed
459 3899 552 3956 solum
567 3914 671 3975 nomen
685 3895 828 3954 libertatis
842 3913 859 3953 a
872 3898 996 3971 peccato.

104 3993 146 4050 ll.
166 3995 308 4065 iustitia,
325 4011 381 4068 qua
397 3993 574 4067 J‘uslilicatur
591 4010 643 4068 per
663 3993 761 4052 Fidem
783 3993 903 4068 impius,
920 3993 1052 4051 consistit
1069 3986 1225 4049 formaliter
1238 3989 1269 4044 in
1288 3989 1354 4046 obe-

78 4069 175 4133 dientia
187 4075 412 4145 mandatorum,
422 4090 485 4149 quae
495 4077 540 4131 est
549 4090 667 4150 operum
675 4073 789 4146 justitia
802 4095 809 4129 :
824 4090 880 4129 non
893 4075 989 4131 autem
1001 4075 1031 4130 in
1043 4071 1133 4144 gratia
1142 4069 1239 4143 aliqua
1248 4070 1352 4126 animae

77 4151 178 4226 inlusa,
194 4172 260 4229 qua
275 4155 426 4229 adoptatur
441 4156 525 4211 homo
539 4154 570 4210 in
585 4154 677 4211 lilium
690 4154 742 4210 Dei
757 4155 786 4210 et
801 4153 958 4210 secundum
974 4153 1135 4209 interiorem
1150 4149 1294 4207 bominem
1310 4165 1353 4206 re·

77 4239 187 4294 roratur
203 4253 241 4293 ac
256 4235 363 4292 diuinae
381 4237 492 4293 naturas
506 4249 624 4292 consors
638 4233 771 4304 allicitur,
787 4235 834 4302 ut,
851 4233 893 4290 sie
906 4249 957 4306 per
970 4232 1106 4305 Spiritum
1121 4233 1252 4287 sanetum
1265 4245 1351 4286 reno-

75 4317 163 4387 ratus,
178 4316 327 4389 deinceps
338 4315 411 4373 bene
425 4316 521 4373 rivere
530 4315 560 4370 et
574 4315 624 4371 Dei
636 4313 779 4371 mandatis
790 4313 905 4371 obedire
919 4312 1022 4386 possit.

101 4403 142 4460 43.
164 4408 200 4461 In
220 4403 394 4460 hominibus
408 4401 615 4477 paenitentibus
634 4402 701 4458 ante
717 4401 933 4459 Sacramentum
953 4395 1158 4466 absolutionis,
1179 4398 1257 4454 etin
1278 4397 1354 4452 cate-

75 4479 220 4542 chumenis
239 4484 312 4540 ante
326 4483 517 4558 baptismum,
531 4483 577 4540 est
595 4497 663 4539 uera
678 4481 871 4554 justificatio:
892 4478 1021 4553 separata
1039 4480 1135 4535 tanum
1150 4494 1167 4535 a
1180 4477 1352 4534 remissione

24 4559 28 4644 l
74 4567 269 4632 peccatorum.
