3202 5020
204 178 267 239 ma
737 191 942 236 narcissus

247 305 348 378 Quae.
364 307 397 366 3ο
418 302 499 378 Quia
519 303 668 385 opendum
684 304 725 364 sit
745 302 779 363 to
800 322 870 365 eosu
885 302 1068 366 conscientia
1081 301 1245 384 perplexae,
1262 301 1381 383 quoetdo
1396 303 1479 384 qais,

207 391 320 454 seilicet
342 391 503 454 interduo
527 401 681 474 precepto
700 391 877 454 constitutos
895 391 990 454 feceret
1009 390 1133 470 dubius,
1154 389 1307 473 quodnam
1329 409 1344 452 e
1365 389 1480 454 duobos

206 483 292 564 sequi
306 479 431 544 debeat?

249 569 338 651 Resp.
355 571 523 651 Sequentes
537 571 658 651 regulas
672 569 706 634 in
720 569 918 652 perplexitate
932 575 1033 634 teneto
1047 589 1056 634 :

247 664 280 720 ιο
294 659 442 734 conane,
459 658 486 720 si
497 659 611 740 poesie,
627 659 865 736 confessarium,
876 659 923 723 vel
934 659 1009 722 alios
1022 657 1188 742 prudentes
1202 657 1299 736 viros;
1313 656 1388 739 quia
1400 654 1436 720 in
1447 676 1480 722 eo

204 764 281 808 casu
295 745 470 828 ignorantia
483 747 638 812 vincibilis
651 756 708 811 est.

249 837 282 898 ιο
295 836 327 898 Si
339 837 494 899 consulere
509 856 656 918 nequeas,
670 843 700 900 et
715 837 797 900 adsit
809 837 973 902 necessitas
989 836 1114 919 agendi,
1130 834 1204 917 quia
1220 834 1299 900 aetio
1314 835 1380 898 sine
1394 835 1482 916 grani

207 923 321 986 damno
340 926 487 1006 suspendi
505 933 652 1007 nequeat,
670 927 746 1008 elige
764 929 845 1007 quod
866 925 925 990 tihi
946 926 1052 988 minus
1069 925 1189 988 malum
1208 924 1341 999 videtur,
1364 942 1431 988 non
1448 942 1483 984 ea

215 1011 386 1076 intentione
407 1021 444 1076 ut
462 1016 584 1091 ,malum
603 1015 709 1090 facias,
731 1016 782 1078 sed
803 1022 839 1077 ut
862 1015 960 1096 magis
981 1035 999 1078 a
1019 1015 1099 1078 malo
1117 1016 1248 1077 recedas.
1274 1013 1354 1075 Scito
1375 1017 1482 1074 autem

209 1099 307 1182 legem
324 1101 480 1183 inferioris
492 1105 609 1166 ordinis
620 1106 727 1168 dehere
741 1105 800 1185 legi
813 1105 978 1188 superioris
992 1104 1106 1165 ordehe's
1119 1104 1234 1166 cedere.

250 1195 284 1254 3⁰
298 1190 331 1253 Si
347 1197 516 1276 utrumque
529 1201 715 1276 preceptum
730 1213 816 1276 aeque
830 1193 889 1257 tihi
903 1212 994 1274 grave
1007 1189 1167 1266 uideatur,¹
1176 1190 1300 1274 quidvis
1316 1189 1409 1269 elige,
1427 1208 1482 1252 nec

210 1278 363 1358 peccahis;
378 1299 440 1344 noa
456 1281 541 1346 enim
556 1283 699 1366 peccandi
713 1284 805 1346 datur
820 1282 994 1346 necessitas.
1009 1317 1050 1329 -
1064 1281 1101 1343 S.
1117 1281 1186 1363 ιιι.
1200 1301 1232 1344 n.
1248 1285 1298 1344 lo.
1312 1313 1353 1326 -
1371 1277 1406 1344 V.
1424 1278 1482 1342 Co-

203 1387 271 1447 sos,
285 1388 316 1430 n.
335 1374 385 1435 ts.

411 1734 461 1786 DE
491 1734 767 1786 CONSCIENTIA
798 1733 1062 1786 SCRUPULOSA
1091 1733 1140 1784 ΕΤ
1169 1731 1279 1784 taxa

718 1930 933 1994 ARTIGULUS
952 1931 967 1991 1

611 2086 648 2130 DE
670 2085 866 2130 consolantia
886 2085 1072 2130 scaurumsa

250 2229 439 2294 Conscientia
460 2231 638 2311 scrupulosa
658 2229 781 2305 dicitur,
798 2249 866 2312 quae
885 2248 921 2292 ex
939 2227 1001 2292 levi
1018 2228 1082 2292 imo
1101 2235 1131 2291 et
1150 2247 1229 2292 vana
1247 2247 1340 2291 causa
1359 2227 1483 2291 dubitat
1578 2251 1579 2312 ι

205 2319 247 2381 de
266 2319 395 2402 alicujus
412 2319 540 2382 actionis
558 2319 732 2394 honestate,
748 2319 876 2400 ideoque
891 2318 1037 2381 formidat
1051 2320 1087 2381 de
1105 2326 1239 2400 peccato,
1254 2317 1309 2382 uhi
1323 2324 1483 2400 peccatum

209 2415 342 2470 nonest.
356 2408 521 2488 Scrupulus
531 2407 615 2468 enim
627 2415 673 2470 est
684 2407 786 2470 inanis
799 2408 1007 2490 apprehensio,
1020 2425 1073 2470 seu
1086 2407 1161 2470 levis
1176 2407 1318 2490 suspicio,
1333 2425 1396 2488 qua
1411 2405 1483 2488 quis

210 2495 284 2560 falso
295 2496 413 2578 judicat
428 2495 544 2577 aliquid
555 2515 620 2560 esse
635 2504 802 2577 peccatum.
817 2500 883 2559 Van
900 2503 1004 2560 autem
1020 2496 1177 2579 serupulus
1191 2495 1354 2577 repetenda
1367 2495 1484 2560 dicitur

215 2603 252 2646 ex
265 2585 391 2666 lapillis,
405 2605 462 2648 seu
480 2585 615 2665 scrupiS,
629 2585 685 2666 qui
701 2585 805 2648 calceis
820 2586 975 2650 viatorum
994 2603 1025 2648 se
1039 2585 1210 2666 ingerentes
1224 2585 1353 2666 pedihus
1370 2585 1485 2650 moles-

210 2674 289 2736 tiam
303 2681 416 2736 creant.

256 2762 398 2826 Dicemus
412 2763 546 2827 hreeiter
557 2763 593 2826 de
608 2763 822 2845 scrupulorum
836 2763 946 2838 causis,
962 2763 1074 2846 signis
1089 2761 1226 2836 damnis,
1238 2761 1396 2838 remediiS,
1414 2781 1484 2826 nee

215 2869 278 2914 non
292 2852 329 2913 de
342 2852 454 2934 regulis
466 2871 521 2936 pro
535 2851 759 2934 prenitentihus
775 2853 974 2934 scrupulosis
990 2871 1157 2934 eorumque
1170 2851 1379 2916 confessariis.

573 2999 594 3090 ἓ
619 3002 646 3069 Ι.
658 3040 703 3052 -
722 3002 841 3069 Causae
858 3002 1113 3088 scrupulosum.

250 3141 302 3202 ιι.
314 3173 354 3183 —
367 3141 473 3200 Garrsae
485 3138 699 3218 scrupulorum
715 3138 873 3219 praecipua
886 3144 959 3200 sunt
974 3145 1133 3219 sequentes
1149 3157 1158 3200 τ

254 3238 287 3294 1⁰
301 3230 460 3292 Permissio
474 3230 589 3292 diemo.
609 3233 677 3294 Non
695 3230 821 3312 quidem
840 3230 929 3312 quasi
944 3234 1024 3293 Deus
1044 3229 1134 3292 falsas
1152 3229 1407 3311 apprehensiones
1428 3233 1486 3294 im-

211 3321 337 3395 mittat,
358 3321 411 3382 sed
434 3319 516 3400 quod
539 3319 596 3382 has
620 3319 803 3400 permittens
826 3321 934 3382 lumen
954 3338 1046 3382 suum
1074 3319 1251 3393 subtrahat,
1272 3326 1307 3382 nt
1331 3319 1487 3383 nimirum

213 3410 306 3472 homo
322 3409 357 3471 in
373 3408 542 3472 anxietates
558 3409 661 3489 lapsus
677 3409 780 3471 redeat
794 3410 832 3471 ιιι
848 3427 907 3484 cor,
926 3409 964 3470 ad
982 3407 1137 3471 meliorem
1157 3407 1276 3488 frugem
1292 3427 1324 3470 se
1340 3407 1485 3488 recipiat,

213 3499 252 3560 ad
270 3503 367 3562 ιιιιιιι
382 3515 536 3560 recurrere
554 3497 664 3572 discat,
681 3504 712 3561 et
726 3516 779 3579 pro
793 3497 938 3578 peccatiS,
955 3497 1107 3579 patienter
1120 3495 1307 3580 distinendo,
1322 3515 1486 3578 angorem,

213 3587 395 3664 satisfaciat,
413 3585 562 3648 meritum
578 3593 703 3668 aregeat,
722 3594 779 3650 ete

254 3680 288 3739 ιθ
309 3675 461 3740 Dernonis
481 3679 626 3756 operatio.
651 3679 760 3738 Dentre
780 3676 865 3739 enim
887 3675 975 3738 novit
998 3676 1119 3738 damon
1142 3677 1299 3756 scripulos
1320 3674 1487 3752 fabricare,
1576 3723 1577 3756 f

219 3766 435 3829 commovendo
459 3764 657 3844 sangrrinem,
678 3766 833 3827 alterando
853 3765 1013 3837 humores
1028 3763 1114 3826 varia
1132 3764 1294 3828 simulacro
1314 3763 1490 3846 phantasia
1576 3759 1577 3795 r

219 3854 401 3936 ohJiciendo,
418 3852 530 3934 species
544 3851 679 3916 diversas
698 3854 918 3934 componendo,
934 3855 969 3914 ut
988 3851 1128 3916 tetricam
1142 3860 1173 3916 et
1191 3853 1299 3918 falsam
1316 3853 1490 3934 imaginem

212 3943 330 4024 peceati
343 3943 497 4019 efformet,
512 3947 650 4006 mentem
667 3942 843 4018 conturbet,
858 3939 1024 4021 aprofeotu
1037 3939 1192 4022 spirituali
1204 3943 1356 4017 retrahat,
1371 3949 1403 4004 et
1416 3948 1490 4004 tan-

217 4033 335 4094 demin
348 4032 446 4096 animi
458 4029 671 4113 dejectionem,
685 4030 733 4092 vel
746 4029 841 4093 etiam
854 4031 888 4092 in
900 4030 1141 4111 desperationem
1152 4031 1303 4112 conjiciat.

253 4124 289 4185 3⁰
307 4119 480 4203 Complosio
498 4119 715 4182 melancholica
728 4128 757 4182 et
771 4117 985 4201 phlepmottoe.
1006 4119 1217 4184 Meleneholici
1231 4119 1317 4184 enim
1336 4127 1411 4184 sunt
1426 4121 1493 4201 ple·

218 4227 354 4291 rumque
378 4210 561 4292 suspioaees,
582 4226 761 4290 rerumque,
787 4226 863 4289 quas
889 4207 1136 4290 apprehendunt,
1157 4215 1291 4284 tenaces,
1312 4215 1343 4272 et
1361 4208 1493 4289 proinde

222 4298 312 4380 proni
331 4298 369 4360 ad
385 4317 508 4362 omnem
524 4297 600 4362 mali
619 4297 839 4378 suspicionem
853 4296 1050 4379 phlegmatici
1068 4304 1188 4372 summ,
1203 4315 1274 4361 eum
1292 4296 1411 4378 frigide
1426 4297 1495 4360 sint

220 4386 454 4468 complexionis,
464 4386 584 4452 facilius
601 4385 707 4451 timori
721 4391 752 4450 et
765 4385 1015 4467 pusillanimitati
1032 4385 1155 4450 obnoxii
1172 4391 1495 4468 santonicamque

214 4491 255 4556 ad
269 4490 404 4575 primam
420 4491 495 4555 mali
510 4491 650 4573 speciem.
