3168 5002
182 141 226 200 56
608 155 730 200 sanies
757 153 1031 198 ennosouoevcs

181 263 367 320 offensionem
382 263 481 332 veriti,
501 263 666 337 captionum
686 279 803 320 suarum
822 262 941 334 laqueos
961 278 1090 336 persaepe
1109 261 1226 318 student
1245 261 1374 318 subdolis
1393 279 1463 320 ver-

182 344 282 400 berum
295 342 451 399 involucris
468 343 616 416 obtegere,
630 346 663 400 ut
679 344 754 400 inter
770 343 940 401 discrimina
958 359 1096 400 sensuum
1111 341 1148 416 (a)
1164 342 1257 400 lateus
1268 359 1348 398 error
1360 342 1462 400 lenius
1563 355 1564 416 t

182 423 284 480 inlluat
298 423 328 478 in
343 422 469 490 animos,
485 423 591 495 fiatque
606 424 654 492 ut,
674 424 806 496 corrupta
820 439 870 496 per
884 423 1087 480 brevissimam
1100 422 1291 494 adjectionem
1311 423 1363 478 aut
1382 438 1465 480 00111-
1563 419 1564 488 ᾗ

182 504 368 561 mutationem
393 502 513 559 veritate
537 504 701 572 sententiae,
726 505 884 572 confessio,
908 519 972 575 quae
998 501 1122 560 salntem
1150 503 1330 574 operabatur,
1355 503 1464 560 subtili

183 585 305 656 quodam
320 582 441 638 transitu
457 587 555 654 vergat
569 584 599 640 in
613 585 743 641 mortem.
756 585 849 657 htque
863 583 923 640 heec
933 583 1048 656 quidem
1059 582 1188 640 involuta
1199 581 1286 638 fallax
1295 582 1464 641 disserendi
1563 611 1564 660 ;

184 664 271 732 ratio,
288 678 352 718 curn
366 663 396 717 in
410 664 489 718 omni
503 663 642 721 orationis
656 680 761 736 genere
774 664 880 720 vitiosa
890 663 947 732 est,
957 665 1019 720 tum
1030 663 1060 718 in
1071 662 1184 736 Synodo
1196 661 1315 718 minime
1330 663 1462 734 ferenda,

183 745 267 815 cujus
282 743 327 798 est
346 741 407 798 haec
422 742 487 801 laus
502 744 662 817 praecipua,
677 761 740 802 eam
760 745 790 800 in
805 744 931 802 docendo
946 743 1103 800 dilucidam
1115 742 1274 799 consectari
1289 742 1404 800 dicendi
1419 757 1466 797 re·
1563 761 1564 812 3

184 824 305 892 tionem,
321 839 384 895 quae
396 823 509 880 nullum
523 823 689 881 offensionis
703 824 863 898 periculum
877 824 1031 896 relinquat.
1047 824 1109 893 Quo
1127 822 1158 880 in
1174 839 1278 895 genere
1297 823 1416 897 proinde
1436 821 1466 878 si

185 901 254 976 quid
269 903 417 976 peccatum
432 905 485 974 sit,
499 904 553 960 hae
568 906 706 978 nequeat,
718 921 782 978 quae
794 905 889 961 allerri
905 903 992 973 solet,
1008 903 1131 961 subdola
1141 905 1325 961 excusatione
1334 903 1465 972 delendi,
1563 887 1564 948 1

186 982 275 1056 quod,
292 999 354 1058 quea
367 983 474 1042 alicubi
487 984 588 1042 durius
603 984 680 1042 dicta
694 985 867 1054 exciderint,
883 1001 918 1042 ea
937 984 1008 1040 locis
1027 983 1095 1042 aliis
1121 983 1235 1057 planius
1255 983 1396 1058 explicate
1411 984 1466 1039 aut
1563 1027 1564 1054 ,

186 1064 273 1120 etiarn
288 1065 415 1120 correcta
429 1065 609 1138 reperiantur
621 1083 628 1120 :
640 1065 723 1138 quasi
738 1080 842 1138 procax
856 1065 956 1122 isthaec
968 1063 1132 1121 affirmandi
1142 1063 1301 1135 etnegandi
1314 1080 1348 1120 ac
1362 1078 1466 1120 secum
1563 1075 1564 1114 v

186 1160 237 1217 pro
252 1143 341 1218 libitou
349 1145 495 1217 pugnandi
508 1145 639 1215 licentia,
655 1162 719 1217 quae
733 1144 916 1203 fraudulenta
928 1161 1041 1219 semper
1055 1144 1110 1200 luit
1123 1146 1291 1202 novatorum
1304 1144 1412 1200 astutia
1426 1141 1466 1198 ed
1563 1175 1564 1214 ss

187 1225 459 1280 circumventionem
473 1225 591 1294 erroris,
608 1242 664 1281 non
678 1225 775 1299 potius
790 1225 827 1282 ad
841 1225 1018 1299 prodendum
1031 1239 1116 1296 quarn
1131 1223 1167 1280 ad
1181 1223 1376 1282 excusandum
1390 1238 1469 1280 erro-
1563 1249 1564 1258 ³

188 1320 248 1361 rem
261 1303 369 1360 valeret
384 1323 390 1359 :
406 1307 455 1361 aut
470 1306 552 1377 quasi
567 1305 688 1364 rudibus
706 1306 881 1380 praesertim,
899 1305 949 1378 qui
971 1305 1002 1361 in
1019 1305 1093 1361 hanc
1108 1304 1153 1360 vel
1170 1303 1252 1360 illam
1266 1306 1337 1361 lorte
1357 1303 1469 1360 incide-

188 1385 246 1441 rint
260 1387 369 1458 partem
384 1384 490 1456 Synodi
502 1385 614 1457 vulgari
627 1385 726 1457 lingua
741 1386 874 1442 omnibus
886 1385 1038 1459 exposite,
1050 1386 1156 1458 praesto
1169 1401 1282 1458 semper
1295 1385 1394 1442 essent
1406 1381 1469 1440 alia

189 1481 251 1537 quae
266 1463 445 1538 inspicienda
457 1465 550 1521 forent
565 1465 697 1539 dispersa
711 1464 788 1536 loca,
803 1467 852 1522 aut
866 1465 914 1522 his
928 1465 1014 1522 eliam
1029 1465 1170 1538 inspectis
1180 1464 1252 1520 satis
1263 1466 1365 1537 cuique
1376 1461 1470 1521 110111-
1563 1517 1564 1538 ,

189 1545 256 1601 tatis
272 1546 436 1618 suppeteret
449 1544 484 1601 ad
504 1561 539 1601 ea
557 1546 599 1602 sic
615 1563 664 1619 per
684 1562 750 1602 sese
764 1545 973 1619 componenda,
994 1544 1039 1616 ut,
1062 1544 1301 1617 quemadmodum
1316 1560 1468 1618 perperam
1563 1571 1564 1604 1

189 1625 238 1682 1111
251 1625 397 1694 effutiunt,
414 1625 518 1682 erroris
534 1643 617 1682 omne
628 1625 787 1700 periculum
797 1627 923 1697 effugere
935 1625 1071 1682 valerent.
1083 1623 1327 1682 Eritiosissimum
1340 1625 1469 1698 prolecto
1563 1629 1564 1690 ξ

189 1704 356 1762 insinuandi
377 1706 482 1762 erroris
503 1706 673 1774 artificium,
690 1706 765 1778 quod
788 1705 819 1762 111
842 1704 1149 1780 Constantinopolitani
1172 1705 1320 1762 Antistitis
1339 1703 1468 1761 Nestorii

188 1785 295 1842 litteris
315 1787 376 1857 jam
397 1787 466 1842 olim
492 1786 636 1860 sapienter
659 1785 802 1844 detectum
829 1786 1001 1857 gravissima
1023 1784 1246 1859 reprehensione
1268 1784 1468 1842 Praedecessor
1563 1789 1564 1824 l

190 1867 286 1922 noster
301 1865 473 1924 Coelestinus
490 1863 532 1939 [bl
548 1867 699 1936 coarguit:
722 1867 827 1938 quihus
849 1883 952 1939 nempe
970 1867 1000 1922 in
1019 1864 1126 1922 litteris
1145 1867 1304 1937 vestigatus
1324 1868 1469 1921 veterator
1563 1863 1564 1924 Ϊ

191 1946 255 2014 ille,
272 1945 519 2019 deprehensus,et
532 1947 641 2015 tentus,
657 1962 709 2003 suo
722 1941 752 2002 se
764 1946 946 2019 multiloquio
958 1945 1146 2014 labelaciens,
1160 1945 1227 2002 dum
1238 1963 1305 2003 vera
1317 1945 1470 2001 involvens
1563 1989 1564 1994 ,

190 2026 336 2095 obscuris,
358 2031 474 2096 rursus,
499 2027 619 2098 utraque
638 2025 829 2096 contundens,
854 2027 898 2082 vel
919 2025 1101 2083 confiteretur
1122 2027 1238 2098 negata,
1260 2026 1307 2082 vel
1327 2026 1469 2082 niteretur
1563 2029 1564 2102 ,

191 2121 296 2176 negare
310 2106 452 2162 consessa.
466 2104 507 2162 hd
523 2122 594 2178 quas
610 2105 794 2180 depellendas
812 2106 951 2173 insidias,
966 2105 1088 2161 nimium
1104 2122 1180 2179 saepe
1193 2106 1271 2163 omni
1285 2107 1369 2162 aetate
1381 2121 1469 2162 reno·
1563 2105 1564 2152 l

191 2188 283 2253 vates,
300 2201 355 2240 non
371 2184 428 2240 elia
443 2186 534 2259 potior
547 2187 593 2242 via
610 2185 682 2244 inita
694 2186 847 2258 est,quam
862 2187 907 2254 ut,
926 2186 962 2242 iis
977 2185 1152 2260 exponendis
1168 2187 1319 2242 sententiis
1335 2202 1397 2258 quae
1413 2184 1470 2242 sub
1563 2217 1564 2256 ,

192 2264 314 2322 latibulo
328 2265 525 2335 ambiguitatis
536 2267 726 2340 periculosam
743 2266 990 2338 suspiciosamqne
1005 2264 1155 2321 involvunt
1168 2265 1390 2340 discrepantiam
1406 2281 1473 2322 sen·

193 2361 293 2412 suum,
310 2361 445 2418 perversa
459 2346 631 2418 significatio
646 2346 801 2414 notaretur,
815 2345 861 2402 cui
876 2346 1009 2402 subesset
1018 2362 1096 2402 error
1108 2361 1191 2417 quem
1202 2345 1342 2402 catholica
1356 2345 1474 2402 senten·
1563 2349 1564 2422 ᾖ

193 2426 234 2481 tia
250 2425 422 2498 reprobaret.

230 2515 321 2584 Quam
336 2515 364 2570 et
378 2529 430 2571 nos
445 2513 650 2571 moderationis
662 2515 777 2589 plenam
793 2515 932 2571 rationem
946 2531 979 2571 eo
994 2513 1132 2571 libentius
1142 2513 1267 2590 amplexi
1279 2530 1395 2583 sumus,
1413 2531 1473 2587 qno

194 2595 287 2666 magis
301 2594 337 2650 ad
356 2593 582 2651 reconciliandos
597 2595 707 2652 animos
722 2598 750 2651 et
764 2595 800 2651 ad
813 2595 952 2652 unitatem
973 2595 1093 2668 spiritus
1112 2595 1143 2652 in
1155 2594 1270 2652 vinculo
1288 2594 1368 2666 pacis
1380 2595 1475 2652 addn·
1563 2585 1564 2650 1

195 2675 300 2733 candos
311 2675 399 2748 (quod
417 2675 529 2732 lavante
544 2678 602 2732 Deo
619 2676 650 2732 111
664 2675 797 2749 pluribus
817 2675 975 2750 gaudemus
991 2677 1051 2748 J'am
1069 2675 1190 2734 leliciter
1206 2674 1350 2748 evenisse]
1365 2691 1474 2747 magno
1563 2685 1564 2756 1

195 2756 255 2812 lore
270 2754 434 2828 adjumento
452 2757 670 2831 prospeximus,
686 2755 836 2830 providere
851 2755 975 2829 primum
990 2773 1026 2812 ne
1037 2754 1232 2830 pertinacibus
1249 2756 1287 2828 (si
1302 2755 1353 2830 qui
1368 2772 1475 2830 super·
1563 2757 1564 2830 l

196 2836 293 2903 erunt,
315 2835 389 2907 quod
407 2839 483 2894 Deus
502 2839 626 2907 avertat,
640 2837 745 2908 Synodi
769 2837 959 2892 sectatoribus
979 2838 1121 2908 integrum
1137 2834 1176 2893 sit
1191 2837 1310 2910 posthac
1325 2836 1363 2892 ad
1381 2853 1473 2892 novas

196 2915 295 2971 turbas
310 2915 442 2984 ciendas,
454 2918 541 2988 justae
553 2933 613 2973 suae
627 2917 819 2974 damnationis
832 2919 978 2974 consortes
989 2915 1079 2974 veluti
1091 2933 1123 2973 ac
1132 2917 1226 2973 socias
1240 2917 1296 2972 sihi
1310 2917 1476 2974 adsciscere

198 2994 311 3052 scholas
325 2994 497 3065 catholicas,
513 3013 584 3069 quas
599 2997 705 3052 invitas
722 2997 807 3070 plane
827 3013 860 3053 ac
879 2999 1086 3070 repugnantes,
1101 3013 1151 3070 per
1166 2997 1304 3054 detortam
1320 2996 1474 3069 quamdam

197 3077 328 3132 allinium
340 3076 542 3134 vocabulorum
562 3077 797 3146 similitudinem,
817 3077 847 3132 in
867 3094 1002 3151 expressa
1019 3094 1105 3151 quam
1124 3076 1185 3134 illae
1203 3078 1345 3134 testantur
1362 3077 1478 3134 senteu—
1563 3113 1564 3156 4

197 3159 303 3215 tiarum
323 3156 576 3226 dissimilitudine,
601 3157 631 3213 in
651 3159 747 3230 partes
769 3173 838 3214 suas
860 3159 1024 3231 pertrahere
1046 3159 1189 3214 nituntur.
1209 3158 1332 3228 Deinde,
1352 3158 1378 3216 si
1401 3173 1477 3230 quos
1563 3159 1564 3224 ,

198 3238 395 3313 imprudentes
418 3236 517 3310 aliqua
538 3237 640 3294 lelellit
662 3235 756 3294 adhuc
774 3239 968 3312 praeconcepta
986 3237 1083 3295 nullior
1101 3238 1196 3313 opinio
1222 3237 1259 3295 de
1276 3237 1402 3310 Synodo,
1426 3237 1478 3294 his
1563 3237 1564 3298 t

163 3357 168 3378 .
199 3321 286 3378 etiam
306 3317 399 3376 omnis
419 3317 611 3390 conquerendi
630 3316 710 3374 locus
729 3317 932 3391 praecludatur,
953 3318 1016 3390 qui,
1041 3319 1067 3376 si
1089 3319 1167 3375 recia
1185 3318 1301 3392 sapiunt
1320 3316 1364 3390 (ut
1383 3315 1478 3374 videri
1563 3315 1564 3382 J

199 3399 330 3472 volunt),
353 3415 429 3470 aegre
452 3398 526 3455 lerre
544 3399 688 3471 nequeant
710 3397 854 3454 doctrinas
876 3398 1005 3456 damnari
1030 3399 1073 3456 sic
1095 3397 1260 3468 denotatas,
1280 3415 1344 3472 quae
1362 3413 1478 3455 errores

200 3498 258 3555 prae
276 3496 307 3537 se
322 3479 413 3536 ierant
428 3495 444 3534 a
460 3477 565 3550 quibus
577 3477 634 3552 ipsi
649 3477 817 3552 profitentur
832 3495 863 3535 se
875 3478 1047 3550 longissime
1058 3478 1172 3535 abesse.

235 3576 364 3636 Necdum
379 3577 473 3633 11111111
493 3575 563 3632 salis
577 3591 613 3631 ex
627 3575 724 3632 animo
737 3574 849 3632 lenitati
868 3578 974 3632 nostrae
992 3575 1100 3631 laetum
1118 3574 1299 3648 putavimus,
1313 3591 1365 3632 seu
1379 3575 1479 3632 verius
1563 3565 1564 3614 ἕ

202 3657 335 3715 charitati
360 3673 423 3730 que
441 3657 525 3727 urget
544 3671 599 3712 nos
623 3671 692 3728 erge
711 3657 837 3714 Fratrem
858 3657 1002 3726 nostrum,
1021 3655 1074 3711 cai
1099 3655 1177 3712 omni
1202 3671 1256 3730 ope
1274 3653 1480 3724 1111111111,11’
1563 3693 1564 3728 5

203 3737 302 3795 adbuc
318 3753 494 3813 possumus,
509 3734 735 3809 1111101111νο11).
750 3737 880 3794 Charitas
901 3751 1004 3808 nempe
1018 3734 1069 3790 illa
1083 3735 1167 3808 urget
1184 3752 1254 3807 nos,
1265 3753 1325 3808 que
1338 3735 1478 3792 inductus
1563 3735 1564 3776 ἕ

201 3817 396 3875 Praedocessor
410 3817 506 3872 noster
520 3813 692 3873 Coelestinus
705 3814 764 3889 td),
779 3817 867 3872 etiem
878 3820 984 3872 contra
1001 3813 1062 3887 ses,
1074 3830 1126 3872 seu
1141 3817 1241 3890 majori
1256 3831 1343 3890 quam
1356 3817 1401 3874 las
1412 3831 1479 3874 esse
1563 3847 1564 3892 ;

203 3896 347 3954 videretur
361 3895 511 3972 patientia,
525 3893 686 3950 sacerdotes
697 3894 881 3966 corrigendos
895 3896 1043 3968 expectare
1054 3909 1112 3951 non
1126 3895 1280 3953 abnuebat
1294 3896 1385 3968 llagis
1397 3895 1478 3954 euim
1563 3893 1564 3928 l

205 3992 269 4034 cum
291 3977 452 4049 Augustino
476 3973 709 4047 Milevitanisque
729 3973 863 4032 Patribus
884 3973 1017 4032 volumus
1035 3975 1066 4031 ct
1088 3979 1220 4051 optamus
1238 3975 1371 4034 homines
1391 3991 1479 4051 prava

236 4237 270 4302 [a]
288 4237 314 4287 S.
330 4237 380 4286 Leo
394 4237 518 4301 Magnus,
533 4235 609 4301 epist.
624 4247 711 4295 exrrx,
728 4231 789 4284 edit.
804 4232 924 4285 Ballerin.

236 4306 272 4372 (b)
288 4307 316 4357 S.
330 4305 479 4358 Caelestinus
497 4309 520 4370 l,
534 4307 609 4372 epist.
623 4319 680 4365 xm,
693 4316 766 4355 num.
783 4310 812 4367 2,
826 4303 896 4369 apud
908 4304 995 4355 coust.

236 4379 268 4442 (a)
284 4377 332 4438 ld.,
347 4377 422 4442 epist.
435 4391 486 4438 xvv,
501 4375 674 4442 adpopatam
693 4375 753 4438 GP„
769 4389 841 4428 num.
857 4381 884 4441 a,
900 4375 969 4440 apud
982 4376 1067 4426 coust.

239 4449 274 4515 (d)
291 4449 375 4514 Epist.
387 4463 446 4513 xnr,
458 4449 496 4499 ad
503 4450 617 4510 Neston,
626 4459 700 4511 num,
712 4453 736 4501 9.
