3206 5024
551 259 594 303 011
614 229 815 304 1111111111
834 257 1014 304 01111001
1354 248 1422 308 313

188 371 278 453 Resp.
294 375 327 433 10
341 368 420 452 Nep.
424 415 433 446 ,
451 369 578 432 omnino
591 374 659 449 post
672 370 791 432 illatam
800 369 967 450 injuriam,
981 369 1054 451 quia
1063 369 1095 432 id
1110 388 1171 432 non
1186 374 1263 434 esset
1277 390 1308 433 se
1322 370 1423 436 defen-

151 461 219 524 dere
233 460 282 521 sed
300 458 464 520 vindicare.
788 477 790 481 ·

189 549 276 630 neap.
303 551 338 610 2⁰
359 545 435 627 Nep.
460 547 571 622 etiam,
598 547 705 610 saltem
722 547 859 630 practice
879 548 1045 629 loquendo,
1070 547 1097 610 si
1118 552 1225 628 agatur
1250 551 1286 612 de
1309 567 1423 630 preve-

149 636 260 700 m'onda
273 638 327 698 aut
342 636 546 716 propulsanda
559 635 690 716 injuria,
705 635 778 716 quia
793 637 890 699 honor
904 635 971 699 aliis
987 635 1098 700 mediis
1111 637 1291 719 plerumque
1306 639 1422 702 servari

150 729 254 806 potest,
264 725 390 804 ideoque
400 724 551 804 aggressio
560 724 684 786 honoris
694 742 766 786 cum
780 724 970 804 aggressione
979 725 1050 787 rita
1061 725 1252 807 aliorumque
1265 727 1418 792 bonorum

149 831 211 876 non
226 817 323 892 potest
336 813 515 893 comparari.
533 811 707 876 Innumeris
723 819 868 892 preterea
881 814 1015 876 cedibus
1029 813 1118 876 aliter
1131 819 1245 894 pateret
1261 815 1375 878 aditus.

187 900 297 964 Idcirco
318 901 489 964 Alexander
510 903 564 962 VII
586 900 698 963 merito
724 901 883 964 damnavit
905 907 1080 983 sequentem
1105 903 1341 983 propositionem
1363 923 1424 968 nu-

145 1007 226 1051 mero
253 994 348 1053 18²¹:
374 991 459 1052 Licet
481 989 653 1072 interficere
673 988 783 1068 salsam
802 999 1020 1065 damnatorem,
1043 990 1257 1071 solemneter,
1284 1001 1313 1054 et
1332 997 1422 1056 etiam

138 1077 274 1157 pellacem
296 1097 315 1139 a
339 1097 395 1160 qao
416 1079 554 1140 imminet
574 1079 692 1159 injusta
708 1082 869 1154 sententia,
894 1083 921 1139 si
943 1079 1007 1140 alia
1026 1079 1076 1142 aia
1096 1099 1154 1141 non
1170 1089 1266 1162 potest
1284 1081 1422 1144 innocens

143 1165 287 1228 damnum
301 1168 412 1230 111111.
428 1168 562 1230 Attende
580 1166 708 1247 insuper
724 1167 763 1228 ad
776 1166 1013 1247 propositionem
1027 1173 1098 1232 30⁵³
1114 1168 1152 1230 ab
1166 1171 1269 1233 Innoc.
1282 1172 1322 1233 XI
1337 1165 1421 1232 dani-

142 1258 245 1316 natam
266 1255 349 1317 :Fas
363 1263 409 1317 est
426 1259 493 1317 viro
512 1257 659 1317 honorato
679 1255 811 1317 occidere
830 1259 1015 1331 invasorem,
1035 1257 1091 1338 qui
1107 1257 1220 1319 nititur
1240 1259 1422 1321 calumniam

143 1341 274 1422 inferre,
293 1345 322 1404 si
343 1344 436 1406 aliter
458 1345 521 1407 daea
541 1345 692 1406 calomnia
706 1346 803 1406 vitari
821 1345 924 1426 nequit
939 1363 952 1404 .·
971 1345 1050 1406 idem
1069 1365 1187 1428 quoqne
1205 1347 1376 1421 dicendam,
1395 1350 1423 1409 si

144 1433 374 1514 qnisimpc'npat
386 1432 507 1514 alapam
523 1431 569 1494 vel
580 1432 661 1514 susle
669 1435 839 1514 perantiae,
854 1442 955 1514 etpost
966 1435 1128 1515 impactam
1141 1434 1261 1514 alapam
1271 1435 1318 1496 ael
1328 1437 1421 1517 saetis

143 1519 233 1582 ictum
246 1521 361 1602 sapiat.
378 1558 419 1567 —
432 1521 510 1584 Vide
523 1519 558 1581 S.
575 1521 645 1602 Lip.
663 1543 693 1582 n.
710 1525 780 1584 381.
798 1557 837 1566 -
858 1521 946 1598 Viva,
961 1522 993 1582 in
1004 1541 1098 1604 prop.
1115 1527 1153 1586 l'l
1169 1529 1200 1584 et
1215 1527 1253 1586 l8
1267 1523 1367 1586 damn.
1382 1525 1420 1585 ab

143 1606 231 1670 Alea.
256 1609 326 1672 Vll.

265 1739 474 1804 Resolves.

181 1869 405 1930 399.-1οΝ011
413 1865 624 1929 lieetoocidere
638 1866 737 1928 furem
751 1865 936 1928 auferentem
947 1883 1013 1928 rem
1027 1865 1157 1928 minoris
1169 1868 1316 1928 momenti
1327 1867 1420 1931 etiam

141 1970 214 2016 eum
229 1955 403 2018 resistentia
417 1954 555 2030 domini;
577 1955 664 2036 quia,
683 1955 755 2017 licet
770 1954 839 2017 talis
858 1955 986 2030 ablatio,
1003 1955 1118 2036 alioqui
1131 1973 1167 2017 11
1183 1955 1312 2018 materia
1326 1957 1417 2033 levis,

139 2041 194 2104 fiat
208 2062 281 2106 cum
296 2042 416 2124 speciali
435 2045 501 2123 ejus
520 2042 637 2125 injuria
656 2044 693 2106 ob
707 2043 900 2118 violentiam,
917 2043 1067 2125 ejusmodi
1081 2049 1187 2106 tamen
1202 2043 1318 2125 injuria
1329 2047 1420 2125 juxta

140 2127 308 2194 hominum
328 2130 564 2194 estimationem
578 2131 679 2211 gravis
693 2150 755 2194 non
771 2137 919 2194 censetur.
933 2130 968 2193 S.
984 2133 1053 2214 Lip.
1069 2152 1100 2193 n.
1116 2136 1185 2196 383.
1202 2133 1350 2194 Attamen
1367 2133 1419 2195 do-

138 2219 248 2281 minus
261 2239 322 2282 non
337 2226 459 2282 tenetur
474 2237 540 2281 rem
555 2220 722 2296 dimittere,
732 2225 771 2294 et,
785 2225 901 2284 serrato
908 2221 1117 2283 moderamine
1129 2221 1290 2301 inculpata
1303 2222 1416 2297 tutele,

139 2311 243 2386 potest
260 2326 290 2369 se
305 2307 475 2382 defendere,
490 2307 516 2370 si
533 2309 609 2370 alter
625 2309 663 2370 ad
677 2327 745 2371 eam
758 2308 954 2371 auferendam
965 2309 1031 2372 rim
1042 2327 1177 2390 personae
1193 2308 1314 2372 inferat.

181 2399 216 2457 2⁰
228 2400 295 2460 Non
311 2396 381 2458 licet
395 2395 564 2476 generatim
580 2415 652 2458 earn
672 2398 804 2460 occidere
821 2396 875 2479 qui
890 2416 973 2460 mere
992 2397 1218 2478 aggressionem
1236 2398 1418 2476 minitatum

139 2483 215 2564 quie
236 2502 384 2564 magnum
405 2491 437 2547 el
458 2482 599 2566 frequens
619 2485 654 2547 in
676 2486 733 2548 1101
758 2504 821 2548 esse
846 2493 947 2566 potest
967 2485 1213 2549 hallucinationis
1234 2487 1416 2567 paricidam.

137 2571 232 2633 Serus
246 2591 331 2649 vero,
348 2573 374 2634 si
387 2579 467 2636 certo
479 2579 596 2636 constet
610 2574 751 2655 deprava
765 2575 949 2656 aggressoris
964 2575 1136 2650 voluntate,
1149 2592 1203 2636 neo
1212 2574 1345 2655 periculo
1359 2576 1419 2638 alia

138 2659 259 2722 ratione
272 2662 389 2724 occurri
400 2662 507 2743 possit.

180 2752 213 2812 30
227 2753 295 2814 Non
309 2749 379 2814 licet
393 2751 524 2814 occidere
539 2769 745 2832 aggressuram
759 2758 828 2833 post
847 2752 979 2828 factrnn,
996 2751 1069 2832 qrria
1087 2758 1166 2816 esset
1187 2752 1338 2826 vindicta,
1355 2771 1418 2815 non

140 2835 282 2900 defensio.
302 2839 473 2920 Excipitur,
490 2842 612 2920 quando
626 2840 776 2920 aggressio
795 2843 947 2923 effective,
961 2847 996 2903 ut
1012 2841 1116 2918 aiunt,
1129 2842 1164 2902 in
1178 2841 1251 2921 fuga
1265 2859 1418 2921 aggressa

139 2923 182 2986 ris
193 2943 261 2988 rem
274 2926 421 2989 furtivam
437 2927 603 2990 auferentis
617 2929 803 3008 perduraret.
824 2965 863 2974 -
879 2929 930 2992 Ita
943 2931 1147 2992 communiter.

177 3019 211 3076 10
226 3017 295 3077 Non
308 3015 378 3078 licet
390 3016 498 3096 puellae
514 3015 647 3078 occidere
661 3035 866 3098 aggressorem
880 3017 1005 3080 honoris
1025 3017 1074 3079 sui
1091 3025 1161 3098 post
1175 3019 1415 3099 oppressionem;

137 3105 238 3181 petest
246 3104 443 3166 tamenillum
450 3109 641 3185 percutereet
650 3105 730 3168 male
742 3107 995 3186 acerbissimeque
1003 3109 1141 3182 tractare,
1149 3109 1322 3188 presertim
1330 3108 1413 3190 quia,

137 3189 198 3252 nisi
213 3191 271 3254 tali
281 3193 371 3255 modo
385 3191 589 3255 constantiam
599 3211 688 3255 suam
699 3201 730 3256 et
739 3195 964 3276 displicentiam
974 3195 1129 3270 ostendat,
1144 3214 1207 3258 nou
1219 3195 1305 3258 facile
1320 3197 1415 3257 disce-

138 3277 188 3340 det
197 3281 292 3344 homo
302 3300 450 3362 nequam,
463 3282 611 3344 autfacile
625 3283 664 3345 ad
679 3282 1208 3364 1011111110111111111111100111118.
1225 3285 1328 3365 Lipn.
1343 3288 1413 3346 386.

176 3372 210 3430 5⁰
226 3373 294 3433 Non
307 3370 390 3446 licet,
407 3371 514 3432 saltem
529 3374 661 3449 practice
674 3371 839 3452 loquendo,
856 3372 922 3435 viro
936 3371 1029 3434 etiam
1044 3373 1192 3436 honorato
1210 3389 1415 3452 aggressuram

136 3457 292 3520 volentem
310 3459 429 3539 alapam
447 3459 616 3540 impingere
635 3459 782 3523 occisione
800 3479 1022 3541 preoccupare3
1040 3480 1159 3542 semper
1173 3461 1257 3523 enim
1271 3460 1342 3539 fuga
1360 3465 1415 3523 aut

137 3544 196 3608 alia
210 3547 264 3610 via
277 3547 398 3628 proprio
413 3547 523 3610 honori
539 3549 693 3610 consulere
706 3554 815 3628 potest.
835 3549 920 3612 Licet
935 3557 1040 3612 tamen
1056 3548 1280 3630 aggredientem
1296 3565 1411 3622 arcere,

93 3706 95 3712 Ι
137 3637 167 3694 11
179 3653 211 3698 se
226 3643 406 3716 promptum
420 3637 458 3698 ad
474 3637 628 3717 propriam
644 3635 850 3700 defensionem
865 3639 1030 3702 ostendere.
1047 3675 1087 3684 —
1102 3639 1139 3701 S.
1153 3637 1224 3718 Lip.
1239 3657 1270 3697 n.
1290 3641 1359 3700 331.
1374 3671 1415 3681 -

143 3719 178 3784 V.
193 3725 306 3802 Casca,
323 3747 355 3788 n.
372 3729 431 3790 390
445 3737 473 3787 el
487 3745 547 3808 seq.

640 3849 855 3914 ARTIGULUS
874 3849 914 3910 III

572 4005 611 4048 DE
632 4004 783 4048 oeelslona
804 4003 981 4048 renouandis

403 4141 424 4230 ξ
448 4141 475 4208 1.
500 4142 547 4208 Da
565 4141 729 4208 0111110111
747 4143 937 4208 innocentis
957 4141 1141 4227 impanare.

261 4311 484 4392 Principia.

177 4445 247 4505 loo.
268 4477 308 4486 -
326 4443 349 4502 l.
373 4445 539 4520 Nunquam
559 4439 628 4502 lieet
647 4439 758 4500 directe
776 4438 970 4501 innocentem
988 4435 1134 4511 occidere,
1152 4436 1216 4500 sire
1232 4436 1411 4501 auctoritate

138 4527 271 4607 privata,
289 4529 352 4593 sire
367 4528 503 4609 publiea,
520 4528 614 4592 etiam
630 4528 668 4590 ad
684 4527 801 4590 bonnm
821 4526 979 4607 publicum
1002 4527 1243 4606 procurandum
1261 4532 1308 4589 est
1326 4524 1410 4588 enim
