3202 5020
73 4169 149 4210 „w

193 191 256 252 106
727 203 933 247 nascamus

192 337 229 380 ex
240 325 327 398 perte
342 315 529 390 voluntatis,
546 333 615 396 quae
630 333 748 395 semper
760 315 872 395 gaudet
882 313 1025 376 facultate
1041 331 1072 375 se
1088 312 1313 375 determinandi
1327 311 1361 374 in
1372 330 1465 393 oppo-

192 406 299 468 situm.
317 441 357 450 —
371 403 405 466 S.
422 404 493 486 Lip.
510 425 542 466 11.
559 409 608 467 lt.
621 441 661 449 —
677 404 755 467 Hine
771 421 890 482 semper
908 408 945 463 ut
960 408 1106 482 apostata
1125 400 1170 464 illi
1186 399 1286 464 habiti
1304 406 1392 476 sunt,
1409 400 1467 480 qui

190 501 278 557 metu
294 499 519 558 tormentorum
533 492 608 554 vieti
623 493 730 556 Fidem
742 497 903 572 negarunt.

231 585 268 646 ll.
284 586 357 659 Qua
370 601 408 644 ex
423 588 510 644 metu
525 581 621 656 fiunt,
639 580 762 644 etiamsi
776 579 839 641 sint
854 579 1034 660 simpliciter
1048 579 1236 655 voluntaria,
1252 585 1358 642 tamen
1375 596 1467 658 regu-
1588 605 1589 656 3

191 670 296 733 lariter
310 677 385 734 sunt
399 668 494 732 etiam
509 669 717 732 involuntaria
728 668 886 731 secandum
898 668 973 750 quid
985 688 997 728 .·
1009 668 1092 730 unde
1104 675 1134 730 et
1148 669 1244 748 culpat
1258 667 1393 749 gravitas
1404 667 1467 729 mi·
1588 663 1589 718 1

191 760 311 822 nuitur.
326 759 415 824 Ratio
429 765 491 834 est,
507 758 595 839 quia,
611 776 647 820 ex
658 757 836 840 hypothesi,
849 775 921 820 cum
932 757 1003 836 quis
1018 757 1079 819 solo
1093 763 1180 819 metu
1190 757 1228 818 ad
1239 755 1394 836 agendum
1405 756 1467 818 im-
1588 783 1589 812 t

191 847 330 930 pellitur,
347 848 392 910 ita
405 847 482 928 agit,
497 853 533 909 ut
545 847 670 909 absente
685 853 771 926 metu
783 846 821 908 ab
836 847 951 926 agendo
966 845 1131 926 refugerem
1148 852 1240 926 atque
1254 845 1327 907 adeo
1339 862 1416 924 opus
1427 863 1468 907 ex
1588 881 1589 918 2

193 936 254 998 solo
273 943 359 999 metu
378 935 494 999 factum
516 935 662 998 sociatam
684 935 851 1016 quamdam
871 935 1040 997 voluntatis
1057 933 1220 997 tristitiam
1239 952 1273 996 ae
1290 951 1467 1013 repugnara-
1588 981 1589 1000 1

192 1024 269 1088 tiam
283 1025 353 1088 licet
366 1024 548 1087 inefficacem
561 1023 663 1086 habet.

231 1113 301 1176 Dixi
315 1113 509 1194 regulariter,
519 1113 677 1194 quietunc
689 1112 767 1175 actio
778 1121 871 1175 estex
883 1118 969 1175 metu
983 1111 1191 1176 involuntaria
1206 1110 1364 1174 secundem
1376 1112 1463 1192 quid,
1588 1101 1589 1110 ’

192 1220 264 1266 oum
278 1202 312 1264 in
329 1221 361 1264 se
376 1201 497 1264 odibilis
513 1208 559 1265 est
576 1201 746 1276 voluntati,
763 1201 905 1281 quamvis
921 1201 1047 1264 relative
1062 1208 1094 1264 ει
1109 1207 1258 1281 tanquam
1272 1199 1411 1263 medium
1425 1201 1467 1262 ad

192 1290 356 1352 vitandum
370 1291 489 1352 malum
501 1290 584 1371 quod
595 1289 734 1365 timetur,
749 1289 799 1352 hie
810 1295 841 1352 et
857 1307 940 1352 nunc
951 1288 1123 1370 expetibilis
1140 1297 1293 1369 appareat.
1310 1291 1379 1360 lam
1393 1305 1467 1352 vero

192 1377 224 1439 id
243 1379 512 1459 regulariterlnon
533 1383 637 1441 tamen
658 1378 826 1440 necessario
844 1385 876 1441 et
894 1395 1013 1458 semper
1029 1378 1141 1440 evenit.
1156 1377 1216 1454 0111
1234 1375 1327 1451 enim,
1348 1396 1377 1439 v.
1401 1395 1465 1458 ga,
1588 1377 1589 1406 ¹

191 1473 349 1546 peccatum
364 1467 444 1549 fugit
456 1469 495 1530 ad
508 1466 667 1530 vitandam
682 1466 867 1547 gehennam,
883 1484 936 1528 seu
948 1485 985 1528 ex
999 1473 1085 1529 metu
1099 1466 1257 1546 gehennae,
1274 1484 1338 1528 non
1352 1465 1466 1528 idcirco

191 1553 296 1635 fugam
311 1555 425 1637 peccati
443 1556 536 1618 hahet
553 1563 702 1636 tanquam
718 1554 863 1618 odibilem
878 1555 912 1617 in
924 1573 970 1630 se,
985 1574 1071 1618 secus
1080 1589 1091 1631 ,·
1104 1554 1136 1616 vi
1150 1555 1220 1617 talis
1235 1553 1464 1634 dispositionis,
1588 1599 1589 1628 ,

192 1661 310 1724 semper
323 1651 472 1724 peccaret,
490 1663 524 1706 ae
535 1647 617 1725 pejor
635 1643 730 1718 fieret,
746 1645 829 1724 quod
840 1663 858 1706 a
870 1643 961 1708 Coae.
979 1643 1115 1706 Trident.
1133 1643 1193 1706 dici
1209 1643 1388 1724 prohibetur
1404 1642 1465 1705 sub

191 1750 281 1811 paena
295 1732 516 1806 anathematis
531 1753 600 1794 sese.
617 1735 673 1807 Vl,
687 1752 754 1794 con.
769 1737 798 1796 8.

230 1822 281 1882 ΠΙ.
298 1821 330 1883 Si
347 1828 450 1884 metus
464 1820 593 1884 rationis
609 1839 703 1884 usum
722 1819 855 1896 auferat,
870 1827 971 1896 aetus,
988 1821 1036 1884 uti
1052 1827 1151 1902 patet,
1166 1819 1359 1883 voluntarius
1376 1819 1466 1884 nullo

192 1909 281 1971 modo
298 1928 362 1972 esse
376 1916 485 1990 potest.
510 1909 542 1971 Si
559 1916 665 1971 autem
683 1928 746 1972 non
760 1908 878 1972 auferat
892 1910 1018 1991 quidem
1034 1929 1127 1973 usum
1141 1907 1283 1985 rationiS,
1303 1908 1356 1970 sed
1370 1908 1466 1971 illum

189 1997 367 2060 notabiliter
382 1997 545 2078 impediat,
560 2004 646 2062 actus
663 1998 722 2061 erit
740 1998 913 2079 imperfecte
929 1999 1122 2062 voluntarius
1137 1998 1174 2062 ob
1190 1997 1399 2078 imperfectam
1415 1997 1464 2059 rei

190 2085 405 2164 cognitionem.

229 2175 281 2235 IV.
299 2177 399 2237 Metus
418 2175 475 2238 sub
490 2175 576 2238 omni
594 2181 731 2257 respectu
751 2177 826 2239 levis
846 2176 954 2239 saltem
968 2175 1002 2239 in
1019 2177 1082 2239 foro
1099 2181 1223 2239 externo
1241 2193 1304 2238 non
1322 2177 1465 2237 censetur

190 2268 316 2324 actuum
328 2281 419 2325 causa
433 2262 545 2326 efficax.
561 2265 765 2328 Praesumitur
775 2265 875 2341 enim,
892 2265 1041 2347 ejusmodi
1053 2265 1196 2327 timorem
1209 2263 1364 2327 contemni
1374 2263 1465 2325 facile

190 2350 341 2430 potuisse,
355 2357 448 2432 atque
463 2353 536 2415 adeo
548 2353 709 2416 hominem
722 2372 777 2416 sua
789 2372 915 2434 prorsus
931 2361 1038 2435 sponte
1050 2353 1157 2433 egisse.

309 2529 519 2596 Resolves.

229 2686 278 2745 10.
292 2719 332 2728 -
344 2690 377 2747 1⁰
388 2686 488 2747 Metus
504 2685 580 2748 levis
593 2703 755 2766 uunquam
769 2704 787 2748 a
804 2693 924 2767 peceato
940 2685 1025 2767 gravi
1042 2703 1184 2748 excusare
1200 2688 1313 2765 potest,
1327 2684 1465 2747 1111111111-
1588 2693 1589 2778 1

189 2771 266 2832 teria
278 2771 418 2853 praecepti
431 2773 534 2836 violati
550 2773 653 2854 gravis
664 2781 720 2836 εει.

228 2862 262 2920 00
276 2862 374 2922 Metus
391 2861 485 2923 etiam
502 2861 603 2942 gravis
619 2881 681 2925 non
698 2871 823 2926 excusat
834 2883 894 2946 per
906 2885 936 2927 se
949 2882 967 2926 a
978 2870 1098 2945 peccato
1114 2862 1252 2938 mortali,
1266 2864 1368 2926 neede
1379 2880 1464 2925 mor·
1588 2873 1589 2902 t

190 2947 245 3008 tali
257 2947 375 3009 veniale
388 2947 471 3025 facit,
486 2950 603 3030 quoties
616 2950 740 3014 violatio
755 2953 834 3015 cedit
848 2951 882 3014 in
897 2959 1108 3033 contemptum
1121 2952 1206 3016 muci
1217 2953 1265 3015 vel
1278 2950 1462 3032 Religionis,
1588 2971 1589 2980 ¹

189 3041 220 3096 ει
234 3035 404 3114 generatim
422 3039 542 3116 quoties
561 3039 611 3100 lex
625 3057 687 3101 non
706 3046 802 3103 cessat
819 3047 943 3122 propter
962 3059 1053 3120 grave
1069 3040 1192 3121 aliquod
1211 3041 1461 3115 incommodum,

189 3128 227 3185 ut
243 3121 325 3184 infra
339 3123 458 3187 dicetur
471 3125 506 3188 in
523 3126 623 3188 Tract.
638 3127 675 3189 de
691 3128 765 3212 Lep.
782 3149 815 3193 n.
830 3133 898 3193 108.
916 3133 1067 3192 Caeterum
1080 3135 1197 3192 remoto
1215 3129 1366 3216 ejusmodi
1380 3129 1464 3208 peri-

189 3211 266 3286 culo,
278 3217 379 3274 metus
394 3213 494 3292 gravis
504 3222 628 3277 excusat
642 3233 660 3278 a
673 3216 737 3298 lege
747 3217 900 3294 humanm
915 3218 989 3298 quia
1003 3235 1065 3279 non
1074 3223 1214 3280 censetur
1224 3216 1378 3298 legislator
1388 3235 1464 3280 caua

188 3303 275 3362 tanto
289 3299 482 3364 incommodo
498 3302 714 3383 obligationem
728 3305 803 3386 legis
817 3325 924 3387 urgere
938 3305 1023 3368 velle.

229 3392 262 3452 3⁰
272 3391 386 3464 Metus,
403 3389 430 3452 si
444 3390 594 3454 rationem
605 3393 776 3474 perturbet,
790 3401 915 3457 excusat
927 3414 944 3456 a
957 3393 1090 3470 mortali,
1106 3401 1252 3477 utsupra
1266 3395 1460 3471 dictumest,

189 3477 243 3539 ubi
257 3476 295 3539 de
308 3478 565 3559 concupiscentie,
579 3501 611 3542 n.
628 3487 678 3546 15.

228 3571 262 3628 4⁰
279 3571 378 3630 Metus
397 3567 434 3630 ab
446 3567 612 3634 intrinseco
624 3571 671 3633 1·ε1
688 3589 706 3633 a
721 3571 822 3634 causis
836 3573 1030 3636 naturalibus
1045 3571 1243 3654 proveniens,
1256 3591 1318 3636 non
1330 3573 1463 3654 impedit
1588 3593 1589 3612 *

188 3654 356 3734 quominus
375 3661 461 3719 actus
483 3675 519 3720 ex
536 3657 589 3721 illo
607 3659 728 3722 elicitus
747 3661 788 3723 sit
806 3661 985 3742 simpliciter
1004 3660 1212 3736 volmarius,
1232 3669 1263 3724 et
1280 3662 1377 3742 possit
1395 3679 1462 3726 esse

188 3742 308 3806 ualidus
323 3763 330 3805 :
350 3744 393 3806 sic
409 3746 490 3808 valet
505 3753 613 3809 votum
626 3767 664 3810 ex
675 3756 761 3811 metu
774 3749 883 3812 mortis
899 3749 933 3811 in
951 3749 1052 3812 modio
1066 3749 1240 3831 naufragio,
1255 3758 1310 3814 aut
1325 3751 1360 3812 in
1373 3749 1461 3830 gravi

189 3830 295 3894 morbo
310 3832 470 3896 emissum.
490 3869 530 3880 —
545 3835 667 3909 Rooted
684 3857 715 3896 n.
736 3841 786 3902 20.
801 3873 843 3885 -
859 3837 1012 3910 Bitluart,
1030 3837 1100 3904 dats.
1116 3857 1143 3914 1,
1162 3848 1222 3903 ort.
1241 3845 1270 3902 ’1.
1289 3875 1330 3886 -
1348 3839 1459 3916 Elbel,

189 3937 220 3979 a.
236 3922 342 3983 18.-
360 3921 392 3984 V.
413 3921 523 4002 Casus,
536 3943 567 3985 n.
582 3928 620 3987 l'l
634 3933 738 4006 etseq.

564 4116 585 4206 ξ
607 4117 666 4187 IV.
692 4121 739 4188 Dc
757 4119 807 4196 uc',
828 4139 888 4188 eeu
905 4121 1079 4191 uiolentia.

229 4291 278 4351 00.
292 4321 332 4333 -
343 4291 509 4356 Dummrro.
525 4293 580 4356 Vis
597 4313 652 4358 seu
668 4293 815 4359 violentia
832 4303 879 4360 cst
891 4297 1019 4376 coactio,
1034 4317 1102 4380 quae
1116 4317 1237 4362 acausa
1249 4300 1419 4364 extrinseca
1429 4307 1462 4364 et

188 4374 285 4438 libera
298 4376 389 4440 alicui
405 4378 552 4456 infertur,
567 4389 757 4465 repugnante
768 4387 833 4466 ejus
846 4387 1014 4450 voluntate.

163 4533 164 4538 ἵ
228 4468 408 4545 Repugnare
419 4475 524 4530 autem
533 4470 648 4534 dieitur
657 4471 830 4552 volentate,
841 4473 911 4557 qui,
923 4483 994 4538 tum
1005 4475 1147 4540 exteriori
1156 4476 1340 4555 resistentia,
1355 4499 1385 4542 v.
1398 4499 1459 4560 gr„
