3216 5020
638 285 681 328 ne
702 285 924 330 vrnrurreus
1350 273 1422 333 233

142 395 304 460 comoediis
314 395 457 475 turpibus
468 395 653 458 interessent
667 395 773 459 Clerici
787 403 817 458 et
828 395 982 476 Religion,
993 395 1039 458 uti
1055 395 1186 458 advertit
1197 395 1312 457 Bened.
1324 397 1373 459 XI
1381 397 1416 460 V.

143 521 185 531 -
200 484 237 547 S.
253 485 337 562 cip,
351 483 442 544 Ham.
459 493 556 566 apost.
575 485 680 546 Tract.
693 487 748 558 tx,
764 506 795 546 a.
813 491 862 549 tc.

185 579 219 638 3⁰
235 573 342 638 Merito
355 572 529 634 Hotzmaaa
543 578 574 635 et
587 575 720 635 Laerta
733 581 853 655 propter
867 574 1044 636 scandalum
1063 573 1196 635 otiorum
1215 574 1369 636 damnant
1381 575 1419 636 de

143 663 268 726 mortali
285 668 352 724 tum
371 662 489 743 eosqui
508 662 636 742 pecunie
653 668 710 725 aut
725 663 834 742 plausu
852 669 1051 743 cooperentur
1066 663 1105 726 ad
1118 662 1284 724 comoedias
1299 663 1418 725 notabi-

143 751 216 814 liter
226 759 347 830 turpes,
366 757 433 813 turn
447 767 497 812 eos
512 769 632 832 quoquc
646 751 700 832 qui
714 769 763 813 eas
778 752 925 832 impedire
945 757 1100 826 tenentur,
1114 756 1159 825 et,
1176 767 1247 813 cum
1263 751 1419 814 commode

145 840 280 920 possint,
300 858 362 902 non
385 839 575 920 impediunt;
597 859 615 901 e
633 840 759 920 fortiori
777 847 881 902 auum
903 859 953 904 eos
971 840 1026 921 qui
1045 839 1113 902 illes
1132 845 1362 920 repraesentant.
1380 873 1421 884 -

145 961 187 975 -
199 929 235 992 S.
252 929 335 1010 Lep,
352 926 441 1002 tcta,
456 929 491 989 in
503 948 551 1011 ap.
564 947 685 1010 mapno.

693 1121 832 1167 PUNGTL'M
853 1123 875 1166 ii

640 1257 686 1320 De
700 1259 916 1340 cooperatione.

717 1449 816 1492 SECTIO
835 1450 845 1490 1

570 1574 609 1628 ne
623 1573 822 1645 cooperatione
837 1571 867 1628 in
881 1587 999 1643 genere.

188 1745 257 1808 ete.
273 1778 313 1788 -
327 1745 492 1804 Derrrnro.
508 1741 682 1822 cooperatio
697 1741 729 1804 in
745 1709 851 1822 geriere
868 1748 915 1804 εει
928 1759 1094 1804 concursus
1108 1759 1180 1804 cum
1195 1741 1253 1804 elic
1268 1743 1418 1824 principa-

149 1831 218 1894 liter
229 1835 346 1911 egente.
358 1866 397 1874 —
411 1835 504 1892 Prout
518 1835 623 1893 aretem
637 1829 765 1892 Caritati
778 1829 932 1892 adversari
944 1837 1059 1910 potest,
1073 1837 1120 1894 εει
1133 1830 1324 1911 participatio
1337 1851 1418 1912 quee-

148 1921 219 1982 dam
233 1921 272 1982 ed
286 1919 438 1982 actionem
451 1937 577 1999 pravom
591 1918 729 1982 alterius.

187 2013 317 2072 Drusro.
333 2007 543 2088 Distinguitur
556 2007 723 2088 cooperatio
740 2027 747 2070 :

189 2105 221 2160 ιο
235 2096 430 2175 immediata,
447 2098 494 2159 vel
517 2097 665 2169 mediata,
681 2104 773 2177 prout
792 2116 952 2179 cooperans
971 2097 1034 2178 agit
1050 2116 1126 2161 curn
1144 2104 1284 2177 peccante
1303 2097 1421 2178 inipso

147 2193 219 2249 actu
234 2187 356 2267 peccati,
370 2186 420 2248 vel
432 2185 518 2266 ponit
527 2185 603 2248 elias
617 2185 750 2249 actiones
766 2205 837 2249 cum
851 2192 970 2267 peccato
984 2186 1110 2249 alterius
1126 2184 1346 2248 connexionem
1364 2185 1421 2248 eli-

148 2293 247 2356 quem
260 2275 416 2337 habentes.

190 2367 225 2425 2⁰
243 2362 404 2442 Praaima,
425 2365 472 2426 rel
491 2373 620 2440 renota,
640 2371 732 2445 prout
750 2365 828 2427 ectio
848 2363 1036 2446 cooperantis
1055 2363 1183 2444 propius
1202 2364 1250 2427 vel
1268 2363 1415 2425 remotius

147 2470 222 2516 cum
237 2471 330 2534 prava
343 2452 468 2515 alterius
482 2452 600 2515 actione
614 2452 817 2516 connectitur.

189 2545 223 2605 3ο
237 2540 386 2612 Posidea,
403 2543 450 2604 vel
468 2543 624 2624 aeqatr‘oa,
646 2549 737 2622 prout
758 2561 919 2623 cooperans
939 2542 986 2604 vel
1005 2541 1092 2622 ponit
1111 2541 1247 2623 aliquem
1266 2541 1418 2603 actionem

147 2630 181 2694 in
197 2637 354 2711 peccatum
368 2630 493 2693 alterius
505 2630 701 2706 influentem,
714 2651 744 2694 v.
761 2649 820 2711 gr„
837 2649 909 2694 eum
923 2630 1112 2713 adjuvando,
1125 2631 1172 2694 vel
1186 2631 1306 2693 omittit
1317 2637 1421 2692 acttrm

148 2719 305 2794 debitum,
323 2739 352 2782 v.
370 2737 429 2798 gr„
444 2720 471 2781 si
483 2737 544 2782 non
558 2719 672 2794 obstet,
689 2739 760 2782 curn
774 2720 894 2782 obstare
908 2720 1040 2782 deberet.

187 2813 222 2871 1i⁰
238 2808 407 2886 Fonnalis,
424 2827 493 2888 quae
511 2809 665 2870 concurrit
685 2810 723 2871 od
742 2809 856 2872 rualem
879 2809 1070 2870 voluntatem
1095 2806 1237 2880 alterius,
1261 2815 1290 2868 et
1312 2805 1419 2887 nequit

148 2915 212 2960 esse
225 2897 340 2978 absque
354 2905 488 2977 pecceto;
505 2897 552 2959 rel
566 2897 747 2970 materiatis,
761 2916 830 2977 qua
844 2896 998 2959 concurrit
1012 2902 1138 2958 tantum
1151 2897 1191 2958 ed
1202 2897 1317 2959 malem
1326 2895 1420 2958 ectio-

146 3004 220 3048 nem
234 2986 360 3048 alterius
375 2985 440 3048 sine
454 2986 626 3048 intentione
641 2985 819 3066 cooperandi
832 2986 871 3047 ed
884 2990 1052 3065 peccatum.

187 3079 285 3136 Datur
302 3075 396 3137 etiem
415 3075 580 3155 cooperatio
598 3074 732 3148 directa,
750 3076 796 3136 vel
816 3075 978 3142 indirecta,
991 3073 1141 3154 physica,
1160 3075 1208 3136 vel
1222 3073 1366 3148 moratis,
1385 3078 1421 3136 ut

148 3163 325 3226 detranat
340 3163 393 3225 ubi
408 3165 445 3226 de
460 3164 632 3226 voluntario
647 3163 679 3225 in
693 3181 723 3225 se
737 3169 767 3225 ct
780 3163 816 3226 in
830 3181 920 3225 catoso
936 3181 943 3223 :
960 3161 1006 3222 De
1018 3163 1087 3224 Act.
1105 3161 1200 3236 kam„
1216 3184 1246 3224 a.
1265 3167 1283 3224 5
1296 3172 1323 3224 at
1336 3167 1365 3223 7.

187 3251 364 3332 (inoperatio
378 3252 413 3314 fit
426 3251 575 3332 precipue
590 3270 701 3314 norem
715 3252 830 3325 modis,
846 3251 958 3313 scilicet
966 3251 1119 3331 jubenda,
1134 3252 1333 3324 commende,
1351 3267 1421 3312 con-

147 3340 318 3415 sentiendo,
334 3341 501 3415 laudando,
518 3359 676 3402 recursum
691 3341 867 3422 prebendo,
883 3339 1091 3420 participando
1106 3339 1269 3402 illectione
1281 3339 1328 3400 rel
1340 3356 1421 3400 emc-

147 3429 302 3504 lnmentc,
320 3429 451 3504 silenda,
468 3429 707 3506 nonobstante,
724 3448 784 3493 non
801 3427 1035 3492 manifestando.
1051 3427 1129 3489 Hinc
1146 3426 1310 3490 versiculi:

345 3559 456 3627 iussio,
473 3557 642 3626 consilium,
658 3575 833 3626 consensus,
849 3557 947 3632 pcipe,
963 3573 1114 3626 recursus,

344 3639 538 3712 Perticipans,
555 3640 667 3707 mutus,
684 3655 740 3694 non
751 3638 883 3707 obstans,
900 3653 956 3694 non
968 3638 1169 3694 manifestans.

189 3758 266 3821 Vide
281 3759 408 3821 dicenda
420 3759 454 3821 in
474 3761 619 3822 Tractare
637 3758 672 3821 de
688 3758 827 3820 laetitia.

272 3888 496 3969 Principia.

189 4019 212 4080 1.
229 4021 354 4082 Certum
372 4024 434 4093 est,
450 4037 612 4100 nunquam
630 4019 717 4081 licere
736 4017 977 4099 cooperationem
995 4016 1171 4090 formalem,
1188 4033 1259 4076 omn
1277 4015 1341 4076 hec
1354 4031 1420 4076 mo-

149 4106 255 4170 raliter
268 4106 380 4170 influet
393 4107 427 4170 in
444 4115 602 4189 peccatum
616 4107 758 4183 alterius,
773 4114 804 4169 ει
821 4107 947 4189 proinde
964 4107 1004 4169 sit
1022 4104 1106 4167 illius
1124 4121 1215 4166 carisa
1230 4103 1365 4166 moretis.
1382 4137 1423 4150 -

148 4195 186 4260 S.
205 4197 278 4277 Lep.
294 4217 324 4258 n.
343 4201 392 4260 63.

189 4287 227 4346 tt.
245 4286 419 4364 cooperatio
440 4284 607 4348 materialis
626 4283 710 4347 licito
730 4291 791 4358 est,
808 4284 974 4347 dummodo
993 4280 1071 4345 actio
1092 4281 1134 4343 sit
1151 4299 1205 4361 per
1228 4299 1260 4342 se
1279 4281 1358 4344 bono
1375 4280 1422 4342 rel

150 4373 256 4436 mitem
270 4371 465 4445 indifferens,
478 4372 618 4453 adsitque
631 4391 722 4434 carisa
730 4376 814 4454 juste
826 4380 857 4435 et
868 4371 1094 4452 proportionata
1107 4371 1145 4432 ed
1158 4369 1340 4450 gratitatern
1354 4387 1421 4450 pec·

151 4461 210 4524 ati
224 4462 370 4538 alterius,
386 4463 468 4524 etad
483 4461 710 4542 proximitatem
724 4479 889 4524 concursus
903 4460 941 4522 ad
953 4457 1067 4538 peccati
1081 4459 1317 4521 exsecutionem.
1334 4457 1423 4523 Retio

151 4557 197 4614 est
214 4550 304 4631 quie,
321 4567 391 4613 cum
410 4556 447 4614 tu
467 4557 593 4631 prestas
611 4549 761 4612 actionem
783 4549 1009 4612 indifferentem
1028 4545 1094 4610 sine
1115 4566 1207 4628 prava
1225 4546 1415 4618 intentione,
