3136 5034
719 231 925 278 TRACTATUS

725 451 866 496 eoderunt
887 451 924 496 111

334 591 374 646 Do
387 587 629 663 dispositionibus
643 586 885 656 testamentariis,
901 601 954 643 scu
967 586 1004 644 de
1017 585 1151 643 codicillo
1163 587 1194 642 et
1206 586 1315 659 legato.

226 755 295 818 829.
311 787 352 796 —
365 751 390 813 1.
416 749 595 826 Codicr'llas,
620 769 674 813 seu
696 768 810 830 parvus
834 751 941 827 codex,
962 757 1008 814 est
1029 751 1141 816 ultima
1164 750 1304 814 defuncti
1328 751 1468 815 voluntas

185 841 291 922 minus
308 839 452 903 solemnis
466 844 497 901 et
514 845 601 901 extra
613 844 837 902 testamentum
851 858 1005 921 expressa,
1017 859 1078 922 qua
1092 839 1200 914 edicit,
1219 839 1299 919 quid
1313 839 1383 902 lieri
1398 841 1468 904 velit

186 935 403 1012 postmortem
424 946 513 991 suam
532 929 569 990 de
586 929 678 992 rebus
698 927 778 1003 suis,
795 929 910 1010 absque
926 928 1039 992 directa
1056 929 1184 992 haeredis
1198 928 1407 991 institutione„
1428 965 1468 974 -

187 1019 330 1082 clausula
345 1020 449 1082 subm
465 1015 645 1080 codicillaris
659 1022 706 1080 est
720 1017 855 1078 clausula
867 1023 1050 1082 testamento
1065 1017 1126 1098 ipsi
1138 1016 1274 1088 inserta,
1289 1035 1349 1097 qua
1365 1017 1465 1080 decla-

187 1113 283 1183 ratur,
299 1108 380 1188 quod
394 1107 422 1170 si
435 1111 661 1169 testamcutum
673 1123 710 1168 ex
723 1105 825 1186 abque
839 1105 956 1169 defectu
971 1125 1034 1170 non
1046 1107 1160 1179 valeat,
1172 1105 1205 1168 vi
1220 1111 1320 1168 ῐιιιιιιιι
1333 1105 1465 1168 codicilli

186 1195 285 1260 valere
297 1196 415 1259 debeat.

226 1286 275 1347 Ad
290 1284 463 1348 codicillum
479 1283 544 1348 sivo
562 1283 828 1365 nuncupativum,
843 1283 875 1346 id
895 1289 942 1346 est
959 1284 1032 1349 viva
1051 1303 1123 1350 voco
1137 1283 1299 1356 habiturn,
1317 1283 1381 1346 sire
1391 1283 1464 1346 sori-

186 1379 294 1456 pturn,
312 1372 471 1436 sufficiunt
492 1372 631 1454 quinque
652 1379 758 1447 testes,
779 1371 874 1435 etiem
892 1392 955 1436 non
969 1373 1080 1454 rogati,
1095 1379 1127 1436 et
1140 1373 1237 1436 etiam
1254 1372 1406 1436 foemina.
1418 1372 1465 1436 Sic

186 1481 226 1524 ex
238 1463 312 1524 Jore
324 1462 470 1524 Romano.
486 1463 523 1524 ln
536 1461 611 1522 lore
625 1465 728 1524 autem
740 1459 857 1523 Gallico
871 1460 1025 1525 codicillus
1036 1481 1100 1525 non
1110 1461 1302 1524 admittitur.

227 1552 264 1612 Il.
281 1551 428 1633 Lepolom
442 1555 490 1613 est
501 1549 624 1612 donatio
637 1551 778 1631 quondm
791 1549 924 1632 cuipiam
938 1551 1051 1614 directe
1063 1570 1083 1612 a
1096 1549 1236 1613 defuncto
1247 1549 1368 1626 relicta,
1384 1555 1418 1611 et
1430 1549 1465 1612 ab

186 1638 306 1703 haerede
319 1641 505 1722 prestanda.

228 1731 377 1809 Legatum
401 1747 466 1790 esse
490 1731 588 1809 potest
615 1747 623 1790 τ
646 1733 679 1790 1⁰
702 1747 817 1809 purum
838 1747 892 1792 seu
915 1727 1106 1802 absolutum,
1129 1727 1178 1792 tel
1202 1727 1465 1804 conditionatum

186 1820 220 1880 2⁰
234 1817 423 1892 universale,
441 1817 490 1880 vel
502 1816 699 1898 particulare;
716 1817 806 1880 titulo
819 1817 996 1892 universab,
1009 1835 1039 1880 v.
1053 1836 1112 1897 gr,
1129 1815 1193 1898 lopo
1207 1820 1311 1877 omnio
1324 1813 1467 1894 mettim

186 1906 236 1968 uel
251 1904 442 1987 particulari,
464 1924 496 1968 v.
517 1924 576 1986 gr,
597 1905 662 1987 lopo
685 1905 774 1968 tatem
792 1925 948 1968 summam.
965 1910 1013 1968 Ex
1029 1905 1106 1968 dore
1120 1903 1241 1968 Gotttco
1256 1905 1343 1967 nulla
1355 1904 1466 1966 admit·
1546 1965 1547 1978 ,

186 1997 298 2058 tuntur
311 1996 424 2076 legata,
439 1994 502 2057 uisi
514 1995 548 2057 in
561 1995 628 2074 ipso
643 2001 827 2058 testamento
840 1995 1048 2058 includantur.

289 2150 484 2226 Quaesita.

227 2298 297 2357 830.
311 2329 351 2340 ·-
365 2298 467 2370 Quoia.
484 2300 518 2357 l⁰
532 2295 582 2356 An
597 2296 727 2376 lepotum
741 2293 879 2356 relictum
890 2293 1020 2377 puellas,
1039 2303 1075 2356 ut
1090 2294 1222 2375 coemat,
1236 2296 1336 2377 possit
1351 2294 1416 2356 illis
1432 2293 1464 2356 de

176 2382 252 2463 jore
266 2381 405 2443 natarali
416 2383 502 2461 dori,
518 2401 585 2463 quoe
596 2383 755 2463 Relipiosoe
770 2383 869 2464 fiunt?

226 2469 315 2550 Hesp.
334 2469 474 2548 Affirm„
490 2469 518 2531 si
535 2471 679 2533 relictum
693 2469 753 2532 furit
771 2488 907 2552 persone
923 2470 1149 2547 determinate,
1172 2473 1228 2534 nisi
1242 2473 1331 2534 aliter
1345 2475 1465 2534 constet

186 2559 222 2620 de
237 2559 338 2620 menta
351 2557 517 2620 testatoris.
534 2591 573 2604 -
588 2558 667 2640 Nep.
684 2564 805 2633 autem,
823 2560 850 2623 si
866 2561 999 2641 legatum
1017 2561 1159 2624 relictum
1171 2561 1209 2623 sit
1220 2560 1357 2641 personis
1369 2559 1464 2622 inde-

187 2646 378 2722 terminatis‚
400 2647 474 2728 quia
493 2652 570 2710 tuno
587 2653 749 2711 testatores
771 2650 874 2729 potius
893 2651 1063 2714 intendunt
1084 2649 1238 2731 providero
1259 2647 1330 2711 solis
1348 2647 1464 2728 puellis

187 2736 302 2798 nubere
314 2736 501 2811 volentibus,
516 2755 555 2798 ne
565 2737 736 2800 seductioni
746 2746 948 2820 exponantur.
960 2775 999 2784 -—
1009 2738 1250 2802 Itocommuoias
1263 2755 1336 2800 cum
1346 2738 1385 2800 S.
1394 2739 1463 2820 ιιι.

186 2844 217 2884 ιι.
232 2829 307 2899 930,
323 2829 429 2887 contra
442 2825 531 2887 otios.

229 2915 330 2986 Quina.
346 2916 380 2975 2⁰
394 2913 444 2974 Αιι
457 2915 588 2996 tepalum
601 2916 739 2978 retiolum
751 2919 874 3000 puellis,
888 2927 924 2978 ut
936 2917 1064 2993 nabent,
1072 2917 1172 3000 possit
1187 2916 1260 2978 dori
1269 2915 1465 2999 puellaque

185 2999 247 3061 sine
257 2999 404 3083 dolejam
411 3003 603 3084 nupserunt?

226 3088 316 3172 Itesp.
332 3091 471 3172 Λίβυι,
487 3091 514 3156 si
528 3097 641 3173 agatur
650 3095 687 3156 de
696 3094 806 3175 puellis
819 3095 1047 3172 determinatim
1058 3095 1133 3177 quoia
1146 3095 1360 3178 praesumitur,
1376 3101 1464 3158 eec-

185 3183 284 3240 torem
301 3178 434 3242 voluisse
447 3180 524 3260 ipsis
541 3181 668 3245 omnino
686 3183 844 3264 providere
864 3185 902 3248 ob
923 3184 1106 3266 peculiarem
1127 3203 1200 3266 erga
1216 3185 1287 3248 illas
1307 3185 1463 3250 affectum.
1543 3187 1544 3196 ’

82 3307 85 3312 -
185 3265 234 3329 rel
254 3271 291 3329 ut
309 3272 416 3347 nuptae
436 3270 577 3333 decenter
596 3271 714 3334 vivant.
730 3307 771 3318 -
787 3274 893 3348 Secus,
915 3275 942 3336 si
960 3275 997 3336 de
1014 3272 1278 3346 indeterminatio,
1297 3274 1369 3354 quia
1391 3279 1464 3334 tuno

185 3359 310 3418 testatm
328 3363 468 3420 censetur
487 3358 590 3440 polius
605 3359 797 3425 nubentibus
817 3362 980 3426 subvenire
997 3361 1144 3438 voluisse,
1161 3367 1198 3425 nt
1212 3363 1380 3443 perieulum
1391 3377 1466 3442 pro-

186 3443 359 3508 stitutionis
371 3446 480 3510 ritent.
497 3479 537 3493 -
551 3447 588 3510 S.
603 3447 687 3529 Lip,
703 3450 778 3512 ibid.

225 3535 295 3595 831.
309 3569 350 3579 —-
365 3537 467 3609 Quae.
483 3541 517 3601 3⁰
538 3535 621 3612 Quid
634 3540 737 3600 oenabt
757 3543 790 3600 io
809 3538 915 3621 bootis
934 3541 1051 3603 nomine
1069 3557 1234 3616 scararum,
1252 3559 1306 3602 seo
1321 3540 1465 3601 donem

184 3624 356 3684 moerorum?
614 3678 616 3684 ,

224 3708 317 3791 Resp.
336 3715 368 3772 l⁰
384 3729 393 3772 τ
409 3715 494 3776 Bona
508 3713 634 3778 mobilia
654 3735 691 3779 ea
708 3722 783 3780 sunt
801 3719 984 3798 generatim,
999 3739 1069 3802 quoe
1083 3739 1099 3783 c
1113 3721 1175 3783 loco
1190 3718 1309 3783 moveri
1321 3725 1464 3801 pomunt,

185 3801 223 3858 ut
234 3805 348 3873 vestes,
363 3799 527 3878 animalia,
548 3804 693 3885 pecunia,
706 3812 763 3868 eto.
780 3808 862 3869 Idam
877 3815 988 3871 sonant
1007 3809 1085 3872 bono
1103 3808 1243 3878 moditia,
1262 3827 1313 3871 res
1328 3808 1465 3886 mobiles,

185 3885 292 3950 mobile
311 3887 409 3969 (biens
426 3891 571 3967 maros,
593 3894 678 3973 effeta
698 3895 863 3974 mobiliore,
878 3897 1042 3981 mobilior),
1065 3895 1228 3963 ueletiam
1247 3898 1378 3962 moditia
1397 3915 1466 3961 cum

185 3975 373 4054 oppositione
386 3979 424 4042 ad
437 3980 611 4043 ammobilia.

185 4151 333 4216 dicuntur
351 4156 457 4220 omnia
481 4159 565 4220 bono
583 4177 652 4240 qua
673 4179 736 4224 non
755 4170 830 4225 sunt
847 4163 1035 4242 immobilia,
1051 4166 1182 4248 exceptis
1198 4167 1345 4248 pecunia
1364 4167 1464 4238 libris,

189 4241 334 4319 gemmis,
349 4245 609 4324 numismatibus,
626 4250 737 4313 debitis
755 4249 879 4326 activis,
893 4253 1112 4317 instrumentis
1125 4254 1256 4330 murm,
1275 4255 1468 4320 linteamini-

183 4325 243 4390 bus
255 4331 294 4394 ad
305 4349 400 4395 usum
413 4334 562 4415 corporis,
578 4338 680 4417 coms,
691 4339 802 4416 armis,
820 4341 938 4421 granis,
954 4341 1042 4418 rino,
1056 4343 1155 4420 imno,
1169 4351 1202 4408 ot
1214 4345 1282 4408 aliis
1297 4345 1467 4410 similibus.

189 4413 277 4474 aure
289 4433 325 4477 ea
333 4418 411 4481 circa
422 4439 491 4499 quae
505 4426 722 4490 commercium
735 4428 917 4508 particulare
930 4439 1098 4494 exercetur.

225 4497 315 4578 nep.
338 4505 371 4561 3ο
392 4507 439 4566 Ex
460 4508 564 4572 eodem
587 4513 661 4576 Jorc
682 4515 800 4578 Gallico
821 4517 955 4599 supellex
978 4537 1032 4584 seu
1049 4519 1176 4586 mobilia
1193 4523 1323 4588 domum
1343 4523 1473 4607 preciso
1538 4597 1539 4610 ,

224 4061 312 4144 Resp.
326 4069 359 4128 2·
372 4085 388 4144 ,·
403 4068 550 4150 dictitio,
573 4069 639 4133 sine
655 4071 759 4136 addito
777 4082 809 4136 et
828 4073 894 4138 sine
915 4074 1185 4154 determinatione,
1203 4097 1242 4140 ea
1258 4078 1336 4142 lore
1351 4077 1467 4142 Goltaio
1540 4139 1541 4142 ,
