<?xml version="1.0" encoding="UTF-8"?>
<!DOCTYPE html PUBLIC "-//W3C//DTD XHTML 1.0 Transitional//EN"
    "http://www.w3.org/TR/xhtml1/DTD/xhtml1-transitional.dtd">
<html xmlns="http://www.w3.org/1999/xhtml" xml:lang="en" lang="en">
 <head>
  <title>
</title>
<meta http-equiv="Content-Type" content="text/html;charset=utf-8" />
  <meta name='ocr-system' content='tesseract 3.04.00' />
  <meta name='ocr-capabilities' content='ocr_page ocr_carea ocr_par ocr_line ocrx_word'/>
</head>
<body>
  <div class='ocr_page' id='page_1' title='image "./compendiumtheol02gurygoog_0467.png"; bbox 0 0 3156 5026; ppageno 0'>
   <div class='ocr_carea' id='block_1_1' title="bbox 205 228 945 290">
    <p class='ocr_par' dir='ltr' id='par_1_1' title="bbox 205 228 945 290">
     <span class='ocr_line' id='line_1_1' title="bbox 205 228 945 290; baseline -0.018 -1"><span class='ocrx_word' id='word_1_1' title='bbox 205 228 274 290; x_wconf 76' lang='grc'><strong>450</strong></span> <span class='ocrx_word' id='word_1_2' title='bbox 740 228 945 279; x_wconf 78' lang='lat' dir='ltr'><strong>rascrnrus</strong></span> 
     </span>
    </p>
   </div>
   <div class='ocr_carea' id='block_1_2' title="bbox 205 343 1574 2296">
    <p class='ocr_par' dir='ltr' id='par_1_2' title="bbox 205 343 1484 694">
     <span class='ocr_line' id='line_1_2' title="bbox 205 343 1484 427; baseline -0.007 -10"><span class='ocrx_word' id='word_1_3' title='bbox 205 345 283 418; x_wconf 88' lang='lat' dir='ltr'><strong>item</strong></span> <span class='ocrx_word' id='word_1_4' title='bbox 299 353 325 415; x_wconf 89' lang='lat' dir='ltr'><strong>si</strong></span> <span class='ocrx_word' id='word_1_5' title='bbox 340 351 479 414; x_wconf 90' lang='lat' dir='ltr'><strong>versetur</strong></span> <span class='ocrx_word' id='word_1_6' title='bbox 492 346 527 412; x_wconf 91' lang='lat' dir='ltr'><strong>in</strong></span> <span class='ocrx_word' id='word_1_7' title='bbox 540 345 625 427; x_wconf 79' lang='lat' dir='ltr'><strong>gravi</strong></span> <span class='ocrx_word' id='word_1_8' title='bbox 640 345 831 418; x_wconf 73' lang='lat' dir='ltr'><strong>necessitate,</strong></span> <span class='ocrx_word' id='word_1_9' title='bbox 847 350 878 407; x_wconf 87' lang='lat' dir='ltr'><strong>et</strong></span> <span class='ocrx_word' id='word_1_10' title='bbox 889 343 992 406; x_wconf 87' lang='lat' dir='ltr'><strong>debito</strong></span> <span class='ocrx_word' id='word_1_11' title='bbox 1003 343 1055 406; x_wconf 93' lang='lat' dir='ltr'><strong>illo</strong></span> <span class='ocrx_word' id='word_1_12' title='bbox 1069 343 1156 406; x_wconf 80' lang='lat' dir='ltr'><strong>valde</strong></span> <span class='ocrx_word' id='word_1_13' title='bbox 1169 343 1307 424; x_wconf 81' lang='lat' dir='ltr'><strong>indigeat</strong></span> <span class='ocrx_word' id='word_1_14' title='bbox 1323 345 1363 406; x_wconf 84' lang='lat' dir='ltr'><strong>ad</strong></span> <span class='ocrx_word' id='word_1_15' title='bbox 1381 345 1484 408; x_wconf 76' lang='lat' dir='ltr'><strong>sitam</strong></span> 
     </span>
     <span class='ocr_line' id='line_1_3' title="bbox 206 429 1484 520; baseline -0.005 -15"><span class='ocrx_word' id='word_1_16' title='bbox 206 438 391 515; x_wconf 76' lang='lat' dir='ltr'><strong>ducendam,</strong></span> <span class='ocrx_word' id='word_1_17' title='bbox 409 434 497 520; x_wconf 83' lang='lat' dir='ltr'><strong>quia,</strong></span> <span class='ocrx_word' id='word_1_18' title='bbox 512 437 675 518; x_wconf 71' lang='lat' dir='ltr'><strong>ut1docent</strong></span> <span class='ocrx_word' id='word_1_19' title='bbox 689 431 893 498; x_wconf 88' lang='lat' dir='ltr'><strong>communiter</strong></span> <span class='ocrx_word' id='word_1_20' title='bbox 907 429 1053 512; x_wconf 84' lang='lat' dir='ltr'><strong>theologi,</strong></span> <span class='ocrx_word' id='word_1_21' title='bbox 1067 431 1147 496; x_wconf 86' lang='lat' dir='ltr'><strong>bona</strong></span> <span class='ocrx_word' id='word_1_22' title='bbox 1163 433 1269 496; x_wconf 84' lang='lat' dir='ltr'><strong>cedens</strong></span> <span class='ocrx_word' id='word_1_23' title='bbox 1286 438 1388 514; x_wconf 86' lang='lat' dir='ltr'><strong>potest</strong></span> <span class='ocrx_word' id='word_1_24' title='bbox 1409 435 1484 498; x_wconf 88' lang='lat' dir='ltr'><strong>sub·</strong></span> 
     </span>
     <span class='ocr_line' id='line_1_4' title="bbox 207 519 1483 608; baseline -0.006 -14"><span class='ocrx_word' id='word_1_25' title='bbox 207 531 315 594; x_wconf 84' lang='lat' dir='ltr'><strong>ducere</strong></span> <span class='ocrx_word' id='word_1_26' title='bbox 328 547 362 592; x_wconf 88' lang='lat' dir='ltr'><strong>ea</strong></span> <span class='ocrx_word' id='word_1_27' title='bbox 376 543 445 608; x_wconf 84' lang='lat' dir='ltr'><strong>quae</strong></span> <span class='ocrx_word' id='word_1_28' title='bbox 458 525 497 589; x_wconf 89' lang='lat' dir='ltr'><strong>ad</strong></span> <span class='ocrx_word' id='word_1_29' title='bbox 511 523 679 588; x_wconf 79' lang='lat' dir='ltr'><strong>vivendum</strong></span> <span class='ocrx_word' id='word_1_30' title='bbox 693 523 819 588; x_wconf 89' lang='lat' dir='ltr'><strong>omnino</strong></span> <span class='ocrx_word' id='word_1_31' title='bbox 832 519 1002 584; x_wconf 84' lang='lat' dir='ltr'><strong>necessaria</strong></span> <span class='ocrx_word' id='word_1_32' title='bbox 1012 527 1098 586; x_wconf 90' lang='lat' dir='ltr'><strong>sunt.</strong></span> <span class='ocrx_word' id='word_1_33' title='bbox 1112 558 1152 567; x_wconf 96' lang='lat'>—</span> <span class='ocrx_word' id='word_1_34' title='bbox 1165 522 1203 584; x_wconf 89' lang='lat' dir='ltr'><strong>S.</strong></span> <span class='ocrx_word' id='word_1_35' title='bbox 1218 521 1289 604; x_wconf 76' lang='lat' dir='ltr'><strong>Lip.</strong></span> <span class='ocrx_word' id='word_1_36' title='bbox 1305 543 1339 585; x_wconf 79' lang='lat' dir='ltr'><strong>a.</strong></span> <span class='ocrx_word' id='word_1_37' title='bbox 1355 527 1431 587; x_wconf 85' lang='grc'>699.</span> <span class='ocrx_word' id='word_1_38' title='bbox 1442 563 1483 572; x_wconf 96' lang='grc'><strong>-</strong></span> 
     </span>
     <span class='ocr_line' id='line_1_5' title="bbox 209 619 482 694; baseline -0.022 -11"><span class='ocrx_word' id='word_1_39' title='bbox 209 619 350 694; x_wconf 84' lang='lat' dir='ltr'><strong>Goasset,</strong></span> <span class='ocrx_word' id='word_1_40' title='bbox 364 638 395 680; x_wconf 81' lang='lat' dir='ltr'><strong>a.</strong></span> <span class='ocrx_word' id='word_1_41' title='bbox 412 620 482 680; x_wconf 76' lang='lat' dir='ltr'><strong>tta.</strong></span> 
     </span>
    </p>

    <p class='ocr_par' dir='ltr' id='par_1_3' title="bbox 207 697 1485 874">
     <span class='ocr_line' id='line_1_6' title="bbox 247 697 1485 782; baseline -0.006 -9"><span class='ocrx_word' id='word_1_42' title='bbox 247 713 318 773; x_wconf 79' lang='lat'>701.</span> <span class='ocrx_word' id='word_1_43' title='bbox 330 743 369 753; x_wconf 93' lang='lat'>—</span> <span class='ocrx_word' id='word_1_44' title='bbox 383 708 484 782; x_wconf 80' lang='lat' dir='ltr'><strong>Qasr.</strong></span> <span class='ocrx_word' id='word_1_45' title='bbox 501 707 534 767; x_wconf 77' lang='lat'><strong>2⁰</strong></span> <span class='ocrx_word' id='word_1_46' title='bbox 551 701 681 766; x_wconf 71' lang='lat' dir='ltr'><strong>Caietam</strong></span> <span class='ocrx_word' id='word_1_47' title='bbox 694 697 854 764; x_wconf 77' lang='lat' dir='ltr'><strong>restituere</strong></span> <span class='ocrx_word' id='word_1_48' title='bbox 872 699 980 762; x_wconf 82' lang='lat' dir='ltr'><strong>debeat</strong></span> <span class='ocrx_word' id='word_1_49' title='bbox 996 699 1117 762; x_wconf 78' lang='lat' dir='ltr'><strong>debitor</strong></span> <span class='ocrx_word' id='word_1_50' title='bbox 1137 719 1176 764; x_wconf 83' lang='lat' dir='ltr'><strong>nx</strong></span> <span class='ocrx_word' id='word_1_51' title='bbox 1192 713 1330 777; x_wconf 76' lang='lat' dir='ltr'><strong>omisso,</strong></span> <span class='ocrx_word' id='word_1_52' title='bbox 1345 703 1377 762; x_wconf 85' lang='lat' dir='ltr'><strong>si</strong></span> <span class='ocrx_word' id='word_1_53' title='bbox 1387 703 1485 766; x_wconf 82' lang='lat' dir='ltr'><strong>domi-</strong></span> 
     </span>
     <span class='ocr_line' id='line_1_7' title="bbox 207 785 671 874; baseline -0.015 -14"><span class='ocrx_word' id='word_1_54' title='bbox 207 816 265 860; x_wconf 81' lang='lat' dir='ltr'><strong>nus</strong></span> <span class='ocrx_word' id='word_1_55' title='bbox 280 792 368 860; x_wconf 72' lang='lat' dir='ltr'><strong>teias</strong></span> <span class='ocrx_word' id='word_1_56' title='bbox 380 795 517 857; x_wconf 78' lang='lat' dir='ltr'><strong>inueniri</strong></span> <span class='ocrx_word' id='word_1_57' title='bbox 526 785 671 874; x_wconf 82' lang='lat' dir='ltr'><strong>nequeat?</strong></span> 
     </span>
    </p>

    <p class='ocr_par' dir='ltr' id='par_1_4' title="bbox 206 876 1574 1678">
     <span class='ocr_line' id='line_1_8' title="bbox 247 876 1483 968; baseline -0.002 -20"><span class='ocrx_word' id='word_1_58' title='bbox 247 887 341 968; x_wconf 72' lang='lat' dir='ltr'><strong>desp.</strong></span> <span class='ocrx_word' id='word_1_59' title='bbox 358 905 370 946; x_wconf 93' lang='grc'><strong>.·</strong></span> <span class='ocrx_word' id='word_1_60' title='bbox 384 887 478 946; x_wconf 72' lang='lat' dir='ltr'><strong>Juxta</strong></span> <span class='ocrx_word' id='word_1_61' title='bbox 499 901 681 944; x_wconf 81' lang='lat' dir='ltr'><strong>commanem</strong></span> <span class='ocrx_word' id='word_1_62' title='bbox 705 880 882 941; x_wconf 81' lang='lat' dir='ltr'><strong>sententiam</strong></span> <span class='ocrx_word' id='word_1_63' title='bbox 903 879 1063 941; x_wconf 86' lang='lat' dir='ltr'><strong>restituere</strong></span> <span class='ocrx_word' id='word_1_64' title='bbox 1084 876 1173 941; x_wconf 88' lang='lat' dir='ltr'><strong>debet</strong></span> <span class='ocrx_word' id='word_1_65' title='bbox 1193 879 1403 960; x_wconf 82' lang='lat' dir='ltr'><strong>pauperibus,</strong></span> <span class='ocrx_word' id='word_1_66' title='bbox 1435 883 1483 945; x_wconf 75' lang='lat' dir='ltr'><strong>tel</strong></span> 
     </span>
     <span class='ocr_line' id='line_1_9' title="bbox 208 967 1486 1056; baseline -0.005 -16"><span class='ocrx_word' id='word_1_67' title='bbox 208 975 309 1040; x_wconf 87' lang='lat' dir='ltr'><strong>causis</strong></span> <span class='ocrx_word' id='word_1_68' title='bbox 322 974 392 1056; x_wconf 90' lang='lat' dir='ltr'><strong>piis.</strong></span> <span class='ocrx_word' id='word_1_69' title='bbox 409 971 498 1036; x_wconf 90' lang='lat' dir='ltr'><strong>Ratio</strong></span> <span class='ocrx_word' id='word_1_70' title='bbox 516 977 582 1046; x_wconf 90' lang='lat' dir='ltr'><strong>est,</strong></span> <span class='ocrx_word' id='word_1_71' title='bbox 603 970 696 1050; x_wconf 86' lang='lat' dir='ltr'><strong>quia,</strong></span> <span class='ocrx_word' id='word_1_72' title='bbox 713 988 751 1031; x_wconf 85' lang='lat' dir='ltr'><strong>ex</strong></span> <span class='ocrx_word' id='word_1_73' title='bbox 771 986 863 1030; x_wconf 88' lang='lat' dir='ltr'><strong>sensu</strong></span> <span class='ocrx_word' id='word_1_74' title='bbox 882 967 1056 1043; x_wconf 89' lang='lat' dir='ltr'><strong>communi,</strong></span> <span class='ocrx_word' id='word_1_75' title='bbox 1071 968 1217 1031; x_wconf 90' lang='lat' dir='ltr'><strong>dominus</strong></span> <span class='ocrx_word' id='word_1_76' title='bbox 1235 969 1414 1050; x_wconf 83' lang='lat' dir='ltr'><strong>incognitus</strong></span> <span class='ocrx_word' id='word_1_77' title='bbox 1428 990 1486 1052; x_wconf 85' lang='lat' dir='ltr'><strong>per</strong></span> 
     </span>
     <span class='ocr_line' id='line_1_10' title="bbox 208 1056 1574 1147; baseline -0.005 -20"><span class='ocrx_word' id='word_1_78' title='bbox 208 1081 355 1147; x_wconf 84' lang='lat' dir='ltr'><strong>pauperes</strong></span> <span class='ocrx_word' id='word_1_79' title='bbox 374 1062 421 1125; x_wconf 81' lang='lat' dir='ltr'><strong>rel</strong></span> <span class='ocrx_word' id='word_1_80' title='bbox 439 1061 505 1143; x_wconf 91' lang='lat' dir='ltr'><strong>pias</strong></span> <span class='ocrx_word' id='word_1_81' title='bbox 528 1077 634 1122; x_wconf 87' lang='lat' dir='ltr'><strong>causas</strong></span> <span class='ocrx_word' id='word_1_82' title='bbox 655 1064 797 1120; x_wconf 90' lang='lat' dir='ltr'><strong>censetur</strong></span> <span class='ocrx_word' id='word_1_83' title='bbox 812 1056 1034 1137; x_wconf 66' lang='lat' dir='ltr'><strong>representem</strong></span> <span class='ocrx_word' id='word_1_84' title='bbox 1057 1057 1256 1136; x_wconf 75' lang='lat' dir='ltr'><strong>presumitur</strong></span> <span class='ocrx_word' id='word_1_85' title='bbox 1275 1057 1363 1121; x_wconf 87' lang='lat' dir='ltr'><strong>enim</strong></span> <span class='ocrx_word' id='word_1_86' title='bbox 1384 1061 1479 1123; x_wconf 84' lang='lat' dir='ltr'><strong>talem</strong></span> <span class='ocrx_word' id='word_1_87' title='bbox 1573 1115 1574 1120; x_wconf 73' lang='grc'><strong>,</strong></span> 
     </span>
     <span class='ocr_line' id='line_1_11' title="bbox 207 1145 1482 1233; baseline -0.003 -17"><span class='ocrx_word' id='word_1_88' title='bbox 207 1171 273 1217; x_wconf 86' lang='lat' dir='ltr'><strong>esse</strong></span> <span class='ocrx_word' id='word_1_89' title='bbox 284 1154 349 1233; x_wconf 89' lang='lat' dir='ltr'><strong>ejus</strong></span> <span class='ocrx_word' id='word_1_90' title='bbox 362 1151 569 1223; x_wconf 86' lang='lat' dir='ltr'><strong>voluntatem,</strong></span> <span class='ocrx_word' id='word_1_91' title='bbox 586 1147 704 1230; x_wconf 87' lang='lat' dir='ltr'><strong>quoties</strong></span> <span class='ocrx_word' id='word_1_92' title='bbox 717 1164 784 1208; x_wconf 87' lang='lat' dir='ltr'><strong>rem</strong></span> <span class='ocrx_word' id='word_1_93' title='bbox 800 1163 890 1208; x_wconf 87' lang='lat' dir='ltr'><strong>suam</strong></span> <span class='ocrx_word' id='word_1_94' title='bbox 903 1145 1020 1226; x_wconf 75' lang='lat' dir='ltr'><strong>injusto</strong></span> <span class='ocrx_word' id='word_1_95' title='bbox 1035 1145 1169 1208; x_wconf 87' lang='lat' dir='ltr'><strong>ablatam</strong></span> <span class='ocrx_word' id='word_1_96' title='bbox 1188 1146 1236 1208; x_wconf 84' lang='lat' dir='ltr'><strong>rel</strong></span> <span class='ocrx_word' id='word_1_97' title='bbox 1247 1146 1482 1212; x_wconf 85' lang='lat' dir='ltr'><strong>damnificatam</strong></span> 
     </span>
     <span class='ocr_line' id='line_1_12' title="bbox 207 1233 1481 1323; baseline -0.003 -18"><span class='ocrx_word' id='word_1_98' title='bbox 207 1257 382 1323; x_wconf 88' lang='lat' dir='ltr'><strong>recuperare</strong></span> <span class='ocrx_word' id='word_1_99' title='bbox 395 1237 515 1320; x_wconf 86' lang='lat' dir='ltr'><strong>nequit.</strong></span> <span class='ocrx_word' id='word_1_100' title='bbox 530 1236 633 1298; x_wconf 85' lang='lat' dir='ltr'><strong>-lta</strong></span> <span class='ocrx_word' id='word_1_101' title='bbox 646 1235 683 1298; x_wconf 89' lang='lat' dir='ltr'><strong>S.</strong></span> <span class='ocrx_word' id='word_1_102' title='bbox 705 1233 823 1309; x_wconf 72' lang='lat' dir='ltr'><strong>Ttom,</strong></span> <span class='ocrx_word' id='word_1_103' title='bbox 844 1239 873 1298; x_wconf 75' lang='lat' dir='ltr'><strong>t.</strong></span> <span class='ocrx_word' id='word_1_104' title='bbox 887 1237 931 1308; x_wconf 72' lang='grc'><strong>2.,</strong></span> <span class='ocrx_word' id='word_1_105' title='bbox 945 1254 975 1316; x_wconf 83' lang='lat' dir='ltr'><strong>q.</strong></span> <span class='ocrx_word' id='word_1_106' title='bbox 989 1238 1045 1308; x_wconf 69' lang='lat'><strong>62,</strong></span> <span class='ocrx_word' id='word_1_107' title='bbox 1058 1242 1119 1296; x_wconf 85' lang='lat' dir='ltr'><strong>ort.</strong></span> <span class='ocrx_word' id='word_1_108' title='bbox 1136 1238 1169 1309; x_wconf 79' lang='lat'><strong>5,</strong></span> <span class='ocrx_word' id='word_1_109' title='bbox 1186 1239 1241 1296; x_wconf 86' lang='lat' dir='ltr'><strong>etc.</strong></span> <span class='ocrx_word' id='word_1_110' title='bbox 1262 1239 1303 1298; x_wconf 84' lang='lat' dir='ltr'><strong>De</strong></span> <span class='ocrx_word' id='word_1_111' title='bbox 1321 1235 1380 1298; x_wconf 91' lang='lat' dir='ltr'><strong>hoc</strong></span> <span class='ocrx_word' id='word_1_112' title='bbox 1399 1245 1481 1301; x_wconf 90' lang='lat' dir='ltr'><strong>oerto</strong></span> 
     </span>
     <span class='ocr_line' id='line_1_13' title="bbox 207 1323 1482 1406; baseline -0.005 -12"><span class='ocrx_word' id='word_1_113' title='bbox 207 1335 327 1394; x_wconf 88' lang='lat' dir='ltr'><strong>constat</strong></span> <span class='ocrx_word' id='word_1_114' title='bbox 348 1347 386 1391; x_wconf 79' lang='lat' dir='ltr'><strong>cx</strong></span> <span class='ocrx_word' id='word_1_115' title='bbox 403 1328 479 1389; x_wconf 73' lang='lat' dir='ltr'><strong>June</strong></span> <span class='ocrx_word' id='word_1_116' title='bbox 500 1324 591 1399; x_wconf 75' lang='lat' dir='ltr'><strong>Cosa,</strong></span> <span class='ocrx_word' id='word_1_117' title='bbox 613 1325 713 1406; x_wconf 88' lang='lat' dir='ltr'><strong>quoad</strong></span> <span class='ocrx_word' id='word_1_118' title='bbox 729 1325 850 1386; x_wconf 88' lang='lat' dir='ltr'><strong>lucrum</strong></span> <span class='ocrx_word' id='word_1_119' title='bbox 869 1324 1047 1386; x_wconf 71' lang='lat' dir='ltr'><strong>samarium</strong></span> <span class='ocrx_word' id='word_1_120' title='bbox 1067 1329 1099 1386; x_wconf 90' lang='lat' dir='ltr'><strong>et</strong></span> <span class='ocrx_word' id='word_1_121' title='bbox 1113 1323 1324 1386; x_wconf 78' lang='lat' dir='ltr'><strong>simoniacam.</strong></span> <span class='ocrx_word' id='word_1_122' title='bbox 1349 1326 1482 1390; x_wconf 86' lang='lat' dir='ltr'><strong>Videtur</strong></span> 
     </span>
     <span class='ocr_line' id='line_1_14' title="bbox 207 1412 1482 1483; baseline -0.004 0"><span class='ocrx_word' id='word_1_123' title='bbox 207 1419 302 1483; x_wconf 88' lang='lat' dir='ltr'><strong>etiam</strong></span> <span class='ocrx_word' id='word_1_124' title='bbox 322 1417 372 1480; x_wconf 81' lang='lat' dir='ltr'><strong>lex</strong></span> <span class='ocrx_word' id='word_1_125' title='bbox 394 1414 538 1480; x_wconf 83' lang='lat' dir='ltr'><strong>canonica</strong></span> <span class='ocrx_word' id='word_1_126' title='bbox 556 1433 594 1478; x_wconf 76' lang='lat' dir='ltr'><strong>aa</strong></span> <span class='ocrx_word' id='word_1_127' title='bbox 613 1413 825 1476; x_wconf 69' lang='lat' dir='ltr'><strong>consuetudine</strong></span> <span class='ocrx_word' id='word_1_128' title='bbox 841 1412 880 1474; x_wconf 89' lang='lat' dir='ltr'><strong>ad</strong></span> <span class='ocrx_word' id='word_1_129' title='bbox 895 1419 1018 1476; x_wconf 70' lang='lat' dir='ltr'><strong>ceteros</strong></span> <span class='ocrx_word' id='word_1_130' title='bbox 1034 1429 1122 1475; x_wconf 88' lang='lat' dir='ltr'><strong>casus</strong></span> <span class='ocrx_word' id='word_1_131' title='bbox 1140 1413 1282 1476; x_wconf 76' lang='lat' dir='ltr'><strong>ostendi:</strong></span> <span class='ocrx_word' id='word_1_132' title='bbox 1300 1415 1482 1478; x_wconf 79' lang='lat' dir='ltr'><strong>consuetudo</strong></span> 
     </span>
     <span class='ocr_line' id='line_1_15' title="bbox 207 1501 1574 1588; baseline -0.006 -18"><span class='ocrx_word' id='word_1_133' title='bbox 207 1517 308 1570; x_wconf 85' lang='lat' dir='ltr'><strong>autem</strong></span> <span class='ocrx_word' id='word_1_134' title='bbox 327 1509 440 1588; x_wconf 85' lang='lat' dir='ltr'><strong>optima</strong></span> <span class='ocrx_word' id='word_1_135' title='bbox 462 1515 506 1566; x_wconf 85' lang='lat' dir='ltr'><strong>est</strong></span> <span class='ocrx_word' id='word_1_136' title='bbox 528 1503 625 1586; x_wconf 74' lang='lat' dir='ltr'><strong>lepram</strong></span> <span class='ocrx_word' id='word_1_137' title='bbox 645 1507 804 1584; x_wconf 77' lang='lat' dir='ltr'><strong>interpres,</strong></span> <span class='ocrx_word' id='word_1_138' title='bbox 818 1503 953 1584; x_wconf 78' lang='lat' dir='ltr'><strong>Apparet</strong></span> <span class='ocrx_word' id='word_1_139' title='bbox 972 1501 1071 1582; x_wconf 51' lang='lat' dir='ltr'><strong>igitur¹</strong></span> <span class='ocrx_word' id='word_1_140' title='bbox 1087 1501 1166 1566; x_wconf 87' lang='lat' dir='ltr'><strong>circa</strong></span> <span class='ocrx_word' id='word_1_141' title='bbox 1184 1501 1241 1564; x_wconf 90' lang='lat' dir='ltr'><strong>hoo</strong></span> <span class='ocrx_word' id='word_1_142' title='bbox 1252 1503 1307 1584; x_wconf 78' lang='lat' dir='ltr'><strong>jas</strong></span> <span class='ocrx_word' id='word_1_143' title='bbox 1326 1503 1481 1586; x_wconf 72' lang='lat' dir='ltr'><strong>quoddam</strong></span> <span class='ocrx_word' id='word_1_144' title='bbox 1573 1549 1574 1562; x_wconf 45' lang='lat'>2</span> 
     </span>
     <span class='ocr_line' id='line_1_16' title="bbox 206 1593 654 1678; baseline -0.018 -19"><span class='ocrx_word' id='word_1_145' title='bbox 206 1600 342 1678; x_wconf 69' lang='lat' dir='ltr'><strong>pestium</strong></span> <span class='ocrx_word' id='word_1_146' title='bbox 355 1593 568 1657; x_wconf 89' lang='lat' dir='ltr'><strong>introductum</strong></span> <span class='ocrx_word' id='word_1_147' title='bbox 580 1609 654 1656; x_wconf 88' lang='lat' dir='ltr'><strong>esse.</strong></span> 
     </span>
    </p>

    <p class='ocr_par' dir='ltr' id='par_1_5' title="bbox 205 1679 1483 2296">
     <span class='ocr_line' id='line_1_17' title="bbox 246 1679 1483 1765; baseline -0.001 -18"><span class='ocrx_word' id='word_1_148' title='bbox 246 1685 359 1748; x_wconf 87' lang='lat' dir='ltr'><strong>Dicunt</strong></span> <span class='ocrx_word' id='word_1_149' title='bbox 380 1682 503 1765; x_wconf 81' lang='lat' dir='ltr'><strong>quidam</strong></span> <span class='ocrx_word' id='word_1_150' title='bbox 520 1681 688 1744; x_wconf 79' lang='lat' dir='ltr'><strong>debitorem</strong></span> <span class='ocrx_word' id='word_1_151' title='bbox 709 1698 797 1761; x_wconf 87' lang='lat' dir='ltr'><strong>posse</strong></span> <span class='ocrx_word' id='word_1_152' title='bbox 814 1699 850 1743; x_wconf 89' lang='lat' dir='ltr'><strong>ca</strong></span> <span class='ocrx_word' id='word_1_153' title='bbox 867 1680 1042 1761; x_wconf 88' lang='lat' dir='ltr'><strong>impendere</strong></span> <span class='ocrx_word' id='word_1_154' title='bbox 1058 1679 1095 1742; x_wconf 88' lang='lat' dir='ltr'><strong>in</strong></span> <span class='ocrx_word' id='word_1_155' title='bbox 1115 1679 1285 1744; x_wconf 79' lang='lat' dir='ltr'><strong>utilitatem</strong></span> <span class='ocrx_word' id='word_1_156' title='bbox 1309 1683 1483 1762; x_wconf 87' lang='lat' dir='ltr'><strong>quamlibet</strong></span> 
     </span>
     <span class='ocr_line' id='line_1_18' title="bbox 205 1768 1478 1856; baseline -0.003 -18"><span class='ocrx_word' id='word_1_157' title='bbox 205 1774 360 1856; x_wconf 88' lang='lat' dir='ltr'><strong>publicam</strong></span> <span class='ocrx_word' id='word_1_158' title='bbox 375 1772 470 1834; x_wconf 88' lang='lat' dir='ltr'><strong>etiarn</strong></span> <span class='ocrx_word' id='word_1_159' title='bbox 484 1769 652 1851; x_wconf 81' lang='lat' dir='ltr'><strong>prolanam.</strong></span> <span class='ocrx_word' id='word_1_160' title='bbox 667 1773 784 1832; x_wconf 88' lang='lat' dir='ltr'><strong>Verum</strong></span> <span class='ocrx_word' id='word_1_161' title='bbox 800 1770 834 1832; x_wconf 92' lang='lat' dir='ltr'><strong>in</strong></span> <span class='ocrx_word' id='word_1_162' title='bbox 848 1769 935 1850; x_wconf 82' lang='lat' dir='ltr'><strong>praxi</strong></span> <span class='ocrx_word' id='word_1_163' title='bbox 949 1768 1165 1832; x_wconf 83' lang='lat' dir='ltr'><strong>consuetudini</strong></span> <span class='ocrx_word' id='word_1_164' title='bbox 1181 1771 1314 1849; x_wconf 78' lang='lat' dir='ltr'><strong>generali</strong></span> <span class='ocrx_word' id='word_1_165' title='bbox 1332 1773 1478 1834; x_wconf 85' lang='lat' dir='ltr'><strong>standum</strong></span> 
     </span>
     <span class='ocr_line' id='line_1_19' title="bbox 205 1857 1478 1942; baseline -0.002 -16"><span class='ocrx_word' id='word_1_166' title='bbox 205 1868 263 1926; x_wconf 88' lang='lat' dir='ltr'><strong>est.</strong></span> <span class='ocrx_word' id='word_1_167' title='bbox 287 1867 454 1942; x_wconf 88' lang='lat' dir='ltr'><strong>Nunquam</strong></span> <span class='ocrx_word' id='word_1_168' title='bbox 475 1865 580 1922; x_wconf 87' lang='lat' dir='ltr'><strong>autern</strong></span> <span class='ocrx_word' id='word_1_169' title='bbox 601 1876 753 1939; x_wconf 88' lang='lat' dir='ltr'><strong>possessor</strong></span> <span class='ocrx_word' id='word_1_170' title='bbox 774 1859 863 1922; x_wconf 85' lang='lat' dir='ltr'><strong>malae</strong></span> <span class='ocrx_word' id='word_1_171' title='bbox 880 1857 971 1932; x_wconf 76' lang='lat' dir='ltr'><strong>fica,</strong></span> <span class='ocrx_word' id='word_1_172' title='bbox 996 1875 1095 1940; x_wconf 87' lang='lat' dir='ltr'><strong>noque</strong></span> <span class='ocrx_word' id='word_1_173' title='bbox 1113 1858 1326 1924; x_wconf 79' lang='lat' dir='ltr'><strong>damnificatos</strong></span> <span class='ocrx_word' id='word_1_174' title='bbox 1343 1859 1478 1940; x_wconf 89' lang='lat' dir='ltr'><strong>injustus</strong></span> 
     </span>
     <span class='ocr_line' id='line_1_20' title="bbox 206 1947 1477 2030; baseline -0.005 -14"><span class='ocrx_word' id='word_1_175' title='bbox 206 1951 347 2016; x_wconf 85' lang='lat' dir='ltr'><strong>debitum</strong></span> <span class='ocrx_word' id='word_1_176' title='bbox 364 1950 496 2012; x_wconf 87' lang='lat' dir='ltr'><strong>retinere</strong></span> <span class='ocrx_word' id='word_1_177' title='bbox 515 1953 614 2028; x_wconf 84' lang='lat' dir='ltr'><strong>potest</strong></span> <span class='ocrx_word' id='word_1_178' title='bbox 629 1953 781 2028; x_wconf 78' lang='lat' dir='ltr'><strong>pretextu</strong></span> <span class='ocrx_word' id='word_1_179' title='bbox 802 1947 956 2028; x_wconf 88' lang='lat' dir='ltr'><strong>quolibet,</strong></span> <span class='ocrx_word' id='word_1_180' title='bbox 971 1947 1063 2010; x_wconf 85' lang='lat' dir='ltr'><strong>etiam</strong></span> <span class='ocrx_word' id='word_1_181' title='bbox 1080 1947 1285 2028; x_wconf 78' lang='lat' dir='ltr'><strong>paupertatis,</strong></span> <span class='ocrx_word' id='word_1_182' title='bbox 1299 1949 1374 2030; x_wconf 88' lang='lat' dir='ltr'><strong>quia</strong></span> <span class='ocrx_word' id='word_1_183' title='bbox 1387 1967 1477 2012; x_wconf 87' lang='lat' dir='ltr'><strong>nemo</strong></span> 
     </span>
     <span class='ocr_line' id='line_1_21' title="bbox 206 2035 1472 2120; baseline -0.004 -17"><span class='ocrx_word' id='word_1_184' title='bbox 206 2059 245 2103; x_wconf 82' lang='lat' dir='ltr'><strong>ex</strong></span> <span class='ocrx_word' id='word_1_185' title='bbox 256 2039 376 2102; x_wconf 88' lang='lat' dir='ltr'><strong>malitia</strong></span> <span class='ocrx_word' id='word_1_186' title='bbox 391 2056 446 2100; x_wconf 91' lang='lat' dir='ltr'><strong>sua</strong></span> <span class='ocrx_word' id='word_1_187' title='bbox 458 2037 656 2100; x_wconf 86' lang='lat' dir='ltr'><strong>commodum</strong></span> <span class='ocrx_word' id='word_1_188' title='bbox 665 2043 818 2117; x_wconf 86' lang='lat' dir='ltr'><strong>reportare</strong></span> <span class='ocrx_word' id='word_1_189' title='bbox 829 2037 929 2112; x_wconf 90' lang='lat' dir='ltr'><strong>debet,</strong></span> <span class='ocrx_word' id='word_1_190' title='bbox 942 2040 980 2100; x_wconf 88' lang='lat' dir='ltr'><strong>ut</strong></span> <span class='ocrx_word' id='word_1_191' title='bbox 987 2038 1053 2118; x_wconf 87' lang='lat' dir='ltr'><strong>jam</strong></span> <span class='ocrx_word' id='word_1_192' title='bbox 1068 2035 1187 2099; x_wconf 88' lang='lat' dir='ltr'><strong>dictum</strong></span> <span class='ocrx_word' id='word_1_193' title='bbox 1199 2041 1246 2100; x_wconf 90' lang='lat' dir='ltr'><strong>est</strong></span> <span class='ocrx_word' id='word_1_194' title='bbox 1255 2057 1350 2120; x_wconf 76' lang='lat' dir='ltr'><strong>supra</strong></span> <span class='ocrx_word' id='word_1_195' title='bbox 1363 2059 1391 2100; x_wconf 81' lang='lat' dir='ltr'><strong>o.</strong></span> <span class='ocrx_word' id='word_1_196' title='bbox 1402 2039 1472 2101; x_wconf 76' lang='lat'>699.</span> 
     </span>
     <span class='ocr_line' id='line_1_22' title="bbox 207 2125 1474 2208; baseline -0.006 -13"><span class='ocrx_word' id='word_1_197' title='bbox 207 2129 293 2195; x_wconf 88' lang='lat' dir='ltr'><strong>Unde</strong></span> <span class='ocrx_word' id='word_1_198' title='bbox 316 2127 379 2190; x_wconf 90' lang='lat' dir='ltr'><strong>sola</strong></span> <span class='ocrx_word' id='word_1_199' title='bbox 397 2125 516 2190; x_wconf 88' lang='lat' dir='ltr'><strong>ratione</strong></span> <span class='ocrx_word' id='word_1_200' title='bbox 539 2125 742 2206; x_wconf 79' lang='lat' dir='ltr'><strong>impotentia,</strong></span> <span class='ocrx_word' id='word_1_201' title='bbox 765 2131 796 2188; x_wconf 90' lang='lat' dir='ltr'><strong>et</strong></span> <span class='ocrx_word' id='word_1_202' title='bbox 816 2127 855 2188; x_wconf 89' lang='lat' dir='ltr'><strong>ad</strong></span> <span class='ocrx_word' id='word_1_203' title='bbox 880 2131 1002 2205; x_wconf 89' lang='lat' dir='ltr'><strong>tempus</strong></span> <span class='ocrx_word' id='word_1_204' title='bbox 1021 2125 1159 2188; x_wconf 81' lang='lat' dir='ltr'><strong>excusari</strong></span> <span class='ocrx_word' id='word_1_205' title='bbox 1175 2133 1286 2206; x_wconf 88' lang='lat' dir='ltr'><strong>posset.</strong></span> <span class='ocrx_word' id='word_1_206' title='bbox 1305 2132 1404 2208; x_wconf 84' lang='lat' dir='ltr'><strong>Neque</strong></span> <span class='ocrx_word' id='word_1_207' title='bbox 1424 2128 1474 2188; x_wconf 86' lang='lat' dir='ltr'><strong>de-</strong></span> 
     </span>
     <span class='ocr_line' id='line_1_23' title="bbox 207 2213 1473 2296; baseline -0.002 -16"><span class='ocrx_word' id='word_1_208' title='bbox 207 2217 290 2282; x_wconf 89' lang='lat' dir='ltr'><strong>bitor</strong></span> <span class='ocrx_word' id='word_1_209' title='bbox 302 2217 354 2280; x_wconf 89' lang='lat' dir='ltr'><strong>illc</strong></span> <span class='ocrx_word' id='word_1_210' title='bbox 368 2214 548 2295; x_wconf 82' lang='lat' dir='ltr'><strong>obligationi</strong></span> <span class='ocrx_word' id='word_1_211' title='bbox 566 2213 764 2290; x_wconf 74' lang='lat' dir='ltr'><strong>satisfaceret,</strong></span> <span class='ocrx_word' id='word_1_212' title='bbox 781 2214 807 2276; x_wconf 89' lang='lat' dir='ltr'><strong>si</strong></span> <span class='ocrx_word' id='word_1_213' title='bbox 824 2215 916 2278; x_wconf 89' lang='lat' dir='ltr'><strong>alicui</strong></span> <span class='ocrx_word' id='word_1_214' title='bbox 933 2213 1052 2294; x_wconf 87' lang='lat' dir='ltr'><strong>privato</strong></span> <span class='ocrx_word' id='word_1_215' title='bbox 1068 2232 1131 2278; x_wconf 91' lang='lat' dir='ltr'><strong>non</strong></span> <span class='ocrx_word' id='word_1_216' title='bbox 1151 2216 1279 2296; x_wconf 78' lang='lat' dir='ltr'><strong>pauperi</strong></span> <span class='ocrx_word' id='word_1_217' title='bbox 1291 2219 1473 2281; x_wconf 88' lang='lat' dir='ltr'><strong>restitueret.</strong></span> 
     </span>
    </p>
   </div>
   <div class='ocr_carea' id='block_1_3' title="bbox 707 2431 989 2498">
    <p class='ocr_par' dir='ltr' id='par_1_6' title="bbox 707 2431 989 2498">
     <span class='ocr_line' id='line_1_24' title="bbox 707 2431 989 2498; baseline 0.004 -3"><span class='ocrx_word' id='word_1_218' title='bbox 707 2431 922 2498; x_wconf 76' lang='lat' dir='ltr'><strong>ARTIGULUS</strong></span> <span class='ocrx_word' id='word_1_219' title='bbox 947 2433 989 2496; x_wconf 88' lang='lat' dir='ltr'><strong>HI</strong></span> 
     </span>
    </p>
   </div>
   <div class='ocr_carea' id='block_1_4' title="bbox 582 2574 1108 2642">
    <p class='ocr_par' dir='ltr' id='par_1_7' title="bbox 582 2574 1108 2642">
     <span class='ocr_line' id='line_1_25' title="bbox 582 2574 1108 2642; baseline -0.004 -7"><span class='ocrx_word' id='word_1_220' title='bbox 582 2589 638 2642; x_wconf 85' lang='lat' dir='ltr'><strong>ouo</strong></span> <span class='ocrx_word' id='word_1_221' title='bbox 660 2589 769 2636; x_wconf 82' lang='lat' dir='ltr'><strong>orama</strong></span> <span class='ocrx_word' id='word_1_222' title='bbox 790 2589 836 2634; x_wconf 87' lang='lat' dir='ltr'><strong>srr</strong></span> <span class='ocrx_word' id='word_1_223' title='bbox 856 2574 1108 2636; x_wconf 82' lang='lat' dir='ltr'><strong>assrrrossnon?</strong></span> 
     </span>
    </p>
   </div>
   <div class='ocr_carea' id='block_1_5' title="bbox 211 2748 1573 3008">
    <p class='ocr_par' dir='ltr' id='par_1_8' title="bbox 211 2748 1573 3008">
     <span class='ocr_line' id='line_1_26' title="bbox 250 2748 1485 2830; baseline -0.001 -15"><span class='ocrx_word' id='word_1_224' title='bbox 250 2751 328 2815; x_wconf 88' lang='lat' dir='ltr'><strong>Ordo</strong></span> <span class='ocrx_word' id='word_1_225' title='bbox 350 2750 555 2813; x_wconf 89' lang='lat' dir='ltr'><strong>restitutionis</strong></span> <span class='ocrx_word' id='word_1_226' title='bbox 577 2749 705 2829; x_wconf 89' lang='lat' dir='ltr'><strong>spectari</strong></span> <span class='ocrx_word' id='word_1_227' title='bbox 725 2754 825 2828; x_wconf 86' lang='lat' dir='ltr'><strong>potest</strong></span> <span class='ocrx_word' id='word_1_228' title='bbox 847 2753 916 2811; x_wconf 91' lang='lat' dir='ltr'><strong>tum</strong></span> <span class='ocrx_word' id='word_1_229' title='bbox 938 2767 975 2812; x_wconf 79' lang='lat' dir='ltr'><strong>ex</strong></span> <span class='ocrx_word' id='word_1_230' title='bbox 995 2755 1081 2830; x_wconf 88' lang='lat' dir='ltr'><strong>parte</strong></span> <span class='ocrx_word' id='word_1_231' title='bbox 1108 2763 1211 2814; x_wconf 86' lang='lat' dir='ltr'><strong>eorum</strong></span> <span class='ocrx_word' id='word_1_232' title='bbox 1235 2748 1289 2830; x_wconf 85' lang='lat' dir='ltr'><strong>qui</strong></span> <span class='ocrx_word' id='word_1_233' title='bbox 1311 2749 1485 2814; x_wconf 84' lang='lat' dir='ltr'><strong>restituere</strong></span> 
     </span>
     <span class='ocr_line' id='line_1_27' title="bbox 211 2835 1488 2921; baseline -0.001 -18"><span class='ocrx_word' id='word_1_234' title='bbox 211 2839 338 2914; x_wconf 88' lang='lat' dir='ltr'><strong>debent,</strong></span> <span class='ocrx_word' id='word_1_235' title='bbox 363 2839 486 2920; x_wconf 85' lang='lat' dir='ltr'><strong>quando</strong></span> <span class='ocrx_word' id='word_1_236' title='bbox 511 2839 614 2920; x_wconf 89' lang='lat' dir='ltr'><strong>plures</strong></span> <span class='ocrx_word' id='word_1_237' title='bbox 634 2837 669 2900; x_wconf 86' lang='lat' dir='ltr'><strong>in</strong></span> <span class='ocrx_word' id='word_1_238' title='bbox 691 2835 774 2900; x_wconf 89' lang='lat' dir='ltr'><strong>idem</strong></span> <span class='ocrx_word' id='word_1_239' title='bbox 798 2838 951 2902; x_wconf 88' lang='lat' dir='ltr'><strong>damnum</strong></span> <span class='ocrx_word' id='word_1_240' title='bbox 971 2838 1121 2920; x_wconf 84' lang='lat' dir='ltr'><strong>cooperati</strong></span> <span class='ocrx_word' id='word_1_241' title='bbox 1143 2843 1314 2914; x_wconf 88' lang='lat' dir='ltr'><strong>sunt,tum</strong></span> <span class='ocrx_word' id='word_1_242' title='bbox 1335 2857 1375 2902; x_wconf 82' lang='lat' dir='ltr'><strong>cx</strong></span> <span class='ocrx_word' id='word_1_243' title='bbox 1394 2849 1488 2921; x_wconf 78' lang='lat' dir='ltr'><strong>parte</strong></span> 
     </span>
     <span class='ocr_line' id='line_1_28' title="bbox 212 2927 1573 3008; baseline -0.004 -17"><span class='ocrx_word' id='word_1_244' title='bbox 212 2945 319 2991; x_wconf 88' lang='lat' dir='ltr'><strong>eorum</strong></span> <span class='ocrx_word' id='word_1_245' title='bbox 330 2927 754 3008; x_wconf 76' lang='lat' dir='ltr'><strong>quibusmstitusndumest.</strong></span> <span class='ocrx_word' id='word_1_246' title='bbox 1572 2935 1573 2948; x_wconf 62' lang='lat'>¹</span> 
     </span>
    </p>
   </div>
   <div class='ocr_carea' id='block_1_6' title="bbox 403 3136 1297 3230">
    <p class='ocr_par' dir='ltr' id='par_1_9' title="bbox 403 3136 1297 3230">
     <span class='ocr_line' id='line_1_29' title="bbox 403 3136 1297 3230; baseline 0.003 -23"><span class='ocrx_word' id='word_1_247' title='bbox 403 3138 424 3230; x_wconf 63' lang='grc' dir='ltr'><strong>ἓ</strong></span> <span class='ocrx_word' id='word_1_248' title='bbox 448 3139 476 3207; x_wconf 90' lang='lat'><strong>1.</strong></span> <span class='ocrx_word' id='word_1_249' title='bbox 501 3139 549 3207; x_wconf 85' lang='lat' dir='ltr'><strong>De</strong></span> <span class='ocrx_word' id='word_1_250' title='bbox 566 3136 687 3208; x_wconf 81' lang='lat' dir='ltr'><strong>ordine</strong></span> <span class='ocrx_word' id='word_1_251' title='bbox 699 3139 922 3208; x_wconf 81' lang='lat' dir='ltr'><strong>restitutionis</strong></span> <span class='ocrx_word' id='word_1_252' title='bbox 941 3139 1032 3208; x_wconf 83' lang='lat' dir='ltr'><strong>inter</strong></span> <span class='ocrx_word' id='word_1_253' title='bbox 1048 3150 1297 3230; x_wconf 58' lang='lat' dir='ltr'><strong>cooperatores.</strong></span> 
     </span>
    </p>
   </div>
   <div class='ocr_carea' id='block_1_7' title="bbox 214 3325 1488 3765">
    <p class='ocr_par' dir='ltr' id='par_1_10' title="bbox 214 3325 1488 3765">
     <span class='ocr_line' id='line_1_30' title="bbox 254 3325 1486 3414; baseline 0.002 -20"><span class='ocrx_word' id='word_1_254' title='bbox 254 3331 324 3395; x_wconf 71' lang='lat'><strong>¹102.</strong></span> <span class='ocrx_word' id='word_1_255' title='bbox 339 3363 378 3373; x_wconf 96' lang='grc'>-</span> <span class='ocrx_word' id='word_1_256' title='bbox 397 3325 444 3391; x_wconf 85' lang='lat' dir='ltr'><strong>Ad</strong></span> <span class='ocrx_word' id='word_1_257' title='bbox 463 3325 602 3390; x_wconf 79' lang='lat' dir='ltr'><strong>ordinem</strong></span> <span class='ocrx_word' id='word_1_258' title='bbox 621 3326 822 3389; x_wconf 85' lang='lat' dir='ltr'><strong>restitutionis</strong></span> <span class='ocrx_word' id='word_1_259' title='bbox 841 3327 1019 3390; x_wconf 81' lang='lat' dir='ltr'><strong>insolidum</strong></span> <span class='ocrx_word' id='word_1_260' title='bbox 1038 3327 1261 3408; x_wconf 77' lang='lat' dir='ltr'><strong>assignandum</strong></span> <span class='ocrx_word' id='word_1_261' title='bbox 1280 3332 1364 3394; x_wconf 88' lang='lat' dir='ltr'><strong>inter</strong></span> <span class='ocrx_word' id='word_1_262' title='bbox 1387 3351 1486 3414; x_wconf 87' lang='lat' dir='ltr'><strong>ooope-</strong></span> 
     </span>
     <span class='ocr_line' id='line_1_31' title="bbox 214 3415 1485 3499; baseline -0.001 -17"><span class='ocrx_word' id='word_1_263' title='bbox 214 3423 329 3482; x_wconf 83' lang='lat' dir='ltr'><strong>ratores</strong></span> <span class='ocrx_word' id='word_1_264' title='bbox 343 3415 379 3480; x_wconf 90' lang='lat' dir='ltr'><strong>in</strong></span> <span class='ocrx_word' id='word_1_265' title='bbox 393 3415 705 3492; x_wconf 88' lang='lat' dir='ltr'><strong>damnumalienum,</strong></span> <span class='ocrx_word' id='word_1_266' title='bbox 722 3415 948 3497; x_wconf 89' lang='lat' dir='ltr'><strong>inspiciendum</strong></span> <span class='ocrx_word' id='word_1_267' title='bbox 960 3421 1020 3488; x_wconf 91' lang='lat' dir='ltr'><strong>est,</strong></span> <span class='ocrx_word' id='word_1_268' title='bbox 1040 3435 1118 3480; x_wconf 90' lang='lat' dir='ltr'><strong>num</strong></span> <span class='ocrx_word' id='word_1_269' title='bbox 1130 3417 1242 3499; x_wconf 85' lang='lat' dir='ltr'><strong>aliquis</strong></span> <span class='ocrx_word' id='word_1_270' title='bbox 1254 3438 1363 3483; x_wconf 88' lang='lat' dir='ltr'><strong>eorum</strong></span> <span class='ocrx_word' id='word_1_271' title='bbox 1383 3421 1485 3484; x_wconf 85' lang='lat' dir='ltr'><strong>damni</strong></span> 
     </span>
     <span class='ocr_line' id='line_1_32' title="bbox 215 3503 1486 3588; baseline 0.002 -17"><span class='ocrx_word' id='word_1_272' title='bbox 215 3523 306 3572; x_wconf 86' lang='lat' dir='ltr'><strong>causa</strong></span> <span class='ocrx_word' id='word_1_273' title='bbox 325 3507 366 3570; x_wconf 91' lang='lat' dir='ltr'><strong>sit</strong></span> <span class='ocrx_word' id='word_1_274' title='bbox 380 3503 574 3588; x_wconf 74' lang='lat' dir='ltr'><strong>principalis,</strong></span> <span class='ocrx_word' id='word_1_275' title='bbox 600 3520 654 3566; x_wconf 89' lang='lat' dir='ltr'><strong>seu</strong></span> <span class='ocrx_word' id='word_1_276' title='bbox 669 3503 831 3586; x_wconf 87' lang='lat' dir='ltr'><strong>primaria;</strong></span> <span class='ocrx_word' id='word_1_277' title='bbox 853 3512 961 3568; x_wconf 89' lang='lat' dir='ltr'><strong>utrum</strong></span> <span class='ocrx_word' id='word_1_278' title='bbox 978 3505 1174 3580; x_wconf 80' lang='lat' dir='ltr'><strong>secundaria,</strong></span> <span class='ocrx_word' id='word_1_279' title='bbox 1196 3526 1251 3570; x_wconf 89' lang='lat' dir='ltr'><strong>scu</strong></span> <span class='ocrx_word' id='word_1_280' title='bbox 1272 3509 1486 3581; x_wconf 84' lang='lat' dir='ltr'><strong>subordinata;</strong></span> 
     </span>
     <span class='ocr_line' id='line_1_33' title="bbox 214 3593 1488 3677; baseline 0.003 -19"><span class='ocrx_word' id='word_1_281' title='bbox 214 3614 257 3658; x_wconf 88' lang='lat' dir='ltr'><strong>an</strong></span> <span class='ocrx_word' id='word_1_282' title='bbox 270 3595 402 3677; x_wconf 88' lang='lat' dir='ltr'><strong>denique</strong></span> <span class='ocrx_word' id='word_1_283' title='bbox 418 3593 618 3671; x_wconf 83' lang='lat' dir='ltr'><strong>collateralis,</strong></span> <span class='ocrx_word' id='word_1_284' title='bbox 637 3611 691 3656; x_wconf 90' lang='lat' dir='ltr'><strong>seu</strong></span> <span class='ocrx_word' id='word_1_285' title='bbox 709 3593 845 3675; x_wconf 78' lang='lat' dir='ltr'><strong>equalis.</strong></span> <span class='ocrx_word' id='word_1_286' title='bbox 862 3597 1072 3676; x_wconf 84' lang='lat' dir='ltr'><strong>Coeperatores</strong></span> <span class='ocrx_word' id='word_1_287' title='bbox 1089 3594 1173 3659; x_wconf 86' lang='lat' dir='ltr'><strong>eninr</strong></span> <span class='ocrx_word' id='word_1_288' title='bbox 1193 3595 1229 3659; x_wconf 90' lang='lat' dir='ltr'><strong>in</strong></span> <span class='ocrx_word' id='word_1_289' title='bbox 1249 3599 1401 3661; x_wconf 89' lang='lat' dir='ltr'><strong>damnum</strong></span> <span class='ocrx_word' id='word_1_290' title='bbox 1420 3617 1488 3662; x_wconf 89' lang='lat' dir='ltr'><strong>con-</strong></span> 
     </span>
     <span class='ocr_line' id='line_1_34' title="bbox 215 3681 1273 3765; baseline 0 -18"><span class='ocrx_word' id='word_1_291' title='bbox 215 3701 336 3747; x_wconf 83' lang='lat' dir='ltr'><strong>currere</strong></span> <span class='ocrx_word' id='word_1_292' title='bbox 350 3689 480 3765; x_wconf 89' lang='lat' dir='ltr'><strong>possunt</strong></span> <span class='ocrx_word' id='word_1_293' title='bbox 494 3683 541 3746; x_wconf 88' lang='lat' dir='ltr'><strong>vel</strong></span> <span class='ocrx_word' id='word_1_294' title='bbox 555 3683 660 3745; x_wconf 91' lang='lat' dir='ltr'><strong>eodem</strong></span> <span class='ocrx_word' id='word_1_295' title='bbox 672 3681 761 3746; x_wconf 87' lang='lat' dir='ltr'><strong>modo</strong></span> <span class='ocrx_word' id='word_1_296' title='bbox 778 3701 833 3745; x_wconf 91' lang='lat' dir='ltr'><strong>seu</strong></span> <span class='ocrx_word' id='word_1_297' title='bbox 844 3685 955 3763; x_wconf 84' lang='lat' dir='ltr'><strong>gradu,</strong></span> <span class='ocrx_word' id='word_1_298' title='bbox 972 3685 1020 3746; x_wconf 88' lang='lat' dir='ltr'><strong>vol</strong></span> <span class='ocrx_word' id='word_1_299' title='bbox 1033 3685 1124 3747; x_wconf 86' lang='lat' dir='ltr'><strong>modo</strong></span> <span class='ocrx_word' id='word_1_300' title='bbox 1141 3685 1273 3749; x_wconf 82' lang='lat' dir='ltr'><strong>divorso.</strong></span> 
     </span>
    </p>
   </div>
   <div class='ocr_carea' id='block_1_8' title="bbox 337 3835 561 3918">
    <p class='ocr_par' dir='ltr' id='par_1_11' title="bbox 337 3835 561 3918">
     <span class='ocr_line' id='line_1_35' title="bbox 337 3835 561 3918; baseline -0.013 -16"><span class='ocrx_word' id='word_1_301' title='bbox 337 3835 561 3918; x_wconf 86' lang='lat' dir='ltr'><strong>Princlpla.</strong></span> 
     </span>
    </p>
   </div>
   <div class='ocr_carea' id='block_1_9' title="bbox 212 3977 1491 4581">
    <p class='ocr_par' dir='ltr' id='par_1_12' title="bbox 212 3977 1491 4414">
     <span class='ocr_line' id='line_1_36' title="bbox 254 3977 1491 4066; baseline 0.002 -22"><span class='ocrx_word' id='word_1_302' title='bbox 254 3985 278 4044; x_wconf 95' lang='grc' dir='ltr'><strong>Ι.</strong></span> <span class='ocrx_word' id='word_1_303' title='bbox 295 3982 328 4048; x_wconf 86' lang='lat' dir='ltr'><strong>Si</strong></span> <span class='ocrx_word' id='word_1_304' title='bbox 342 4001 448 4046; x_wconf 91' lang='lat' dir='ltr'><strong>omnes</strong></span> <span class='ocrx_word' id='word_1_305' title='bbox 460 3981 559 4044; x_wconf 83' lang='lat' dir='ltr'><strong>eodem</strong></span> <span class='ocrx_word' id='word_1_306' title='bbox 572 3979 657 4042; x_wconf 85' lang='lat' dir='ltr'><strong>modo</strong></span> <span class='ocrx_word' id='word_1_307' title='bbox 672 3979 896 4055; x_wconf 85' lang='lat' dir='ltr'><strong>concurrerint,</strong></span> <span class='ocrx_word' id='word_1_308' title='bbox 913 3977 1028 4062; x_wconf 80' lang='lat' dir='ltr'><strong>singuli</strong></span> <span class='ocrx_word' id='word_1_309' title='bbox 1041 3977 1199 4066; x_wconf 79' lang='lat' dir='ltr'><strong>aqualiter</strong></span> <span class='ocrx_word' id='word_1_310' title='bbox 1216 3981 1251 4045; x_wconf 83' lang='lat' dir='ltr'><strong>in</strong></span> <span class='ocrx_word' id='word_1_311' title='bbox 1273 3983 1406 4047; x_wconf 81' lang='lat' dir='ltr'><strong>solidam</strong></span> <span class='ocrx_word' id='word_1_312' title='bbox 1420 4005 1491 4046; x_wconf 76' lang='lat' dir='ltr'><strong>corr-</strong></span> 
     </span>
     <span class='ocr_line' id='line_1_37' title="bbox 213 4067 1490 4155; baseline -0.001 -22"><span class='ocrx_word' id='word_1_313' title='bbox 213 4069 360 4133; x_wconf 83' lang='lat' dir='ltr'><strong>ditionate</strong></span> <span class='ocrx_word' id='word_1_314' title='bbox 381 4069 542 4134; x_wconf 89' lang='lat' dir='ltr'><strong>restituere</strong></span> <span class='ocrx_word' id='word_1_315' title='bbox 564 4069 693 4144; x_wconf 89' lang='lat' dir='ltr'><strong>dehent,</strong></span> <span class='ocrx_word' id='word_1_316' title='bbox 717 4070 833 4152; x_wconf 86' lang='lat' dir='ltr'><strong>absque</strong></span> <span class='ocrx_word' id='word_1_317' title='bbox 855 4067 917 4133; x_wconf 92' lang='lat' dir='ltr'><strong>ullo</strong></span> <span class='ocrx_word' id='word_1_318' title='bbox 938 4067 1044 4134; x_wconf 84' lang='lat' dir='ltr'><strong>ordine</strong></span> <span class='ocrx_word' id='word_1_319' title='bbox 1064 4071 1282 4149; x_wconf 88' lang='lat' dir='ltr'><strong>determinato,</strong></span> <span class='ocrx_word' id='word_1_320' title='bbox 1304 4073 1379 4155; x_wconf 86' lang='lat' dir='ltr'><strong>quia</strong></span> <span class='ocrx_word' id='word_1_321' title='bbox 1400 4092 1490 4136; x_wconf 82' lang='lat' dir='ltr'><strong>neruo</strong></span> 
     </span>
     <span class='ocr_line' id='line_1_38' title="bbox 213 4157 1490 4244; baseline -0.001 -20"><span class='ocrx_word' id='word_1_322' title='bbox 213 4177 320 4224; x_wconf 87' lang='lat' dir='ltr'><strong>eorum</strong></span> <span class='ocrx_word' id='word_1_323' title='bbox 334 4163 435 4241; x_wconf 87' lang='lat' dir='ltr'><strong>majus</strong></span> <span class='ocrx_word' id='word_1_324' title='bbox 448 4157 620 4242; x_wconf 87' lang='lat' dir='ltr'><strong>periculam</strong></span> <span class='ocrx_word' id='word_1_325' title='bbox 638 4157 781 4240; x_wconf 87' lang='lat' dir='ltr'><strong>suscepit.</strong></span> <span class='ocrx_word' id='word_1_326' title='bbox 798 4157 868 4221; x_wconf 85' lang='lat' dir='ltr'><strong>Dixi</strong></span> <span class='ocrx_word' id='word_1_327' title='bbox 885 4157 1105 4240; x_wconf 83' lang='lat' dir='ltr'><strong>conditionate,</strong></span> <span class='ocrx_word' id='word_1_328' title='bbox 1119 4157 1151 4223; x_wconf 89' lang='lat' dir='ltr'><strong>id</strong></span> <span class='ocrx_word' id='word_1_329' title='bbox 1165 4167 1229 4237; x_wconf 89' lang='lat' dir='ltr'><strong>est,</strong></span> <span class='ocrx_word' id='word_1_330' title='bbox 1246 4163 1370 4244; x_wconf 85' lang='lat' dir='ltr'><strong>quando</strong></span> <span class='ocrx_word' id='word_1_331' title='bbox 1389 4163 1490 4226; x_wconf 80' lang='lat' dir='ltr'><strong>ceteri</strong></span> 
     </span>
     <span class='ocr_line' id='line_1_39' title="bbox 212 4245 1489 4332; baseline 0.005 -20"><span class='ocrx_word' id='word_1_332' title='bbox 212 4253 418 4331; x_wconf 87' lang='lat' dir='ltr'><strong>cooperatores</strong></span> <span class='ocrx_word' id='word_1_333' title='bbox 437 4266 500 4313; x_wconf 91' lang='lat' dir='ltr'><strong>non</strong></span> <span class='ocrx_word' id='word_1_334' title='bbox 523 4245 738 4324; x_wconf 85' lang='lat' dir='ltr'><strong>restituerent,</strong></span> <span class='ocrx_word' id='word_1_335' title='bbox 756 4245 804 4310; x_wconf 79' lang='lat' dir='ltr'><strong>rel</strong></span> <span class='ocrx_word' id='word_1_336' title='bbox 824 4245 929 4311; x_wconf 91' lang='lat' dir='ltr'><strong>nullus</strong></span> <span class='ocrx_word' id='word_1_337' title='bbox 949 4247 982 4310; x_wconf 81' lang='lat' dir='ltr'><strong>io</strong></span> <span class='ocrx_word' id='word_1_338' title='bbox 998 4247 1128 4312; x_wconf 78' lang='lat' dir='ltr'><strong>solidam</strong></span> <span class='ocrx_word' id='word_1_339' title='bbox 1147 4249 1285 4315; x_wconf 86' lang='lat' dir='ltr'><strong>solveret.</strong></span> <span class='ocrx_word' id='word_1_340' title='bbox 1300 4287 1340 4298; x_wconf 95' lang='lat'><strong>—</strong></span> <span class='ocrx_word' id='word_1_341' title='bbox 1366 4248 1489 4332; x_wconf 55' lang='lat' dir='ltr'><strong>Vsque.</strong></span> 
     </span>
     <span class='ocr_line' id='line_1_40' title="bbox 212 4341 408 4414; baseline 0 -16"><span class='ocrx_word' id='word_1_342' title='bbox 212 4355 244 4399; x_wconf 82' lang='lat' dir='ltr'><strong>n.</strong></span> <span class='ocrx_word' id='word_1_343' title='bbox 261 4341 335 4414; x_wconf 78' lang='lat' dir='ltr'><strong>eol,</strong></span> <span class='ocrx_word' id='word_1_344' title='bbox 351 4343 408 4401; x_wconf 87' lang='lat' dir='ltr'><strong>etc.</strong></span> 
     </span>
    </p>

    <p class='ocr_par' dir='ltr' id='par_1_13' title="bbox 213 4425 1491 4581">
     <span class='ocr_line' id='line_1_41' title="bbox 253 4425 1491 4510; baseline 0.002 -23"><span class='ocrx_word' id='word_1_345' title='bbox 253 4427 291 4486; x_wconf 89' lang='grc' dir='ltr'><strong>Π.</strong></span> <span class='ocrx_word' id='word_1_346' title='bbox 306 4425 339 4488; x_wconf 84' lang='lat' dir='ltr'><strong>si</strong></span> <span class='ocrx_word' id='word_1_347' title='bbox 352 4425 469 4489; x_wconf 81' lang='lat' dir='ltr'><strong>diverso</strong></span> <span class='ocrx_word' id='word_1_348' title='bbox 483 4427 568 4491; x_wconf 82' lang='lat' dir='ltr'><strong>modo</strong></span> <span class='ocrx_word' id='word_1_349' title='bbox 581 4431 779 4502; x_wconf 86' lang='lat' dir='ltr'><strong>concurrant,</strong></span> <span class='ocrx_word' id='word_1_350' title='bbox 794 4425 964 4510; x_wconf 80' lang='lat' dir='ltr'><strong>distingues</strong></span> <span class='ocrx_word' id='word_1_351' title='bbox 979 4427 1115 4494; x_wconf 88' lang='lat' dir='ltr'><strong>iterum:</strong></span> <span class='ocrx_word' id='word_1_352' title='bbox 1128 4445 1202 4496; x_wconf 87' lang='lat' dir='ltr'><strong>nam</strong></span> <span class='ocrx_word' id='word_1_353' title='bbox 1217 4429 1264 4495; x_wconf 86' lang='lat' dir='ltr'><strong>vel</strong></span> <span class='ocrx_word' id='word_1_354' title='bbox 1277 4429 1426 4504; x_wconf 71' lang='lat' dir='ltr'><strong>exiente,</strong></span> <span class='ocrx_word' id='word_1_355' title='bbox 1442 4431 1491 4491; x_wconf 72' lang='lat' dir='ltr'><strong>sol</strong></span> 
     </span>
     <span class='ocr_line' id='line_1_42' title="bbox 213 4515 780 4581; baseline 0.007 -6"><span class='ocrx_word' id='word_1_356' title='bbox 213 4529 252 4576; x_wconf 82' lang='lat' dir='ltr'><strong>er</strong></span> <span class='ocrx_word' id='word_1_357' title='bbox 264 4529 349 4576; x_wconf 87' lang='lat' dir='ltr'><strong>mero</strong></span> <span class='ocrx_word' id='word_1_358' title='bbox 362 4515 474 4578; x_wconf 89' lang='lat' dir='ltr'><strong>damno</strong></span> <span class='ocrx_word' id='word_1_359' title='bbox 487 4515 713 4581; x_wconf 85' lang='lat' dir='ltr'><strong>restituendum</strong></span> <span class='ocrx_word' id='word_1_360' title='bbox 725 4523 780 4580; x_wconf 84' lang='lat' dir='ltr'><strong>est.</strong></span> 
     </span>
    </p>
   </div>
   <div class='ocr_carea' id='block_1_10' title="bbox 0 0 1584 5026">
    <p class='ocr_par' dir='ltr' id='par_1_14' title="bbox 0 0 1584 5026">
     <span class='ocr_line' id='line_1_43' title="bbox 0 0 1584 5026; baseline 0 0"><span class='ocrx_word' id='word_1_361' title='bbox 0 0 1584 5026; x_wconf 95' lang='lat' dir='ltr'><strong> </strong></span> 
     </span>
    </p>
   </div>
  </div>
 </body>
</html>
