<?xml version="1.0" encoding="UTF-8"?>
<!DOCTYPE html PUBLIC "-//W3C//DTD XHTML 1.0 Transitional//EN"
    "http://www.w3.org/TR/xhtml1/DTD/xhtml1-transitional.dtd">
<html xmlns="http://www.w3.org/1999/xhtml" xml:lang="en" lang="en">
 <head>
  <title>
</title>
<meta http-equiv="Content-Type" content="text/html;charset=utf-8" />
  <meta name='ocr-system' content='tesseract 3.04.00' />
  <meta name='ocr-capabilities' content='ocr_page ocr_carea ocr_par ocr_line ocrx_word'/>
</head>
<body>
  <div class='ocr_page' id='page_1' title='image "./compendiumtheol02gurygoog_0296.png"; bbox 0 0 3206 5024; ppageno 0'>
   <div class='ocr_carea' id='block_1_1' title="bbox 581 201 1445 264">
    <p class='ocr_par' dir='ltr' id='par_1_1' title="bbox 581 201 1445 264">
     <span class='ocr_line' id='line_1_1' title="bbox 581 201 1445 264; baseline -0.003 0"><span class='ocrx_word' id='word_1_1' title='bbox 581 219 624 264; x_wconf 81' lang='lat' dir='ltr'><strong>an</strong></span> <span class='ocrx_word' id='word_1_2' title='bbox 644 217 847 264; x_wconf 81' lang='lat' dir='ltr'><strong>rancrrras</strong></span> <span class='ocrx_word' id='word_1_3' title='bbox 867 217 1044 264; x_wconf 82' lang='lat' dir='ltr'><strong>nrcaaocr</strong></span> <span class='ocrx_word' id='word_1_4' title='bbox 1376 201 1445 261; x_wconf 64' lang='grc' dir='ltr'><strong>Ἧι)</strong></span> 
     </span>
    </p>
   </div>
   <div class='ocr_carea' id='block_1_2' title="bbox 172 325 1481 1486">
    <p class='ocr_par' dir='ltr' id='par_1_2' title="bbox 172 325 1481 1486">
     <span class='ocr_line' id='line_1_2' title="bbox 174 325 1445 411; baseline -0.006 -14"><span class='ocrx_word' id='word_1_5' title='bbox 174 332 283 397; x_wconf 89' lang='lat' dir='ltr'><strong>minor</strong></span> <span class='ocrx_word' id='word_1_6' title='bbox 295 348 383 394; x_wconf 87' lang='lat' dir='ltr'><strong>mora</strong></span> <span class='ocrx_word' id='word_1_7' title='bbox 395 329 565 411; x_wconf 71' lang='lat' dir='ltr'>requiritur</span> <span class='ocrx_word' id='word_1_8' title='bbox 576 330 615 393; x_wconf 93' lang='lat' dir='ltr'><strong>ad</strong></span> <span class='ocrx_word' id='word_1_9' title='bbox 627 348 717 410; x_wconf 81' lang='lat' dir='ltr'><strong>grave</strong></span> <span class='ocrx_word' id='word_1_10' title='bbox 727 334 902 410; x_wconf 89' lang='lat' dir='ltr'><strong>peccatum,</strong></span> <span class='ocrx_word' id='word_1_11' title='bbox 916 328 971 392; x_wconf 91' lang='lat' dir='ltr'><strong>ubi</strong></span> <span class='ocrx_word' id='word_1_12' title='bbox 986 329 1071 391; x_wconf 90' lang='lat' dir='ltr'><strong>adest</strong></span> <span class='ocrx_word' id='word_1_13' title='bbox 1084 326 1253 410; x_wconf 86' lang='lat' dir='ltr'><strong>periculum</strong></span> <span class='ocrx_word' id='word_1_14' title='bbox 1272 325 1445 402; x_wconf 84' lang='lat' dir='ltr'><strong>oblivionis,</strong></span> 
     </span>
     <span class='ocr_line' id='line_1_3' title="bbox 172 415 1446 500; baseline -0.004 -15"><span class='ocrx_word' id='word_1_15' title='bbox 172 421 225 486; x_wconf 91' lang='lat' dir='ltr'><strong>vel</strong></span> <span class='ocrx_word' id='word_1_16' title='bbox 232 419 497 500; x_wconf 75' lang='lat' dir='ltr'><strong>impotentiae,aut</strong></span> <span class='ocrx_word' id='word_1_17' title='bbox 510 418 690 482; x_wconf 90' lang='lat' dir='ltr'><strong>imminutio</strong></span> <span class='ocrx_word' id='word_1_18' title='bbox 697 417 839 482; x_wconf 85' lang='lat' dir='ltr'><strong>notabilis</strong></span> <span class='ocrx_word' id='word_1_19' title='bbox 852 417 925 492; x_wconf 88' lang='lat' dir='ltr'><strong>voti,</strong></span> <span class='ocrx_word' id='word_1_20' title='bbox 933 417 1010 480; x_wconf 84' lang='lat' dir='ltr'><strong>utin</strong></span> <span class='ocrx_word' id='word_1_21' title='bbox 1019 417 1269 499; x_wconf 83' lang='lat' dir='ltr'><strong>iisquaeprotota</strong></span> <span class='ocrx_word' id='word_1_22' title='bbox 1280 415 1446 480; x_wconf 80' lang='lat' dir='ltr'><strong>vitaliunt.</strong></span> 
     </span>
     <span class='ocr_line' id='line_1_4' title="bbox 187 511 1447 598; baseline -0.002 -23"><span class='ocrx_word' id='word_1_23' title='bbox 187 565 192 575; x_wconf 90' lang='lat'><strong><em>.</em></strong></span> <span class='ocrx_word' id='word_1_24' title='bbox 216 517 297 582; x_wconf 86' lang='lat' dir='ltr'><strong>Hinc</strong></span> <span class='ocrx_word' id='word_1_25' title='bbox 312 523 345 580; x_wconf 86' lang='lat' dir='ltr'><strong>l⁰</strong></span> <span class='ocrx_word' id='word_1_26' title='bbox 359 522 461 597; x_wconf 87' lang='lat' dir='ltr'><strong>peccat</strong></span> <span class='ocrx_word' id='word_1_27' title='bbox 478 516 623 597; x_wconf 75' lang='lat' dir='ltr'><strong>graviter,</strong></span> <span class='ocrx_word' id='word_1_28' title='bbox 636 518 728 598; x_wconf 73' lang='lat' dir='ltr'><strong>iuxta</strong></span> <span class='ocrx_word' id='word_1_29' title='bbox 744 533 940 578; x_wconf 90' lang='lat' dir='ltr'><strong>communem</strong></span> <span class='ocrx_word' id='word_1_30' title='bbox 958 513 1157 590; x_wconf 86' lang='lat' dir='ltr'><strong>sententiam,</strong></span> <span class='ocrx_word' id='word_1_31' title='bbox 1174 513 1229 596; x_wconf 87' lang='lat' dir='ltr'><strong>qui</strong></span> <span class='ocrx_word' id='word_1_32' title='bbox 1247 511 1348 574; x_wconf 89' lang='lat' dir='ltr'><strong>differt</strong></span> <span class='ocrx_word' id='word_1_33' title='bbox 1366 513 1447 575; x_wconf 89' lang='lat' dir='ltr'><strong>ultra</strong></span> 
     </span>
     <span class='ocr_line' id='line_1_5' title="bbox 176 601 1445 686; baseline -0.006 -15"><span class='ocrx_word' id='word_1_34' title='bbox 176 607 256 671; x_wconf 92' lang='lat' dir='ltr'><strong>duos</strong></span> <span class='ocrx_word' id='word_1_35' title='bbox 268 607 316 669; x_wconf 90' lang='lat' dir='ltr'><strong>vel</strong></span> <span class='ocrx_word' id='word_1_36' title='bbox 328 613 390 670; x_wconf 90' lang='lat' dir='ltr'><strong>tres</strong></span> <span class='ocrx_word' id='word_1_37' title='bbox 404 623 511 681; x_wconf 72' lang='lat' dir='ltr'><strong>annos</strong></span> <span class='ocrx_word' id='word_1_38' title='bbox 529 603 595 668; x_wconf 89' lang='lat' dir='ltr'><strong>sine</strong></span> <span class='ocrx_word' id='word_1_39' title='bbox 609 623 710 679; x_wconf 86' lang='lat' dir='ltr'><strong>causa,</strong></span> <span class='ocrx_word' id='word_1_40' title='bbox 726 604 882 686; x_wconf 82' lang='lat' dir='ltr'><strong>quodlibet</strong></span> <span class='ocrx_word' id='word_1_41' title='bbox 896 610 1004 667; x_wconf 89' lang='lat' dir='ltr'><strong>votum</strong></span> <span class='ocrx_word' id='word_1_42' title='bbox 1016 604 1053 666; x_wconf 88' lang='lat' dir='ltr'><strong>de</strong></span> <span class='ocrx_word' id='word_1_43' title='bbox 1067 622 1100 667; x_wconf 90' lang='lat' dir='ltr'><strong>re</strong></span> <span class='ocrx_word' id='word_1_44' title='bbox 1111 601 1208 684; x_wconf 81' lang='lat' dir='ltr'><strong>gravi,</strong></span> <span class='ocrx_word' id='word_1_45' title='bbox 1224 601 1319 664; x_wconf 87' lang='lat' dir='ltr'><strong>etiam</strong></span> <span class='ocrx_word' id='word_1_46' title='bbox 1331 601 1445 664; x_wconf 90' lang='lat' dir='ltr'><strong>secluso</strong></span> 
     </span>
     <span class='ocr_line' id='line_1_6' title="bbox 175 689 1447 777; baseline -0.005 -19"><span class='ocrx_word' id='word_1_47' title='bbox 175 694 312 777; x_wconf 86' lang='lat' dir='ltr'><strong>periculo</strong></span> <span class='ocrx_word' id='word_1_48' title='bbox 325 693 504 768; x_wconf 75' lang='lat' dir='ltr'><strong>obliviorio,</strong></span> <span class='ocrx_word' id='word_1_49' title='bbox 520 692 726 775; x_wconf 77' lang='lat' dir='ltr'><strong>impotentia,</strong></span> <span class='ocrx_word' id='word_1_50' title='bbox 745 699 816 769; x_wconf 83' lang='lat' dir='ltr'><strong>etc,</strong></span> <span class='ocrx_word' id='word_1_51' title='bbox 833 693 907 774; x_wconf 88' lang='lat' dir='ltr'><strong>quia</strong></span> <span class='ocrx_word' id='word_1_52' title='bbox 923 692 957 755; x_wconf 90' lang='lat' dir='ltr'><strong>in</strong></span> <span class='ocrx_word' id='word_1_53' title='bbox 979 692 1035 755; x_wconf 92' lang='lat' dir='ltr'><strong>hoc</strong></span> <span class='ocrx_word' id='word_1_54' title='bbox 1049 698 1096 756; x_wconf 88' lang='lat' dir='ltr'><strong>est</strong></span> <span class='ocrx_word' id='word_1_55' title='bbox 1109 690 1229 774; x_wconf 82' lang='lat' dir='ltr'><strong>gravior</strong></span> <span class='ocrx_word' id='word_1_56' title='bbox 1241 689 1447 765; x_wconf 87' lang='lat' dir='ltr'><strong>deordinatio,</strong></span> 
     </span>
     <span class='ocr_line' id='line_1_7' title="bbox 178 776 1449 866; baseline -0.006 -20"><span class='ocrx_word' id='word_1_57' title='bbox 178 801 275 866; x_wconf 88' lang='lat' dir='ltr'><strong>quam</strong></span> <span class='ocrx_word' id='word_1_58' title='bbox 297 783 323 846; x_wconf 91' lang='lat' dir='ltr'><strong>si</strong></span> <span class='ocrx_word' id='word_1_59' title='bbox 343 781 430 846; x_wconf 91' lang='lat' dir='ltr'><strong>alteri</strong></span> <span class='ocrx_word' id='word_1_60' title='bbox 453 781 574 845; x_wconf 87' lang='lat' dir='ltr'><strong>homini</strong></span> <span class='ocrx_word' id='word_1_61' title='bbox 594 801 660 846; x_wconf 91' lang='lat' dir='ltr'><strong>rem</strong></span> <span class='ocrx_word' id='word_1_62' title='bbox 678 780 815 846; x_wconf 83' lang='lat' dir='ltr'><strong>debitam</strong></span> <span class='ocrx_word' id='word_1_63' title='bbox 834 782 906 844; x_wconf 91' lang='lat' dir='ltr'><strong>dare</strong></span> <span class='ocrx_word' id='word_1_64' title='bbox 923 780 1019 844; x_wconf 91' lang='lat' dir='ltr'><strong>nimis</strong></span> <span class='ocrx_word' id='word_1_65' title='bbox 1036 781 1091 844; x_wconf 92' lang='lat' dir='ltr'><strong>diu</strong></span> <span class='ocrx_word' id='word_1_66' title='bbox 1108 780 1238 843; x_wconf 88' lang='lat' dir='ltr'><strong>differat.</strong></span> <span class='ocrx_word' id='word_1_67' title='bbox 1255 815 1296 824; x_wconf 90' lang='lat'><em>-</em></span> <span class='ocrx_word' id='word_1_68' title='bbox 1308 776 1343 840; x_wconf 89' lang='lat' dir='ltr'><strong>S.</strong></span> <span class='ocrx_word' id='word_1_69' title='bbox 1363 778 1449 860; x_wconf 72' lang='lat' dir='ltr'><strong>Lip„</strong></span> 
     </span>
     <span class='ocr_line' id='line_1_8' title="bbox 177 867 1481 950; baseline -0.005 -16"><span class='ocrx_word' id='word_1_70' title='bbox 177 891 212 934; x_wconf 79' lang='lat' dir='ltr'><strong>n.</strong></span> <span class='ocrx_word' id='word_1_71' title='bbox 225 875 296 947; x_wconf 65' lang='lat' dir='ltr'><strong>iil,</strong></span> <span class='ocrx_word' id='word_1_72' title='bbox 312 875 381 946; x_wconf 81' lang='lat' dir='ltr'><strong>etc,</strong></span> <span class='ocrx_word' id='word_1_73' title='bbox 407 877 512 934; x_wconf 89' lang='lat' dir='ltr'><strong>contra</strong></span> <span class='ocrx_word' id='word_1_74' title='bbox 536 871 640 933; x_wconf 85' lang='lat' dir='ltr'><strong>Tamd.</strong></span> <span class='ocrx_word' id='word_1_75' title='bbox 658 876 690 934; x_wconf 87' lang='lat' dir='ltr'><strong>et</strong></span> <span class='ocrx_word' id='word_1_76' title='bbox 706 869 782 933; x_wconf 84' lang='lat' dir='ltr'><strong>otios</strong></span> <span class='ocrx_word' id='word_1_77' title='bbox 803 869 858 950; x_wconf 91' lang='lat' dir='ltr'><strong>qui</strong></span> <span class='ocrx_word' id='word_1_78' title='bbox 877 869 985 932; x_wconf 77' lang='lat' dir='ltr'><strong>dicum</strong></span> <span class='ocrx_word' id='word_1_79' title='bbox 1001 870 1119 933; x_wconf 89' lang='lat' dir='ltr'><strong>nullam</strong></span> <span class='ocrx_word' id='word_1_80' title='bbox 1143 867 1336 943; x_wconf 86' lang='lat' dir='ltr'><strong>dilationem,</strong></span> <span class='ocrx_word' id='word_1_81' title='bbox 1353 885 1451 948; x_wconf 84' lang='lat' dir='ltr'><strong>quan·</strong></span> <span class='ocrx_word' id='word_1_82' title='bbox 1478 888 1481 896; x_wconf 92' lang='lat'>·</span> 
     </span>
     <span class='ocr_line' id='line_1_9' title="bbox 175 955 1452 1044; baseline -0.005 -20"><span class='ocrx_word' id='word_1_83' title='bbox 175 959 297 1024; x_wconf 83' lang='lat' dir='ltr'><strong>tumvis</strong></span> <span class='ocrx_word' id='word_1_84' title='bbox 324 961 462 1040; x_wconf 84' lang='lat' dir='ltr'><strong>longam,</strong></span> <span class='ocrx_word' id='word_1_85' title='bbox 484 979 546 1044; x_wconf 82' lang='lat' dir='ltr'><strong>per</strong></span> <span class='ocrx_word' id='word_1_86' title='bbox 565 979 596 1022; x_wconf 84' lang='lat' dir='ltr'><strong>se</strong></span> <span class='ocrx_word' id='word_1_87' title='bbox 620 960 781 1024; x_wconf 73' lang='lat' dir='ltr'><strong>mortalem</strong></span> <span class='ocrx_word' id='word_1_88' title='bbox 804 977 878 1021; x_wconf 88' lang='lat' dir='ltr'><strong>esse.</strong></span> <span class='ocrx_word' id='word_1_89' title='bbox 896 995 937 1005; x_wconf 96' lang='lat'>-</span> <span class='ocrx_word' id='word_1_90' title='bbox 961 962 995 1021; x_wconf 70' lang='lat'><strong>2⁰</strong></span> <span class='ocrx_word' id='word_1_91' title='bbox 1015 962 1120 1021; x_wconf 88' lang='lat' dir='ltr'><strong>Peccat</strong></span> <span class='ocrx_word' id='word_1_92' title='bbox 1140 957 1234 1020; x_wconf 91' lang='lat' dir='ltr'><strong>etiam</strong></span> <span class='ocrx_word' id='word_1_93' title='bbox 1259 955 1452 1039; x_wconf 72' lang='lat' dir='ltr'><strong>probabilius</strong></span> 
     </span>
     <span class='ocr_line' id='line_1_10' title="bbox 175 1043 1450 1130; baseline -0.005 -18"><span class='ocrx_word' id='word_1_94' title='bbox 175 1048 311 1130; x_wconf 83' lang='lat' dir='ltr'><strong>graviter</strong></span> <span class='ocrx_word' id='word_1_95' title='bbox 325 1048 379 1130; x_wconf 91' lang='lat' dir='ltr'><strong>qui</strong></span> <span class='ocrx_word' id='word_1_96' title='bbox 393 1048 497 1112; x_wconf 86' lang='lat' dir='ltr'><strong>differt</strong></span> <span class='ocrx_word' id='word_1_97' title='bbox 515 1049 596 1111; x_wconf 89' lang='lat' dir='ltr'><strong>ultra</strong></span> <span class='ocrx_word' id='word_1_98' title='bbox 612 1067 665 1112; x_wconf 83' lang='lat' dir='ltr'><strong>sex</strong></span> <span class='ocrx_word' id='word_1_99' title='bbox 678 1067 798 1111; x_wconf 89' lang='lat' dir='ltr'><strong>menses</strong></span> <span class='ocrx_word' id='word_1_100' title='bbox 815 1055 886 1110; x_wconf 88' lang='lat' dir='ltr'><strong>vota</strong></span> <span class='ocrx_word' id='word_1_101' title='bbox 904 1054 1064 1129; x_wconf 90' lang='lat' dir='ltr'><strong>perpetua,</strong></span> <span class='ocrx_word' id='word_1_102' title='bbox 1078 1052 1115 1110; x_wconf 86' lang='lat' dir='ltr'><strong>ut</strong></span> <span class='ocrx_word' id='word_1_103' title='bbox 1133 1052 1241 1112; x_wconf 91' lang='lat' dir='ltr'><strong>votum</strong></span> <span class='ocrx_word' id='word_1_104' title='bbox 1258 1043 1450 1126; x_wconf 84' lang='lat' dir='ltr'><strong>ingrediendi</strong></span> 
     </span>
     <span class='ocr_line' id='line_1_11' title="bbox 174 1132 1448 1219; baseline -0.003 -19"><span class='ocrx_word' id='word_1_105' title='bbox 174 1137 212 1201; x_wconf 92' lang='lat' dir='ltr'><strong>in</strong></span> <span class='ocrx_word' id='word_1_106' title='bbox 225 1137 420 1218; x_wconf 65' lang='lat' dir='ltr'><strong>religionem</strong></span> <span class='ocrx_word' id='word_1_107' title='bbox 437 1137 511 1219; x_wconf 90' lang='lat' dir='ltr'><strong>quia</strong></span> <span class='ocrx_word' id='word_1_108' title='bbox 524 1143 599 1201; x_wconf 90' lang='lat' dir='ltr'><strong>tunc</strong></span> <span class='ocrx_word' id='word_1_109' title='bbox 613 1137 715 1200; x_wconf 88' lang='lat' dir='ltr'><strong>cultus</strong></span> <span class='ocrx_word' id='word_1_110' title='bbox 728 1137 782 1199; x_wconf 87' lang='lat' dir='ltr'><strong>Dei</strong></span> <span class='ocrx_word' id='word_1_111' title='bbox 796 1135 972 1200; x_wconf 83' lang='lat' dir='ltr'><strong>notabiliter</strong></span> <span class='ocrx_word' id='word_1_112' title='bbox 986 1135 1142 1200; x_wconf 89' lang='lat' dir='ltr'><strong>minuitur</strong></span> <span class='ocrx_word' id='word_1_113' title='bbox 1157 1153 1228 1200; x_wconf 90' lang='lat' dir='ltr'><strong>cum</strong></span> <span class='ocrx_word' id='word_1_114' title='bbox 1248 1133 1376 1198; x_wconf 90' lang='lat' dir='ltr'><strong>notabili</strong></span> <span class='ocrx_word' id='word_1_115' title='bbox 1388 1132 1448 1196; x_wconf 91' lang='lat' dir='ltr'><strong>im·</strong></span> 
     </span>
     <span class='ocr_line' id='line_1_12' title="bbox 174 1224 1450 1309; baseline -0.005 -19"><span class='ocrx_word' id='word_1_116' title='bbox 174 1227 352 1290; x_wconf 90' lang='lat' dir='ltr'><strong>minutione</strong></span> <span class='ocrx_word' id='word_1_117' title='bbox 365 1227 450 1291; x_wconf 72' lang='lat' dir='ltr'><strong>vitas.</strong></span> <span class='ocrx_word' id='word_1_118' title='bbox 465 1263 506 1272; x_wconf 93' lang='lat'>-</span> <span class='ocrx_word' id='word_1_119' title='bbox 525 1227 578 1290; x_wconf 85' lang='lat' dir='ltr'><strong>Ita</strong></span> <span class='ocrx_word' id='word_1_120' title='bbox 599 1225 634 1290; x_wconf 91' lang='lat' dir='ltr'><strong>S.</strong></span> <span class='ocrx_word' id='word_1_121' title='bbox 656 1227 742 1309; x_wconf 70' lang='lat' dir='ltr'><strong>atq,</strong></span> <span class='ocrx_word' id='word_1_122' title='bbox 764 1225 851 1301; x_wconf 75' lang='lat' dir='ltr'><strong>ibid,</strong></span> <span class='ocrx_word' id='word_1_123' title='bbox 867 1225 999 1288; x_wconf 77' lang='lat' dir='ltr'><strong>Lacroix</strong></span> <span class='ocrx_word' id='word_1_124' title='bbox 1004 1272 1013 1305; x_wconf 92' lang='lat'><strong>,</strong></span> <span class='ocrx_word' id='word_1_125' title='bbox 1030 1224 1166 1288; x_wconf 75' lang='lat' dir='ltr'><strong>Serretes</strong></span> <span class='ocrx_word' id='word_1_126' title='bbox 1171 1271 1181 1304; x_wconf 91' lang='lat'><strong>,</strong></span> <span class='ocrx_word' id='word_1_127' title='bbox 1198 1231 1230 1287; x_wconf 89' lang='lat' dir='ltr'><strong>et</strong></span> <span class='ocrx_word' id='word_1_128' title='bbox 1249 1225 1305 1286; x_wconf 85' lang='lat' dir='ltr'><strong>clii</strong></span> <span class='ocrx_word' id='word_1_129' title='bbox 1322 1242 1450 1286; x_wconf 84' lang='lat' dir='ltr'><strong>comma-</strong></span> 
     </span>
     <span class='ocr_line' id='line_1_13' title="bbox 176 1311 1448 1398; baseline -0.003 -20"><span class='ocrx_word' id='word_1_130' title='bbox 176 1317 271 1391; x_wconf 79' lang='lat' dir='ltr'><strong>niter,</strong></span> <span class='ocrx_word' id='word_1_131' title='bbox 287 1315 571 1398; x_wconf 82' lang='lat' dir='ltr'><strong>contraplareequi</strong></span> <span class='ocrx_word' id='word_1_132' title='bbox 585 1317 662 1379; x_wconf 90' lang='lat' dir='ltr'><strong>duos</strong></span> <span class='ocrx_word' id='word_1_133' title='bbox 676 1314 798 1378; x_wconf 89' lang='lat' dir='ltr'><strong>veltres</strong></span> <span class='ocrx_word' id='word_1_134' title='bbox 814 1332 910 1376; x_wconf 89' lang='lat' dir='ltr'><strong>annos</strong></span> <span class='ocrx_word' id='word_1_135' title='bbox 931 1315 969 1377; x_wconf 91' lang='lat' dir='ltr'><strong>ad</strong></span> <span class='ocrx_word' id='word_1_136' title='bbox 990 1331 1109 1376; x_wconf 87' lang='lat' dir='ltr'><strong>moram</strong></span> <span class='ocrx_word' id='word_1_137' title='bbox 1128 1331 1252 1393; x_wconf 79' lang='lat' dir='ltr'><strong>gravem</strong></span> <span class='ocrx_word' id='word_1_138' title='bbox 1269 1311 1448 1394; x_wconf 87' lang='lat' dir='ltr'><strong>requirnnt,</strong></span> 
     </span>
     <span class='ocr_line' id='line_1_14' title="bbox 178 1403 555 1486; baseline 0 -18"><span class='ocrx_word' id='word_1_139' title='bbox 178 1411 219 1468; x_wconf 90' lang='grc' dir='ltr'><strong>ιιι</strong></span> <span class='ocrx_word' id='word_1_140' title='bbox 232 1403 266 1467; x_wconf 91' lang='lat' dir='ltr'><strong>in</strong></span> <span class='ocrx_word' id='word_1_141' title='bbox 279 1423 351 1468; x_wconf 91' lang='lat' dir='ltr'><strong>casu</strong></span> <span class='ocrx_word' id='word_1_142' title='bbox 364 1403 555 1486; x_wconf 79' lang='lat' dir='ltr'><strong>precedenti.</strong></span> 
     </span>
    </p>
   </div>
   <div class='ocr_carea' id='block_1_3' title="bbox 303 1559 514 1626">
    <p class='ocr_par' dir='ltr' id='par_1_3' title="bbox 303 1559 514 1626">
     <span class='ocr_line' id='line_1_15' title="bbox 303 1559 514 1626; baseline 0.005 -1"><span class='ocrx_word' id='word_1_143' title='bbox 303 1559 514 1626; x_wconf 83' lang='lat' dir='ltr'><strong>Resolves.</strong></span> 
     </span>
    </p>
   </div>
   <div class='ocr_carea' id='block_1_4' title="bbox 175 1698 1454 2494">
    <p class='ocr_par' dir='ltr' id='par_1_4' title="bbox 175 1698 1454 2299">
     <span class='ocr_line' id='line_1_16' title="bbox 221 1698 1451 1782; baseline -0.005 -14"><span class='ocrx_word' id='word_1_144' title='bbox 221 1709 290 1770; x_wconf 68' lang='lat'><strong>328.</strong></span> <span class='ocrx_word' id='word_1_145' title='bbox 305 1740 348 1752; x_wconf 93' lang='lat'><strong>·-</strong></span> <span class='ocrx_word' id='word_1_146' title='bbox 366 1711 398 1768; x_wconf 86' lang='lat' dir='ltr'><strong>l⁰</strong></span> <span class='ocrx_word' id='word_1_147' title='bbox 417 1707 497 1768; x_wconf 88' lang='lat' dir='ltr'><strong>Vota</strong></span> <span class='ocrx_word' id='word_1_148' title='bbox 509 1703 603 1767; x_wconf 81' lang='lat' dir='ltr'><strong>rooba</strong></span> <span class='ocrx_word' id='word_1_149' title='bbox 622 1704 659 1766; x_wconf 93' lang='lat' dir='ltr'><strong>de</strong></span> <span class='ocrx_word' id='word_1_150' title='bbox 678 1721 733 1766; x_wconf 92' lang='lat' dir='ltr'><strong>sno</strong></span> <span class='ocrx_word' id='word_1_151' title='bbox 754 1703 897 1766; x_wconf 92' lang='lat' dir='ltr'><strong>solvenda</strong></span> <span class='ocrx_word' id='word_1_152' title='bbox 916 1706 1005 1776; x_wconf 86' lang='lat' dir='ltr'><strong>sunt;</strong></span> <span class='ocrx_word' id='word_1_153' title='bbox 1022 1699 1076 1782; x_wconf 89' lang='lat' dir='ltr'><strong>qui</strong></span> <span class='ocrx_word' id='word_1_154' title='bbox 1097 1705 1199 1762; x_wconf 86' lang='lat' dir='ltr'><strong>aulem</strong></span> <span class='ocrx_word' id='word_1_155' title='bbox 1218 1698 1326 1782; x_wconf 88' lang='lat' dir='ltr'><strong>nequit</strong></span> <span class='ocrx_word' id='word_1_156' title='bbox 1341 1698 1378 1760; x_wconf 90' lang='lat' dir='ltr'><strong>de</strong></span> <span class='ocrx_word' id='word_1_157' title='bbox 1396 1716 1451 1762; x_wconf 93' lang='lat' dir='ltr'><strong>suo</strong></span> 
     </span>
     <span class='ocr_line' id='line_1_17' title="bbox 178 1784 1453 1870; baseline -0.008 -12"><span class='ocrx_word' id='word_1_158' title='bbox 178 1793 312 1870; x_wconf 88' lang='lat' dir='ltr'><strong>solvere,</strong></span> <span class='ocrx_word' id='word_1_159' title='bbox 334 1813 398 1857; x_wconf 92' lang='lat' dir='ltr'><strong>non</strong></span> <span class='ocrx_word' id='word_1_160' title='bbox 421 1798 545 1856; x_wconf 90' lang='lat' dir='ltr'><strong>tenetur</strong></span> <span class='ocrx_word' id='word_1_161' title='bbox 566 1793 605 1854; x_wconf 88' lang='lat' dir='ltr'><strong>ab</strong></span> <span class='ocrx_word' id='word_1_162' title='bbox 626 1791 685 1855; x_wconf 91' lang='lat' dir='ltr'><strong>alio</strong></span> <span class='ocrx_word' id='word_1_163' title='bbox 704 1792 892 1866; x_wconf 88' lang='lat' dir='ltr'><strong>mendicare,</strong></span> <span class='ocrx_word' id='word_1_164' title='bbox 918 1796 955 1852; x_wconf 90' lang='lat' dir='ltr'><strong>ut</strong></span> <span class='ocrx_word' id='word_1_165' title='bbox 977 1789 1146 1852; x_wconf 88' lang='lat' dir='ltr'><strong>satisfacere</strong></span> <span class='ocrx_word' id='word_1_166' title='bbox 1171 1786 1275 1869; x_wconf 91' lang='lat' dir='ltr'><strong>possit.</strong></span> <span class='ocrx_word' id='word_1_167' title='bbox 1303 1784 1453 1849; x_wconf 72' lang='lat' dir='ltr'><strong>satisfacit</strong></span> 
     </span>
     <span class='ocr_line' id='line_1_18' title="bbox 175 1873 1452 1960; baseline -0.008 -14"><span class='ocrx_word' id='word_1_168' title='bbox 175 1885 299 1958; x_wconf 85' lang='lat' dir='ltr'><strong>tamen,</strong></span> <span class='ocrx_word' id='word_1_169' title='bbox 316 1882 343 1946; x_wconf 88' lang='lat' dir='ltr'><strong>si</strong></span> <span class='ocrx_word' id='word_1_170' title='bbox 366 1882 446 1944; x_wconf 90' lang='lat' dir='ltr'><strong>alius</strong></span> <span class='ocrx_word' id='word_1_171' title='bbox 465 1881 530 1944; x_wconf 88' lang='lat' dir='ltr'><strong>sive</strong></span> <span class='ocrx_word' id='word_1_172' title='bbox 545 1884 683 1960; x_wconf 81' lang='lat' dir='ltr'><strong>rogatae,</strong></span> <span class='ocrx_word' id='word_1_173' title='bbox 701 1879 765 1943; x_wconf 89' lang='lat' dir='ltr'><strong>sive</strong></span> <span class='ocrx_word' id='word_1_174' title='bbox 779 1885 902 1960; x_wconf 87' lang='lat' dir='ltr'><strong>sponte,</strong></span> <span class='ocrx_word' id='word_1_175' title='bbox 924 1896 979 1960; x_wconf 91' lang='lat' dir='ltr'><strong>pro</strong></span> <span class='ocrx_word' id='word_1_176' title='bbox 996 1878 1063 1958; x_wconf 92' lang='lat' dir='ltr'><strong>ipso</strong></span> <span class='ocrx_word' id='word_1_177' title='bbox 1078 1877 1192 1940; x_wconf 90' lang='lat' dir='ltr'><strong>solvere</strong></span> <span class='ocrx_word' id='word_1_178' title='bbox 1203 1874 1290 1950; x_wconf 90' lang='lat' dir='ltr'><strong>velit,</strong></span> <span class='ocrx_word' id='word_1_179' title='bbox 1307 1873 1452 1956; x_wconf 88' lang='lat' dir='ltr'><strong>quamvis</strong></span> 
     </span>
     <span class='ocr_line' id='line_1_19' title="bbox 175 1963 1453 2052; baseline -0.008 -18"><span class='ocrx_word' id='word_1_180' title='bbox 175 1969 246 2052; x_wconf 88' lang='lat' dir='ltr'><strong>ipse</strong></span> <span class='ocrx_word' id='word_1_181' title='bbox 260 1970 430 2034; x_wconf 72' lang='lat' dir='ltr'><strong>satisfacere</strong></span> <span class='ocrx_word' id='word_1_182' title='bbox 443 1963 550 2050; x_wconf 84' lang='lat' dir='ltr'><strong>&#39;queat;</strong></span> <span class='ocrx_word' id='word_1_183' title='bbox 566 1968 640 2049; x_wconf 91' lang='lat' dir='ltr'><strong>quia</strong></span> <span class='ocrx_word' id='word_1_184' title='bbox 653 1969 734 2050; x_wconf 89' lang='lat' dir='ltr'><strong>quod</strong></span> <span class='ocrx_word' id='word_1_185' title='bbox 745 1969 798 2030; x_wconf 87' lang='lat' dir='ltr'><strong>dat</strong></span> <span class='ocrx_word' id='word_1_186' title='bbox 811 1968 898 2043; x_wconf 91' lang='lat' dir='ltr'><strong>alter,</strong></span> <span class='ocrx_word' id='word_1_187' title='bbox 914 1967 1071 2030; x_wconf 80' lang='lat' dir='ltr'><strong>accedente</strong></span> <span class='ocrx_word' id='word_1_188' title='bbox 1087 1964 1227 2030; x_wconf 88' lang='lat' dir='ltr'><strong>voventis</strong></span> <span class='ocrx_word' id='word_1_189' title='bbox 1242 1981 1391 2028; x_wconf 88' lang='lat' dir='ltr'><strong>consensu</strong></span> <span class='ocrx_word' id='word_1_190' title='bbox 1404 1963 1453 2025; x_wconf 90' lang='lat' dir='ltr'><strong>vel</strong></span> 
     </span>
     <span class='ocr_line' id='line_1_20' title="bbox 175 2050 1454 2139; baseline -0.007 -17"><span class='ocrx_word' id='word_1_191' title='bbox 175 2059 397 2133; x_wconf 87' lang='lat' dir='ltr'><strong>ratificatioue,</strong></span> <span class='ocrx_word' id='word_1_192' title='bbox 412 2058 449 2120; x_wconf 89' lang='lat' dir='ltr'><strong>fit</strong></span> <span class='ocrx_word' id='word_1_193' title='bbox 470 2057 569 2139; x_wconf 91' lang='lat' dir='ltr'><strong>ipsius</strong></span> <span class='ocrx_word' id='word_1_194' title='bbox 587 2058 758 2139; x_wconf 89' lang='lat' dir='ltr'><strong>proprium.</strong></span> <span class='ocrx_word' id='word_1_195' title='bbox 778 2056 905 2138; x_wconf 84' lang='lat' dir='ltr'><strong>Excipe,</strong></span> <span class='ocrx_word' id='word_1_196' title='bbox 920 2055 946 2118; x_wconf 92' lang='lat' dir='ltr'><strong>si</strong></span> <span class='ocrx_word' id='word_1_197' title='bbox 966 2054 1096 2118; x_wconf 89' lang='lat' dir='ltr'><strong>materia</strong></span> <span class='ocrx_word' id='word_1_198' title='bbox 1113 2053 1177 2116; x_wconf 91' lang='lat' dir='ltr'><strong>voti</strong></span> <span class='ocrx_word' id='word_1_199' title='bbox 1195 2052 1283 2116; x_wconf 89' lang='lat' dir='ltr'><strong>realis</strong></span> <span class='ocrx_word' id='word_1_200' title='bbox 1299 2050 1392 2114; x_wconf 87' lang='lat' dir='ltr'><strong>fuerit</strong></span> <span class='ocrx_word' id='word_1_201' title='bbox 1404 2051 1454 2113; x_wconf 87' lang='lat' dir='ltr'><strong>de·</strong></span> 
     </span>
     <span class='ocr_line' id='line_1_21' title="bbox 176 2141 1452 2225; baseline -0.006 -15"><span class='ocrx_word' id='word_1_202' title='bbox 176 2147 363 2221; x_wconf 86' lang='lat' dir='ltr'><strong>terminata,</strong></span> <span class='ocrx_word' id='word_1_203' title='bbox 388 2153 464 2208; x_wconf 89' lang='lat' dir='ltr'><strong>tunc</strong></span> <span class='ocrx_word' id='word_1_204' title='bbox 487 2146 571 2210; x_wconf 89' lang='lat' dir='ltr'><strong>enim</strong></span> <span class='ocrx_word' id='word_1_205' title='bbox 590 2165 625 2209; x_wconf 87' lang='lat' dir='ltr'><strong>ea</strong></span> <span class='ocrx_word' id='word_1_206' title='bbox 642 2146 677 2210; x_wconf 92' lang='lat' dir='ltr'><strong>in</strong></span> <span class='ocrx_word' id='word_1_207' title='bbox 698 2144 855 2209; x_wconf 81' lang='lat' dir='ltr'><strong>individuo</strong></span> <span class='ocrx_word' id='word_1_208' title='bbox 877 2145 1028 2225; x_wconf 79' lang='lat' dir='ltr'><strong>eroganda</strong></span> <span class='ocrx_word' id='word_1_209' title='bbox 1046 2150 1103 2206; x_wconf 90' lang='lat' dir='ltr'><strong>est.</strong></span> <span class='ocrx_word' id='word_1_210' title='bbox 1116 2179 1158 2189; x_wconf 96' lang='lat'><em>-</em></span> <span class='ocrx_word' id='word_1_211' title='bbox 1174 2141 1210 2205; x_wconf 87' lang='lat' dir='ltr'><strong>S.</strong></span> <span class='ocrx_word' id='word_1_212' title='bbox 1225 2141 1310 2222; x_wconf 70' lang='lat' dir='ltr'><strong>Liq,</strong></span> <span class='ocrx_word' id='word_1_213' title='bbox 1330 2160 1364 2202; x_wconf 82' lang='lat' dir='ltr'><strong>a.</strong></span> <span class='ocrx_word' id='word_1_214' title='bbox 1381 2144 1452 2214; x_wconf 68' lang='lat'><strong>217,</strong></span> 
     </span>
     <span class='ocr_line' id='line_1_22' title="bbox 179 2235 404 2299; baseline 0 -1"><span class='ocrx_word' id='word_1_215' title='bbox 179 2255 251 2298; x_wconf 84' lang='lat' dir='ltr'><strong>cum</strong></span> <span class='ocrx_word' id='word_1_216' title='bbox 262 2235 404 2299; x_wconf 84' lang='lat' dir='ltr'><strong>Busemb.</strong></span> 
     </span>
    </p>

    <p class='ocr_par' dir='ltr' id='par_1_5' title="bbox 175 2317 1454 2494">
     <span class='ocr_line' id='line_1_23' title="bbox 227 2317 1454 2406; baseline -0.007 -18"><span class='ocrx_word' id='word_1_217' title='bbox 227 2329 261 2388; x_wconf 66' lang='lat'><strong>2⁰</strong></span> <span class='ocrx_word' id='word_1_218' title='bbox 275 2327 352 2386; x_wconf 87' lang='lat' dir='ltr'><strong>Vota</strong></span> <span class='ocrx_word' id='word_1_219' title='bbox 367 2323 535 2405; x_wconf 87' lang='lat' dir='ltr'><strong>personalia</strong></span> <span class='ocrx_word' id='word_1_220' title='bbox 553 2323 674 2406; x_wconf 91' lang='lat' dir='ltr'><strong>impleri</strong></span> <span class='ocrx_word' id='word_1_221' title='bbox 691 2331 822 2406; x_wconf 83' lang='lat' dir='ltr'><strong>possunt</strong></span> <span class='ocrx_word' id='word_1_222' title='bbox 838 2329 963 2387; x_wconf 79' lang='lat' dir='ltr'><strong>tantam</strong></span> <span class='ocrx_word' id='word_1_223' title='bbox 977 2323 1016 2385; x_wconf 90' lang='lat' dir='ltr'><strong>ab</strong></span> <span class='ocrx_word' id='word_1_224' title='bbox 1030 2323 1095 2404; x_wconf 91' lang='lat' dir='ltr'><strong>ipso</strong></span> <span class='ocrx_word' id='word_1_225' title='bbox 1107 2325 1252 2394; x_wconf 83' lang='lat' dir='ltr'><strong>vovente,</strong></span> <span class='ocrx_word' id='word_1_226' title='bbox 1268 2337 1324 2382; x_wconf 90' lang='lat' dir='ltr'><strong>nec</strong></span> <span class='ocrx_word' id='word_1_227' title='bbox 1341 2318 1380 2380; x_wconf 95' lang='lat' dir='ltr'><strong>ad</strong></span> <span class='ocrx_word' id='word_1_228' title='bbox 1392 2317 1454 2380; x_wconf 85' lang='lat' dir='ltr'><strong>hn-</strong></span> 
     </span>
     <span class='ocr_line' id='line_1_24' title="bbox 175 2407 1454 2494; baseline -0.005 -19"><span class='ocrx_word' id='word_1_229' title='bbox 175 2413 269 2475; x_wconf 90' lang='lat' dir='ltr'><strong>redes</strong></span> <span class='ocrx_word' id='word_1_230' title='bbox 283 2418 454 2476; x_wconf 88' lang='lat' dir='ltr'><strong>transeunt.</strong></span> <span class='ocrx_word' id='word_1_231' title='bbox 467 2413 545 2476; x_wconf 89' lang='lat' dir='ltr'><strong>Hinc</strong></span> <span class='ocrx_word' id='word_1_232' title='bbox 554 2413 610 2494; x_wconf 90' lang='lat' dir='ltr'><strong>qui</strong></span> <span class='ocrx_word' id='word_1_233' title='bbox 623 2413 709 2478; x_wconf 88' lang='lat' dir='ltr'><strong>vovit</strong></span> <span class='ocrx_word' id='word_1_234' title='bbox 720 2411 1006 2494; x_wconf 78' lang='lat' dir='ltr'><strong>peregrinationem,</strong></span> <span class='ocrx_word' id='word_1_235' title='bbox 1019 2430 1080 2474; x_wconf 89' lang='lat' dir='ltr'><strong>non</strong></span> <span class='ocrx_word' id='word_1_236' title='bbox 1095 2409 1252 2486; x_wconf 82' lang='lat' dir='ltr'><strong>satisfacit,</strong></span> <span class='ocrx_word' id='word_1_237' title='bbox 1264 2407 1291 2471; x_wconf 93' lang='lat' dir='ltr'><strong>si</strong></span> <span class='ocrx_word' id='word_1_238' title='bbox 1307 2408 1454 2470; x_wconf 86' lang='lat' dir='ltr'><strong>conducat</strong></span> 
     </span>
    </p>
   </div>
   <div class='ocr_carea' id='block_1_5' title="bbox 176 2499 1454 2662">
    <p class='ocr_par' dir='ltr' id='par_1_6' title="bbox 176 2499 1454 2662">
     <span class='ocr_line' id='line_1_25' title="bbox 176 2499 1433 2594; baseline -0.006 -26"><span class='ocrx_word' id='word_1_239' title='bbox 176 2499 293 2575; x_wconf 77' lang='lat' dir='ltr'><strong>alium3</strong></span> <span class='ocrx_word' id='word_1_240' title='bbox 310 2520 408 2593; x_wconf 79' lang='lat' dir='ltr'><strong>neque</strong></span> <span class='ocrx_word' id='word_1_241' title='bbox 420 2502 458 2565; x_wconf 91' lang='lat' dir='ltr'><strong>ad</strong></span> <span class='ocrx_word' id='word_1_242' title='bbox 472 2501 703 2594; x_wconf 83' lang='lat' dir='ltr'><strong>conducendum</strong></span> <span class='ocrx_word' id='word_1_243' title='bbox 717 2508 850 2576; x_wconf 87' lang='lat' dir='ltr'><strong>tenetur,</strong></span> <span class='ocrx_word' id='word_1_244' title='bbox 866 2501 893 2564; x_wconf 94' lang='lat' dir='ltr'><strong>si</strong></span> <span class='ocrx_word' id='word_1_245' title='bbox 906 2501 971 2594; x_wconf 90' lang='lat' dir='ltr'><strong>ipse</strong></span> <span class='ocrx_word' id='word_1_246' title='bbox 983 2519 1045 2564; x_wconf 90' lang='lat' dir='ltr'><strong>non</strong></span> <span class='ocrx_word' id='word_1_247' title='bbox 1052 2499 1163 2594; x_wconf 86' lang='lat' dir='ltr'><strong>possit.</strong></span> <span class='ocrx_word' id='word_1_248' title='bbox 1426 2575 1433 2590; x_wconf 32' lang='grc' dir='ltr'>ι</span> 
     </span>
     <span class='ocr_line' id='line_1_26' title="bbox 221 2578 1454 2662; baseline -0.005 -17"><span class='ocrx_word' id='word_1_249' title='bbox 221 2582 668 2645; x_wconf 86' lang='lat' dir='ltr'><strong>3⁰V0tum1ndete1mmatum</strong></span> <span class='ocrx_word' id='word_1_250' title='bbox 683 2583 783 2662; x_wconf 88' lang='lat' dir='ltr'><strong>quoad</strong></span> <span class='ocrx_word' id='word_1_251' title='bbox 795 2587 941 2662; x_wconf 85' lang='lat' dir='ltr'><strong>temporrs</strong></span> <span class='ocrx_word' id='word_1_252' title='bbox 952 2587 1202 2654; x_wconf 72' lang='lat' dir='ltr'><strong>cessationemv.</strong></span> <span class='ocrx_word' id='word_1_253' title='bbox 1217 2597 1276 2659; x_wconf 75' lang='lat' dir='ltr'><strong>gc,</strong></span> <span class='ocrx_word' id='word_1_254' title='bbox 1291 2578 1328 2640; x_wconf 91' lang='lat' dir='ltr'><strong>de</strong></span> <span class='ocrx_word' id='word_1_255' title='bbox 1340 2593 1454 2640; x_wconf 88' lang='lat' dir='ltr'><strong>rosano</strong></span> 
     </span>
    </p>
   </div>
   <div class='ocr_carea' id='block_1_6' title="bbox 177 2659 1519 3997">
    <p class='ocr_par' dir='ltr' id='par_1_7' title="bbox 178 2659 1456 2928">
     <span class='ocr_line' id='line_1_27' title="bbox 178 2659 1454 2752; baseline -0.005 -18"><span class='ocrx_word' id='word_1_256' title='bbox 178 2659 305 2744; x_wconf 82' lang='lat' dir='ltr'><strong>diurno,</strong></span> <span class='ocrx_word' id='word_1_257' title='bbox 318 2677 374 2733; x_wconf 91' lang='lat' dir='ltr'><strong>aut</strong></span> <span class='ocrx_word' id='word_1_258' title='bbox 377 2670 496 2752; x_wconf 85' lang='lat' dir='ltr'><strong>jejunio</strong></span> <span class='ocrx_word' id='word_1_259' title='bbox 504 2670 634 2751; x_wconf 85' lang='lat' dir='ltr'><strong>singulis</strong></span> <span class='ocrx_word' id='word_1_260' title='bbox 643 2670 777 2733; x_wconf 88' lang='lat' dir='ltr'><strong>sabbatis</strong></span> <span class='ocrx_word' id='word_1_261' title='bbox 789 2669 936 2745; x_wconf 89' lang='lat' dir='ltr'><strong>facienda,</strong></span> <span class='ocrx_word' id='word_1_262' title='bbox 950 2668 1066 2749; x_wconf 87' lang='lat' dir='ltr'><strong>obligat</strong></span> <span class='ocrx_word' id='word_1_263' title='bbox 1077 2674 1233 2750; x_wconf 90' lang='lat' dir='ltr'><strong>perpetuo,</strong></span> <span class='ocrx_word' id='word_1_264' title='bbox 1249 2665 1311 2729; x_wconf 90' lang='lat' dir='ltr'><strong>nisi</strong></span> <span class='ocrx_word' id='word_1_265' title='bbox 1323 2665 1407 2728; x_wconf 90' lang='lat' dir='ltr'><strong>aliud</strong></span> <span class='ocrx_word' id='word_1_266' title='bbox 1416 2683 1454 2728; x_wconf 86' lang='lat' dir='ltr'><strong>ex</strong></span> 
     </span>
     <span class='ocr_line' id='line_1_28' title="bbox 179 2754 1456 2839; baseline -0.003 -19"><span class='ocrx_word' id='word_1_267' title='bbox 179 2757 425 2822; x_wconf 87' lang='lat' dir='ltr'><strong>circumstantiis</strong></span> <span class='ocrx_word' id='word_1_268' title='bbox 443 2758 611 2839; x_wconf 76' lang='lat' dir='ltr'><strong>colligatur.</strong></span> <span class='ocrx_word' id='word_1_269' title='bbox 635 2762 670 2822; x_wconf 87' lang='lat' dir='ltr'><strong>Iu</strong></span> <span class='ocrx_word' id='word_1_270' title='bbox 687 2759 781 2822; x_wconf 89' lang='lat' dir='ltr'><strong>dubio</strong></span> <span class='ocrx_word' id='word_1_271' title='bbox 802 2778 842 2822; x_wconf 89' lang='lat' dir='ltr'><strong>an</strong></span> <span class='ocrx_word' id='word_1_272' title='bbox 858 2764 967 2823; x_wconf 92' lang='lat' dir='ltr'><strong>votum</strong></span> <span class='ocrx_word' id='word_1_273' title='bbox 982 2757 1023 2820; x_wconf 92' lang='lat' dir='ltr'><strong>sit</strong></span> <span class='ocrx_word' id='word_1_274' title='bbox 1037 2763 1270 2838; x_wconf 89' lang='lat' dir='ltr'><strong>temporaneum</strong></span> <span class='ocrx_word' id='word_1_275' title='bbox 1285 2754 1332 2819; x_wconf 90' lang='lat' dir='ltr'><strong>vel</strong></span> <span class='ocrx_word' id='word_1_276' title='bbox 1350 2770 1456 2834; x_wconf 90' lang='lat' dir='ltr'><strong>perpe-</strong></span> 
     </span>
     <span class='ocr_line' id='line_1_29' title="bbox 178 2842 1452 2928; baseline -0.003 -20"><span class='ocrx_word' id='word_1_277' title='bbox 178 2851 290 2922; x_wconf 86' lang='lat' dir='ltr'><strong>tuum,</strong></span> <span class='ocrx_word' id='word_1_278' title='bbox 307 2853 362 2910; x_wconf 89' lang='lat' dir='ltr'><strong>aut</strong></span> <span class='ocrx_word' id='word_1_279' title='bbox 375 2866 429 2928; x_wconf 85' lang='lat' dir='ltr'><strong>pro</strong></span> <span class='ocrx_word' id='word_1_280' title='bbox 443 2865 548 2910; x_wconf 90' lang='lat' dir='ltr'><strong>mense</strong></span> <span class='ocrx_word' id='word_1_281' title='bbox 562 2848 610 2910; x_wconf 92' lang='lat' dir='ltr'><strong>vel</strong></span> <span class='ocrx_word' id='word_1_282' title='bbox 621 2866 713 2923; x_wconf 90' lang='lat' dir='ltr'><strong>anuo,</strong></span> <span class='ocrx_word' id='word_1_283' title='bbox 725 2846 895 2910; x_wconf 88' lang='lat' dir='ltr'><strong>minimmn</strong></span> <span class='ocrx_word' id='word_1_284' title='bbox 907 2846 1076 2909; x_wconf 80' lang='lat' dir='ltr'><strong>tenendum</strong></span> <span class='ocrx_word' id='word_1_285' title='bbox 1090 2842 1235 2908; x_wconf 81' lang='lat' dir='ltr'><strong>est—S.</strong></span> <span class='ocrx_word' id='word_1_286' title='bbox 1251 2843 1319 2924; x_wconf 75' lang='lat' dir='ltr'><strong>Lip.</strong></span> <span class='ocrx_word' id='word_1_287' title='bbox 1334 2861 1366 2906; x_wconf 81' lang='lat' dir='ltr'><strong>a.</strong></span> <span class='ocrx_word' id='word_1_288' title='bbox 1380 2845 1452 2905; x_wconf 59' lang='lat' dir='ltr'><strong>til.</strong></span> 
     </span>
    </p>

    <p class='ocr_par' dir='ltr' id='par_1_8' title="bbox 177 2934 1457 3195">
     <span class='ocr_line' id='line_1_30' title="bbox 223 2934 1457 3018; baseline -0.006 -20"><span class='ocrx_word' id='word_1_289' title='bbox 223 2938 257 2998; x_wconf 64' lang='grc' dir='ltr'>ιο</span> <span class='ocrx_word' id='word_1_290' title='bbox 270 2936 329 3012; x_wconf 87' lang='lat' dir='ltr'><strong>Qui</strong></span> <span class='ocrx_word' id='word_1_291' title='bbox 347 2936 432 2999; x_wconf 86' lang='lat' dir='ltr'><strong>vovit</strong></span> <span class='ocrx_word' id='word_1_292' title='bbox 453 2936 571 3018; x_wconf 79' lang='lat' dir='ltr'><strong>aliquid</strong></span> <span class='ocrx_word' id='word_1_293' title='bbox 592 2935 658 2999; x_wconf 92' lang='lat' dir='ltr'><strong>sine</strong></span> <span class='ocrx_word' id='word_1_294' title='bbox 678 2941 759 2998; x_wconf 89' lang='lat' dir='ltr'><strong>certa</strong></span> <span class='ocrx_word' id='word_1_295' title='bbox 778 2935 964 3017; x_wconf 87' lang='lat' dir='ltr'><strong>quantitate,</strong></span> <span class='ocrx_word' id='word_1_296' title='bbox 981 2953 1011 2998; x_wconf 87' lang='lat' dir='ltr'><strong>v.</strong></span> <span class='ocrx_word' id='word_1_297' title='bbox 1030 2952 1090 3014; x_wconf 69' lang='lat' dir='ltr'><strong>gr„</strong></span> <span class='ocrx_word' id='word_1_298' title='bbox 1106 2934 1344 3014; x_wconf 71' lang='lat' dir='ltr'><strong>eleemosynam,</strong></span> <span class='ocrx_word' id='word_1_299' title='bbox 1364 2947 1457 3012; x_wconf 88' lang='lat' dir='ltr'><strong>pecu-</strong></span> 
     </span>
     <span class='ocr_line' id='line_1_31' title="bbox 177 3019 1454 3106; baseline -0.005 -18"><span class='ocrx_word' id='word_1_300' title='bbox 177 3022 286 3098; x_wconf 83' lang='lat' dir='ltr'><strong>niam,</strong></span> <span class='ocrx_word' id='word_1_301' title='bbox 300 3031 371 3099; x_wconf 89' lang='lat' dir='ltr'><strong>etc.‚</strong></span> <span class='ocrx_word' id='word_1_302' title='bbox 388 3024 537 3088; x_wconf 87' lang='lat' dir='ltr'><strong>satisfacit</strong></span> <span class='ocrx_word' id='word_1_303' title='bbox 548 3025 647 3089; x_wconf 89' lang='lat' dir='ltr'><strong>dando</strong></span> <span class='ocrx_word' id='word_1_304' title='bbox 658 3023 691 3086; x_wconf 95' lang='lat' dir='ltr'><strong>id</strong></span> <span class='ocrx_word' id='word_1_305' title='bbox 700 3025 782 3106; x_wconf 86' lang='lat' dir='ltr'><strong>qnod</strong></span> <span class='ocrx_word' id='word_1_306' title='bbox 793 3024 925 3087; x_wconf 88' lang='lat' dir='ltr'><strong>voluerit</strong></span> <span class='ocrx_word' id='word_1_307' title='bbox 935 3071 943 3099; x_wconf 93' lang='lat'><strong>,</strong></span> <span class='ocrx_word' id='word_1_308' title='bbox 954 3023 1043 3086; x_wconf 94' lang='lat' dir='ltr'><strong>modo</strong></span> <span class='ocrx_word' id='word_1_309' title='bbox 1055 3039 1118 3084; x_wconf 88' lang='lat' dir='ltr'><strong>non</strong></span> <span class='ocrx_word' id='word_1_310' title='bbox 1127 3028 1192 3085; x_wconf 86' lang='lat' dir='ltr'><strong>tarn</strong></span> <span class='ocrx_word' id='word_1_311' title='bbox 1201 3039 1312 3102; x_wconf 87' lang='lat' dir='ltr'><strong>parum</strong></span> <span class='ocrx_word' id='word_1_312' title='bbox 1323 3019 1454 3094; x_wconf 82' lang='lat' dir='ltr'><strong>tribuat,</strong></span> 
     </span>
     <span class='ocr_line' id='line_1_32' title="bbox 180 3111 1134 3195; baseline -0.002 -21"><span class='ocrx_word' id='word_1_313' title='bbox 180 3118 222 3175; x_wconf 89' lang='lat' dir='ltr'><strong>ut</strong></span> <span class='ocrx_word' id='word_1_314' title='bbox 233 3112 375 3177; x_wconf 88' lang='lat' dir='ltr'><strong>videatur</strong></span> <span class='ocrx_word' id='word_1_315' title='bbox 386 3113 488 3194; x_wconf 88' lang='lat' dir='ltr'><strong>potius</strong></span> <span class='ocrx_word' id='word_1_316' title='bbox 502 3116 561 3177; x_wconf 86' lang='lat' dir='ltr'><strong>Deo</strong></span> <span class='ocrx_word' id='word_1_317' title='bbox 572 3112 714 3190; x_wconf 89' lang='lat' dir='ltr'><strong>illudere,</strong></span> <span class='ocrx_word' id='word_1_318' title='bbox 728 3130 823 3195; x_wconf 89' lang='lat' dir='ltr'><strong>quam</strong></span> <span class='ocrx_word' id='word_1_319' title='bbox 837 3118 946 3176; x_wconf 90' lang='lat' dir='ltr'><strong>votum</strong></span> <span class='ocrx_word' id='word_1_320' title='bbox 958 3111 1134 3192; x_wconf 80' lang='lat' dir='ltr'><strong>adimplere.</strong></span> 
     </span>
    </p>

    <p class='ocr_par' dir='ltr' id='par_1_9' title="bbox 178 3197 1519 3730">
     <span class='ocr_line' id='line_1_33' title="bbox 226 3197 1519 3284; baseline -0.006 -19"><span class='ocrx_word' id='word_1_321' title='bbox 226 3205 260 3265; x_wconf 75' lang='lat'><strong>5⁰</strong></span> <span class='ocrx_word' id='word_1_322' title='bbox 274 3202 333 3278; x_wconf 85' lang='lat' dir='ltr'><strong>Qui</strong></span> <span class='ocrx_word' id='word_1_323' title='bbox 351 3201 437 3265; x_wconf 90' lang='lat' dir='ltr'><strong>vovit</strong></span> <span class='ocrx_word' id='word_1_324' title='bbox 454 3203 560 3266; x_wconf 89' lang='lat' dir='ltr'><strong>andire</strong></span> <span class='ocrx_word' id='word_1_325' title='bbox 575 3205 702 3266; x_wconf 88' lang='lat' dir='ltr'><strong>Sacrum</strong></span> <span class='ocrx_word' id='word_1_326' title='bbox 720 3221 774 3284; x_wconf 90' lang='lat' dir='ltr'><strong>per</strong></span> <span class='ocrx_word' id='word_1_327' title='bbox 793 3219 932 3265; x_wconf 90' lang='lat' dir='ltr'><strong>mensem</strong></span> <span class='ocrx_word' id='word_1_328' title='bbox 953 3201 1001 3264; x_wconf 90' lang='lat' dir='ltr'><strong>vel</strong></span> <span class='ocrx_word' id='word_1_329' title='bbox 1018 3217 1154 3274; x_wconf 90' lang='lat' dir='ltr'><strong>annum,</strong></span> <span class='ocrx_word' id='word_1_330' title='bbox 1175 3197 1370 3282; x_wconf 84' lang='lat' dir='ltr'><strong>probabilius</strong></span> <span class='ocrx_word' id='word_1_331' title='bbox 1392 3213 1456 3259; x_wconf 91' lang='lat' dir='ltr'><strong>non</strong></span> <span class='ocrx_word' id='word_1_332' title='bbox 1517 3231 1519 3236; x_wconf 94' lang='lat'>·</span> 
     </span>
     <span class='ocr_line' id='line_1_34' title="bbox 179 3283 1456 3370; baseline -0.007 -16"><span class='ocrx_word' id='word_1_333' title='bbox 179 3289 307 3364; x_wconf 73' lang='lat' dir='ltr'><strong>tenetur</strong></span> <span class='ocrx_word' id='word_1_334' title='bbox 321 3290 453 3355; x_wconf 87' lang='lat' dir='ltr'><strong>infestis</strong></span> <span class='ocrx_word' id='word_1_335' title='bbox 465 3291 571 3354; x_wconf 91' lang='lat' dir='ltr'><strong>audire</strong></span> <span class='ocrx_word' id='word_1_336' title='bbox 583 3292 758 3367; x_wconf 82' lang='lat' dir='ltr'><strong>duoSacm,</strong></span> <span class='ocrx_word' id='word_1_337' title='bbox 773 3290 835 3354; x_wconf 89' lang='lat' dir='ltr'><strong>nisi</strong></span> <span class='ocrx_word' id='word_1_338' title='bbox 849 3288 988 3370; x_wconf 79' lang='lat' dir='ltr'><strong>explicite</strong></span> <span class='ocrx_word' id='word_1_339' title='bbox 1001 3288 1057 3352; x_wconf 90' lang='lat' dir='ltr'><strong>hoc</strong></span> <span class='ocrx_word' id='word_1_340' title='bbox 1070 3288 1203 3365; x_wconf 88' lang='lat' dir='ltr'><strong>voverit;</strong></span> <span class='ocrx_word' id='word_1_341' title='bbox 1216 3287 1290 3368; x_wconf 89' lang='lat' dir='ltr'><strong>quia</strong></span> <span class='ocrx_word' id='word_1_342' title='bbox 1305 3285 1376 3349; x_wconf 90' lang='lat' dir='ltr'><strong>finis</strong></span> <span class='ocrx_word' id='word_1_343' title='bbox 1390 3283 1456 3346; x_wconf 88' lang='lat' dir='ltr'><strong>voti</strong></span> 
     </span>
     <span class='ocr_line' id='line_1_35' title="bbox 178 3375 1457 3460; baseline -0.007 -17"><span class='ocrx_word' id='word_1_344' title='bbox 178 3385 245 3456; x_wconf 86' lang='lat' dir='ltr'><strong>est,</strong></span> <span class='ocrx_word' id='word_1_345' title='bbox 261 3385 299 3443; x_wconf 92' lang='lat' dir='ltr'><strong>ut</strong></span> <span class='ocrx_word' id='word_1_346' title='bbox 311 3379 440 3460; x_wconf 85' lang='lat' dir='ltr'><strong>singulis</strong></span> <span class='ocrx_word' id='word_1_347' title='bbox 455 3379 562 3443; x_wconf 88' lang='lat' dir='ltr'><strong>diebus</strong></span> <span class='ocrx_word' id='word_1_348' title='bbox 573 3379 710 3444; x_wconf 90' lang='lat' dir='ltr'><strong>fructum</strong></span> <span class='ocrx_word' id='word_1_349' title='bbox 722 3378 862 3444; x_wconf 88' lang='lat' dir='ltr'><strong>sacrificii</strong></span> <span class='ocrx_word' id='word_1_350' title='bbox 875 3379 1005 3459; x_wconf 79' lang='lat' dir='ltr'><strong>colligat.</strong></span> <span class='ocrx_word' id='word_1_351' title='bbox 1018 3381 1096 3440; x_wconf 93' lang='lat' dir='ltr'><strong>ltem</strong></span> <span class='ocrx_word' id='word_1_352' title='bbox 1107 3395 1171 3442; x_wconf 88' lang='lat' dir='ltr'><strong>nou</strong></span> <span class='ocrx_word' id='word_1_353' title='bbox 1184 3381 1307 3440; x_wconf 87' lang='lat' dir='ltr'><strong>tenetur</strong></span> <span class='ocrx_word' id='word_1_354' title='bbox 1316 3375 1457 3455; x_wconf 88' lang='lat' dir='ltr'><strong>jejunare</strong></span> 
     </span>
     <span class='ocr_line' id='line_1_36' title="bbox 179 3457 1455 3550; baseline -0.008 -19"><span class='ocrx_word' id='word_1_355' title='bbox 179 3468 233 3544; x_wconf 83' lang='lat' dir='ltr'><strong>die</strong></span> <span class='ocrx_word' id='word_1_356' title='bbox 253 3468 426 3546; x_wconf 88' lang='lat' dir='ltr'><strong>Dominica,</strong></span> <span class='ocrx_word' id='word_1_357' title='bbox 441 3469 496 3550; x_wconf 91' lang='lat' dir='ltr'><strong>qui</strong></span> <span class='ocrx_word' id='word_1_358' title='bbox 516 3487 570 3550; x_wconf 89' lang='lat' dir='ltr'><strong>per</strong></span> <span class='ocrx_word' id='word_1_359' title='bbox 587 3486 740 3545; x_wconf 89' lang='lat' dir='ltr'><strong>mensem,</strong></span> <span class='ocrx_word' id='word_1_360' title='bbox 757 3485 891 3543; x_wconf 88' lang='lat' dir='ltr'><strong>annum,</strong></span> <span class='ocrx_word' id='word_1_361' title='bbox 905 3467 953 3531; x_wconf 89' lang='lat' dir='ltr'><strong>vel</strong></span> <span class='ocrx_word' id='word_1_362' title='bbox 971 3473 1069 3532; x_wconf 89' lang='lat' dir='ltr'><strong>totam</strong></span> <span class='ocrx_word' id='word_1_363' title='bbox 1086 3465 1185 3529; x_wconf 87' lang='lat' dir='ltr'><strong>vitam</strong></span> <span class='ocrx_word' id='word_1_364' title='bbox 1197 3467 1335 3546; x_wconf 86' lang='lat' dir='ltr'><strong>jejunare</strong></span> <span class='ocrx_word' id='word_1_365' title='bbox 1353 3457 1455 3536; x_wconf 87' lang='lat' dir='ltr'><strong>vovit,</strong></span> 
     </span>
     <span class='ocr_line' id='line_1_37' title="bbox 178 3549 1458 3639; baseline -0.005 -19"><span class='ocrx_word' id='word_1_366' title='bbox 178 3555 246 3620; x_wconf 87' lang='lat' dir='ltr'><strong>nisi</strong></span> <span class='ocrx_word' id='word_1_367' title='bbox 264 3576 404 3639; x_wconf 85' lang='lat' dir='ltr'><strong>expresse</strong></span> <span class='ocrx_word' id='word_1_368' title='bbox 419 3558 458 3621; x_wconf 89' lang='lat' dir='ltr'><strong>ad</strong></span> <span class='ocrx_word' id='word_1_369' title='bbox 478 3557 512 3621; x_wconf 93' lang='lat' dir='ltr'><strong>id</strong></span> <span class='ocrx_word' id='word_1_370' title='bbox 531 3576 594 3621; x_wconf 87' lang='lat' dir='ltr'><strong>seso</strong></span> <span class='ocrx_word' id='word_1_371' title='bbox 610 3556 894 3639; x_wconf 80' lang='lat' dir='ltr'><strong>obligaverit;q11ia</strong></span> <span class='ocrx_word' id='word_1_372' title='bbox 913 3562 1053 3620; x_wconf 87' lang='lat' dir='ltr'><strong>censetur</strong></span> <span class='ocrx_word' id='word_1_373' title='bbox 1072 3573 1180 3619; x_wconf 86' lang='lat' dir='ltr'><strong>vovere</strong></span> <span class='ocrx_word' id='word_1_374' title='bbox 1197 3549 1352 3635; x_wconf 85' lang='lat' dir='ltr'><strong>jejunium</strong></span> <span class='ocrx_word' id='word_1_375' title='bbox 1365 3551 1458 3630; x_wconf 86' lang='lat' dir='ltr'><strong>juxta</strong></span> 
     </span>
     <span class='ocr_line' id='line_1_38' title="bbox 180 3645 783 3730; baseline -0.002 -21"><span class='ocrx_word' id='word_1_376' title='bbox 180 3663 302 3710; x_wconf 91' lang='lat' dir='ltr'><strong>morem</strong></span> <span class='ocrx_word' id='word_1_377' title='bbox 317 3647 465 3710; x_wconf 74' lang='lat' dir='ltr'><strong>Ecclesia.</strong></span> <span class='ocrx_word' id='word_1_378' title='bbox 478 3680 520 3694; x_wconf 96' lang='lat'>-</span> <span class='ocrx_word' id='word_1_379' title='bbox 530 3645 566 3709; x_wconf 89' lang='lat' dir='ltr'><strong>S.</strong></span> <span class='ocrx_word' id='word_1_380' title='bbox 581 3647 652 3730; x_wconf 74' lang='lat' dir='ltr'><strong>Liq.</strong></span> <span class='ocrx_word' id='word_1_381' title='bbox 665 3667 697 3708; x_wconf 85' lang='lat' dir='ltr'><strong>a.</strong></span> <span class='ocrx_word' id='word_1_382' title='bbox 713 3651 783 3711; x_wconf 56' lang='grc' dir='ltr'><strong>ἧι.</strong></span> 
     </span>
    </p>

    <p class='ocr_par' dir='ltr' id='par_1_10' title="bbox 180 3725 1457 3997">
     <span class='ocr_line' id='line_1_39' title="bbox 224 3725 1457 3818; baseline -0.006 -19"><span class='ocrx_word' id='word_1_383' title='bbox 224 3739 259 3799; x_wconf 83' lang='lat'><strong>6⁰</strong></span> <span class='ocrx_word' id='word_1_384' title='bbox 271 3736 330 3812; x_wconf 84' lang='lat' dir='ltr'><strong>Qui</strong></span> <span class='ocrx_word' id='word_1_385' title='bbox 344 3735 430 3799; x_wconf 91' lang='lat' dir='ltr'><strong>vovit</strong></span> <span class='ocrx_word' id='word_1_386' title='bbox 438 3735 594 3818; x_wconf 84' lang='lat' dir='ltr'><strong>jejunium</strong></span> <span class='ocrx_word' id='word_1_387' title='bbox 608 3735 642 3799; x_wconf 94' lang='lat' dir='ltr'><strong>in</strong></span> <span class='ocrx_word' id='word_1_388' title='bbox 656 3735 763 3817; x_wconf 74' lang='lat' dir='ltr'><strong>vigilia</strong></span> <span class='ocrx_word' id='word_1_389' title='bbox 776 3735 904 3818; x_wconf 88' lang='lat' dir='ltr'><strong>alicujus</strong></span> <span class='ocrx_word' id='word_1_390' title='bbox 919 3735 1036 3812; x_wconf 85' lang='lat' dir='ltr'><strong>Sancti,</strong></span> <span class='ocrx_word' id='word_1_391' title='bbox 1053 3734 1079 3798; x_wconf 91' lang='lat' dir='ltr'><strong>si</strong></span> <span class='ocrx_word' id='word_1_392' title='bbox 1095 3735 1160 3798; x_wconf 72' lang='lat' dir='ltr'><strong>hec</strong></span> <span class='ocrx_word' id='word_1_393' title='bbox 1177 3733 1212 3796; x_wconf 90' lang='lat' dir='ltr'><strong>in</strong></span> <span class='ocrx_word' id='word_1_394' title='bbox 1226 3731 1309 3794; x_wconf 91' lang='lat' dir='ltr'><strong>diem</strong></span> <span class='ocrx_word' id='word_1_395' title='bbox 1322 3725 1457 3794; x_wconf 83' lang='lat' dir='ltr'><strong>pomini-</strong></span> 
     </span>
     <span class='ocr_line' id='line_1_40' title="bbox 180 3821 1455 3908; baseline -0.01 -16"><span class='ocrx_word' id='word_1_396' title='bbox 180 3841 253 3892; x_wconf 82' lang='lat' dir='ltr'><strong>cam</strong></span> <span class='ocrx_word' id='word_1_397' title='bbox 268 3823 401 3899; x_wconf 87' lang='lat' dir='ltr'><strong>incidat,</strong></span> <span class='ocrx_word' id='word_1_398' title='bbox 420 3824 469 3888; x_wconf 91' lang='lat' dir='ltr'><strong>die</strong></span> <span class='ocrx_word' id='word_1_399' title='bbox 487 3825 622 3901; x_wconf 86' lang='lat' dir='ltr'><strong>sabbati,</strong></span> <span class='ocrx_word' id='word_1_400' title='bbox 632 3827 724 3908; x_wconf 82' lang='lat' dir='ltr'><strong>juxta</strong></span> <span class='ocrx_word' id='word_1_401' title='bbox 744 3841 861 3888; x_wconf 89' lang='lat' dir='ltr'><strong>morem</strong></span> <span class='ocrx_word' id='word_1_402' title='bbox 878 3824 1030 3901; x_wconf 81' lang='lat' dir='ltr'><strong>Ecclesia,</strong></span> <span class='ocrx_word' id='word_1_403' title='bbox 1045 3830 1152 3890; x_wconf 88' lang='lat' dir='ltr'><strong>votum</strong></span> <span class='ocrx_word' id='word_1_404' title='bbox 1166 3821 1331 3901; x_wconf 89' lang='lat' dir='ltr'><strong>adimplere</strong></span> <span class='ocrx_word' id='word_1_405' title='bbox 1344 3821 1455 3900; x_wconf 89' lang='lat' dir='ltr'><strong>potest.</strong></span> 
     </span>
     <span class='ocr_line' id='line_1_41' title="bbox 180 3911 936 3997; baseline 0 -21"><span class='ocrx_word' id='word_1_406' title='bbox 180 3945 225 3962; x_wconf 89' lang='lat'>-</span> <span class='ocrx_word' id='word_1_407' title='bbox 238 3911 273 3976; x_wconf 89' lang='lat' dir='ltr'><strong>S.</strong></span> <span class='ocrx_word' id='word_1_408' title='bbox 287 3915 370 3997; x_wconf 69' lang='lat' dir='ltr'><strong>Lep,</strong></span> <span class='ocrx_word' id='word_1_409' title='bbox 384 3914 459 3978; x_wconf 85' lang='lat' dir='ltr'><strong>ibid.</strong></span> <span class='ocrx_word' id='word_1_410' title='bbox 474 3949 514 3960; x_wconf 89' lang='lat'><em>-</em></span> <span class='ocrx_word' id='word_1_411' title='bbox 532 3914 566 3979; x_wconf 87' lang='lat' dir='ltr'><strong>V.</strong></span> <span class='ocrx_word' id='word_1_412' title='bbox 585 3913 697 3994; x_wconf 80' lang='lat' dir='ltr'><strong>Casca,</strong></span> <span class='ocrx_word' id='word_1_413' title='bbox 712 3935 744 3976; x_wconf 84' lang='lat' dir='ltr'><strong>a.</strong></span> <span class='ocrx_word' id='word_1_414' title='bbox 758 3917 817 3977; x_wconf 72' lang='lat'><strong>312</strong></span> <span class='ocrx_word' id='word_1_415' title='bbox 831 3923 936 3996; x_wconf 82' lang='lat' dir='ltr'><strong>etseq.</strong></span> 
     </span>
    </p>
   </div>
   <div class='ocr_carea' id='block_1_7' title="bbox 686 4117 961 4182">
    <p class='ocr_par' dir='ltr' id='par_1_11' title="bbox 686 4117 961 4182">
     <span class='ocr_line' id='line_1_42' title="bbox 686 4117 961 4182; baseline -0.007 -1"><span class='ocrx_word' id='word_1_416' title='bbox 686 4117 901 4182; x_wconf 81' lang='lat' dir='ltr'><strong>AR&#39;l&#39;lCULUS</strong></span> <span class='ocrx_word' id='word_1_417' title='bbox 920 4117 961 4179; x_wconf 93' lang='lat' dir='ltr'><strong>III</strong></span> 
     </span>
    </p>
   </div>
   <div class='ocr_carea' id='block_1_8' title="bbox 627 4249 1030 4319">
    <p class='ocr_par' dir='ltr' id='par_1_12' title="bbox 627 4249 1030 4319">
     <span class='ocr_line' id='line_1_43' title="bbox 627 4249 1030 4319; baseline -0.007 -2"><span class='ocrx_word' id='word_1_418' title='bbox 627 4272 670 4317; x_wconf 82' lang='lat' dir='ltr'><strong>or</strong></span> <span class='ocrx_word' id='word_1_419' title='bbox 695 4271 915 4319; x_wconf 80' lang='lat' dir='ltr'><strong>cresarroun</strong></span> <span class='ocrx_word' id='word_1_420' title='bbox 935 4249 1030 4318; x_wconf 85' lang='lat' dir='ltr'><strong>vorr&#39;</strong></span> 
     </span>
    </p>
   </div>
   <div class='ocr_carea' id='block_1_9' title="bbox 226 4415 1457 4586">
    <p class='ocr_par' dir='ltr' id='par_1_13' title="bbox 226 4415 1457 4586">
     <span class='ocr_line' id='line_1_44' title="bbox 226 4415 853 4501; baseline -0.005 -17"><span class='ocrx_word' id='word_1_421' title='bbox 226 4421 296 4484; x_wconf 72' lang='lat'><strong>329.</strong></span> <span class='ocrx_word' id='word_1_422' title='bbox 312 4453 354 4466; x_wconf 91' lang='lat'><em>-</em></span> <span class='ocrx_word' id='word_1_423' title='bbox 366 4417 514 4501; x_wconf 79' lang='lat' dir='ltr'><strong>obligatio</strong></span> <span class='ocrx_word' id='word_1_424' title='bbox 527 4415 592 4482; x_wconf 91' lang='lat' dir='ltr'><strong>voti</strong></span> <span class='ocrx_word' id='word_1_425' title='bbox 605 4436 720 4482; x_wconf 88' lang='lat' dir='ltr'><strong>cessare</strong></span> <span class='ocrx_word' id='word_1_426' title='bbox 730 4424 830 4500; x_wconf 89' lang='lat' dir='ltr'><strong>potest</strong></span> <span class='ocrx_word' id='word_1_427' title='bbox 845 4435 853 4480; x_wconf 93' lang='lat'><strong>:</strong></span> 
     </span>
     <span class='ocr_line' id='line_1_45' title="bbox 227 4499 1457 4586; baseline -0.011 -14"><span class='ocrx_word' id='word_1_428' title='bbox 227 4513 260 4572; x_wconf 89' lang='lat' dir='ltr'><strong>l⁰</strong></span> <span class='ocrx_word' id='word_1_429' title='bbox 272 4508 315 4573; x_wconf 82' lang='lat' dir='ltr'><strong>oh</strong></span> <span class='ocrx_word' id='word_1_430' title='bbox 327 4527 433 4572; x_wconf 89' lang='lat' dir='ltr'><strong>causas</strong></span> <span class='ocrx_word' id='word_1_431' title='bbox 447 4507 643 4586; x_wconf 83' lang='lat' dir='ltr'><strong>intrinsecas,</strong></span> <span class='ocrx_word' id='word_1_432' title='bbox 663 4507 776 4572; x_wconf 86' lang='lat' dir='ltr'><strong>scilicet</strong></span> <span class='ocrx_word' id='word_1_433' title='bbox 792 4506 957 4571; x_wconf 89' lang='lat' dir='ltr'><strong>cessatione</strong></span> <span class='ocrx_word' id='word_1_434' title='bbox 970 4501 1041 4566; x_wconf 88' lang='lat' dir='ltr'><strong>linis</strong></span> <span class='ocrx_word' id='word_1_435' title='bbox 1053 4520 1107 4566; x_wconf 89' lang='lat' dir='ltr'><strong>seu</strong></span> <span class='ocrx_word' id='word_1_436' title='bbox 1122 4519 1219 4567; x_wconf 73' lang='lat' dir='ltr'><strong>causat</strong></span> <span class='ocrx_word' id='word_1_437' title='bbox 1232 4499 1371 4574; x_wconf 72' lang='lat' dir='ltr'><strong>motiva,</strong></span> <span class='ocrx_word' id='word_1_438' title='bbox 1387 4515 1457 4561; x_wconf 89' lang='lat' dir='ltr'><strong>mn-</strong></span> 
     </span>
    </p>
   </div>
   <div class='ocr_carea' id='block_1_10' title="bbox 0 0 1618 5024">
    <p class='ocr_par' dir='ltr' id='par_1_14' title="bbox 0 0 1618 5024">
     <span class='ocr_line' id='line_1_46' title="bbox 0 0 1618 5024; baseline 0 0"><span class='ocrx_word' id='word_1_439' title='bbox 0 0 1618 5024; x_wconf 95' lang='lat' dir='ltr'><strong> </strong></span> 
     </span>
    </p>
   </div>
  </div>
 </body>
</html>
