3156 5026
196 189 264 251 376
728 201 934 250 reserares

195 318 315 396 peracta
325 313 434 390 brerit3
453 313 619 394 quamdiu,
635 331 753 394 queso,
770 313 967 396 perdurabit?
981 319 1089 379 Nonne
1102 313 1275 390 otiositate,
1295 315 1385 390 ludo,
1406 333 1471 378 cra-

195 402 278 485 pula,
293 400 514 483 prodigalitate,
530 401 696 482 imperitia,
712 401 907 479 hebetudine,
925 403 972 466 vel
986 409 1093 466 contra
1105 402 1285 478 ambitione,
1301 402 1469 481 industria,

196 496 251 555 aut
263 491 443 572 rapacitate,
459 489 539 552 bono
557 496 612 552 aut
632 491 713 554 malo
733 509 873 554 successu
894 493 1071 555 destruetur
1090 491 1143 554 illa
1159 492 1338 574 aequalitas,
1362 493 1471 556 statim

196 597 231 643 aa
244 579 380 642 stabilita
393 577 509 641 brerit?

236 671 306 732 519.
321 701 364 715 -
384 667 441 730 Sed
467 666 558 731 aiunt
575 668 721 750 quidam:
737 669 827 732 Nulla
847 669 901 732 fiat
917 667 1069 732 bonorum
1091 668 1220 744 divisio,
1243 669 1411 750 nullusque
1430 671 1474 733 sit

196 755 431 837 proprietarius;
448 755 600 836 possideat
614 756 720 820 omnia
731 755 811 818 bona
824 758 886 820 sola
900 755 1089 837 Respublica,
1104 764 1136 820 et
1152 757 1233 820 cives
1247 757 1312 820 sint
1328 759 1471 838 operarii.

196 847 313 908 Verum
333 845 422 926 quale
443 843 543 908 aderit
562 844 773 908 laborantibus
794 845 1055 909 incitamentum?
1069 846 1140 928 quis
1158 845 1272 909 laboris
1289 865 1387 927 genus
1408 847 1473 910 sin-

197 933 276 1015 gulis
297 933 487 1014 assignabit?
504 935 660 1010 Quomodo
677 933 778 997 victus
797 934 1014 1016 quotidianus,
1031 942 1062 998 et
1080 935 1305 998 vestimentum
1325 935 1473 1000 ominbus

197 1021 508 1085 subministrabitur?
529 1025 635 1085 Nonne
659 1021 832 1104 requiretur
854 1022 932 1103 legio
961 1023 1218 1104 praepositorum?
1239 1024 1298 1086 Sed
1317 1025 1384 1104 jam
1409 1043 1472 1088 non

197 1127 303 1173 omnes
320 1109 418 1191 igitur
439 1110 527 1173 duris
548 1111 704 1174 laboribus
720 1110 880 1174 addicendi
896 1117 999 1174 erunt.
1018 1111 1212 1188 Quibusnam
1226 1129 1299 1175 vero
1314 1111 1473 1176 incumbet

197 1197 330 1263 officium
346 1198 579 1280 prepositorum
591 1199 639 1262 vel
651 1198 867 1262 subditorum?
881 1200 957 1282 quid
968 1202 1005 1264 de
1020 1201 1152 1282 aegrotis,
1169 1199 1314 1276 infirmis,
1331 1201 1470 1274 sambae,

185 1286 320 1368 ,puerist
342 1287 418 1368 quid
440 1287 476 1350 de
497 1287 634 1350 familia?
652 1287 728 1370 quid
750 1287 787 1350 de
807 1287 912 1351 officiis
931 1288 1052 1352 mutuis
1073 1295 1212 1370 parentes
1226 1289 1308 1351 inter
1325 1296 1357 1353 ot
1374 1290 1474 1353 filios?

196 1376 348 1458 quomodo
369 1374 560 1438 discernendi
580 1382 672 1439 erunt
693 1376 758 1438 veri
779 1375 897 1440 infirmi
917 1378 955 1439 ad
974 1377 1109 1440 laborem
1124 1377 1223 1459 inepti
1238 1377 1276 1439 ab
1296 1377 1473 1441 innumeris

196 1463 252 1544 qui
268 1463 484 1545 impotentiam
499 1463 713 1527 simulabunt?
727 1464 801 1545 quid
818 1465 855 1528 de
871 1465 1073 1550 commercio?
1086 1465 1124 1528 de
1138 1464 1278 1528 artibus?
1292 1467 1329 1528 de
1343 1465 1472 1530 litteris?

197 1552 234 1614 de
248 1551 384 1615 scientiis
398 1553 433 1614 in
450 1551 591 1615 societate
606 1552 798 1628 necessariis,
818 1572 849 1615 v.
866 1572 925 1634 gr,
935 1553 1034 1636 juris,
1050 1553 1231 1617 medicinae?
1243 1561 1299 1616 eto.
1320 1554 1400 1630 Quid
1414 1553 1472 1636 igi-

196 1645 249 1702 tur
267 1639 319 1702 illa
340 1640 446 1721 utopia
469 1641 654 1704 absurdius?
672 1645 778 1704 Nonne
798 1641 855 1705 hoc
877 1642 1106 1706 absurditatum
1126 1641 1270 1706 cumulus
1291 1648 1338 1705 est
1356 1643 1473 1706 baben-

196 1728 295 1792 dum?
309 1729 389 1806 Quid
408 1748 478 1810 ergo
492 1731 530 1792 de
543 1729 768 1793 communismo
785 1729 949 1795 dicendum
965 1733 1031 1794 est?
1047 1732 1081 1794 ld
1099 1730 1181 1813 quod
1195 1731 1233 1793 de
1250 1731 1310 1794 alio
1330 1738 1471 1813 portento

195 1817 352 1898 perhibuit
385 1820 497 1882 Poeta:
524 1817 690 1880 Monstrum
723 1817 921 1895 torrendum,
951 1821 1096 1902 informe,
1130 1822 1250 1902 capena,
1287 1824 1337 1882 cai
1367 1819 1468 1881 tamen

196 1905 281 1968 1111111
307 1905 388 1968 mm?

236 1926 730 2076 53(ἶο11111111111111111111111111111
749 1997 848 2060 Terra
862 2016 920 2079 pro
938 1996 1074 2058 omnibus
1090 1997 1213 2078 fractus
1229 2016 1297 2058 snos
1313 1995 1465 2080 producit

195 2085 310 2164 Ergo...
324 2083 373 2148 Sio
387 2084 547 2146 Rouaseau.
1100 2162 1103 2171 Ι

236 2171 325 2253 Resp.
338 2191 352 2234 .·
366 2175 443 2237 Sane
459 2180 539 2235 terra
552 2174 669 2237 tructus
684 2193 755 2238 suos
771 2192 824 2255 pro
839 2173 984 2237 omnibus
995 2173 1150 2254 producit,
1167 2178 1198 2236 et
1212 2174 1313 2254 reipsa
1328 2191 1430 2236 ornnes
1450 2192 1471 2236 a

195 2258 306 2322 mundi
326 2260 450 2324 exordio
471 2262 508 2325 da
522 2261 672 2325 balatibus
686 2270 775 2326 terre
789 2261 982 2325 victitarunt.
1000 2262 1057 2324 Sed
1076 2261 1168 2324 titulo
1189 2261 1292 2344 aliquo
1316 2262 1470 2343 legitimo,

195 2367 226 2412 r.
252 2365 311 2428 gn,
337 2349 506 2429 emptione,
535 2350 792 2425 commutatione,
818 2357 849 2413 et
869 2349 1024 2432 imprimis
1041 2349 1145 2413 labore
1166 2353 1197 2412 et
1227 2350 1333 2412 vultus
1361 2351 1473 2412 sudore

196 2437 346 2518 ejusmodi
373 2437 491 2500 tructus
514 2438 690 2521 acquirendi
714 2445 799 2502 sunt.
822 2440 902 2501 Anto
922 2438 1027 2501 omnia
1049 2443 1154 2502 autern
1178 2438 1327 2500 servanda
1352 2443 1397 2500 est
1417 2437 1473 2500 lex

196 2523 321 2588 divina:
341 2526 471 2590 Furtum
485 2548 545 2590 nort
556 2529 659 2609 facies.

235 2619 305 2679 531.
324 2650 364 2662 ——
388 2618 471 2678 Inter
493 2623 635 2698 patronos
663 2614 811 2678 doctrine
837 2615 1057 2678 sodalitiorum
1088 2613 1313 2678 ardentissimos
1347 2613 1471 2676 eminet

194 2703 361 2766 Proadbcrr
385 2707 535 2786 stupendo
560 2706 617 2769 hoc
640 2704 729 2768 effato
751 2703 999 2768 famosissimus:
1019 2704 1192 2787 Proprietas
1216 2711 1259 2766 ost
1280 2705 1400 2786 sartam
1419 2701 1475 2784 tta

190 2796 348 2876 propriori
358 2793 427 2856 c'est
442 2793 467 2857 le
482 2794 557 2876 vot).

449 2996 467 3074 s
491 2991 535 3060 ll.
563 2993 607 3059 lte
622 2991 808 3079 principiis
821 2989 1039 3078 penetratas
1052 2989 1213 3080 iustitiae.

733 3192 905 3238 PROPOSITIO
926 3193 938 3236 1

301 3337 419 3395 lustitia
431 3337 634 3394 commutatira
645 3336 755 3410 obligat
769 3337 823 3394 sub
836 3337 930 3409 31111,
943 3337 972 3392 11
985 3349 1051 3392 cunr
1065 3349 1151 3392 onere
1166 3333 1374 3392 restitutionis.

242 3505 312 3566 531.
328 3536 369 3547 -
380 3499 473 3562 Prot.
490 3499 522 3562 [⁰
538 3519 623 3582 pare.
640 3504 717 3563 Nam
727 3497 858 3580 justitiae
872 3497 1101 3562 commuutiva
1115 3495 1239 3559 violatio
1257 3513 1350 3576 poena
1363 3498 1481 3556 aterna

203 3589 360 3671 punienda
373 3595 429 3664 est,
439 3595 477 3652 ut
490 3594 609 3652 constat
619 3588 760 3669 pluribus
771 3587 935 3668 Scripturae
947 3585 1019 3648 loeis
1030 3585 1112 3648 infra
1125 3580 1267 3659 citandis,
1284 3583 1339 3645 ubi
1353 3599 1481 3663 agemus

204 3679 240 3742 de
251 3677 333 3741 furto
351 3686 382 3742 et
403 3679 439 3741 de
459 3677 668 3752 restitutiono;
683 3695 717 3739 ac
736 3683 896 3757 praterea,
912 3693 950 3737 ex
967 3693 999 3736 se
1017 3680 1048 3736 et
1066 3692 1105 3736 ex
1120 3679 1232 3736 natura
1251 3690 1308 3734 sua
1328 3677 1482 3752 repugnat

204 3767 425 3850 caritatique
439 3772 541 3829 motet
558 3766 597 3828 ad
611 3766 776 3828 volendum
797 3764 924 3826 alterius
942 3763 1060 3826 bonum
1070 3781 1077 3824 :
1089 3761 1156 3843 ipsa
1174 3759 1259 3823 enim
1277 3757 1481 3822 essentialiter

205 3856 345 3919 consistit
367 3857 402 3919 in
426 3862 607 3918 nocumento
624 3853 713 3916 alteri
730 3853 899 3915 inferendo.
920 3855 997 3932 Ergo
1014 3869 1076 3933 per
1097 3869 1128 3912 aa
1142 3850 1251 3912 saltem
1269 3854 1300 3909 et
1319 3867 1359 3909 ex
1371 3864 1482 3928 ponere

204 3963 256 4004 sno
274 3950 320 4007 est
338 3951 495 4026 peceatum
513 3944 707 4005 11111111.-
723 3941 759 4004 S.
784 3941 887 4004 Tiaom.
911 3944 941 4004 1.
962 3944 1005 4014 1.,
1025 3959 1054 4021 q.
1074 3941 1129 4014 59,
1151 3946 1213 4000 art.
1230 3941 1261 4000 t.
1279 3971 1319 3980 -
1333 3933 1403 3998 uiri
1424 3953 1483 4016 per

205 4051 252 4110 ee,·
266 4032 339 4114 quia
362 4033 418 4096 hac
438 4032 473 4096 in
494 4051 526 4095 re
544 4031 680 4095 materiae
698 4029 835 4112 parvitas
856 4028 1045 4104 admittitur,
1060 4033 1097 4090 ut
1117 4025 1263 4090 omnihus
1281 4022 1482 4104 perspicuum

205 4127 262 4185 est.

245 4209 338 4272 Prot.
358 4209 406 4272 11ιι
415 4229 499 4293 porc.
516 4213 594 4274 Nam
607 4207 730 4292 justitia
742 4205 865 4286 respicit
882 4204 1090 4286 aequalitatem
1104 4203 1148 4266 rei
1164 4202 1205 4265 ad
1218 4218 1298 4276 rem;
1316 4197 1403 4280 atqui
1421 4197 1482 4260 hu-

203 4299 255 4379 jus
265 4298 347 4361 laesio
359 4317 422 4360 11111
433 4303 530 4378 potest
542 4298 685 4380 reparari,
702 4295 763 4358 nisi
774 4313 827 4376 per
841 4293 1079 4358 restitutionem.
1095 4289 1249 4368 Quamdiu
1263 4289 1361 4368 igitur
1374 4293 1483 4349 manet

204 4385 412 4465 inequalitas,
433 4393 539 4448 manet
562 4385 705 4466 obligatio
727 4385 812 4447 illam
833 4380 1012 4464 reparandi3
1029 4386 1059 4444 et
1076 4381 1188 4445 ledens
1209 4382 1311 4459 peccat
1330 4375 1482 4439 servando

204 4471 461 4550 inequalitatem,
479 4474 558 4536 siout
571 4473 704 4554 peccavit
717 4489 785 4536 eam
800 4472 951 4535 violando.
