3206 5024
197 207 266 269 369
727 217 935 263 racusanus

319 379 515 458 Quaesita.

235 513 358 574 191.-
371 510 472 582 Quen.
487 512 519 570 l⁰
534 505 676 581 Quanam
689 503 752 566 cidi
763 506 920 587 quantitas
934 509 967 566 in
981 505 1097 568 carulo
1110 505 1187 567 sorni
1196 504 1314 588 possit?

236 599 324 680 Resp.
338 617 350 657 .·
363 598 410 657 Ex
427 593 574 658 hodierna
593 597 622 656 ει
641 593 802 657 communi
823 595 1044 657 consuetudine
1063 605 1127 657 octo
1145 594 1265 656 circiter
1282 593 1344 655 cibi
1357 593 1474 668 amic,

197 687 305 752 saltem
325 685 477 748 ordinarie
495 684 660 765 loquendo,
683 682 768 745 sumi
789 689 928 762 possunt.
941 719 980 728 -
999 684 1048 745 ito
1064 683 1099 745 S.
1116 683 1185 765 Liq.
1201 704 1232 744 a.
1252 686 1342 746 1025.
1359 718 1399 726 -
1414 681 1475 744 Alii

196 795 268 840 vero
289 773 547 855 permittendam,
564 772 670 847 aiunt,
691 777 838 852 quartam
860 790 952 834 coenae
974 778 1104 852 partem.
1124 775 1240 834 Verum
1258 771 1321 836 hnc
1338 771 1477 833 doctrina
1583 769 1584 772 ’

196 863 294 928 nirnis
309 881 386 942 vaga
402 862 449 924 vel
468 861 619 942 scrupulis
638 859 840 923 obnoxiaest.
857 895 900 906 -
918 860 1081 937 Quantitas
1098 867 1164 924 ocio
1179 860 1345 923 unciarum
1357 859 1477 922 nemini
1583 899 1584 932 ,

197 952 373 1032 deneganda
388 950 521 1024 videtur,
536 951 634 1029 major
648 955 753 1011 autem
768 951 959 1012 concedenda
972 949 1011 1012 iis
1026 947 1141 1031 quibus
1154 950 1220 1013 baec
1232 968 1295 1012 non
1314 947 1474 1010 sufficeret.

196 1075 238 1088 -
253 1042 289 1103 S.
308 1040 394 1121 ιιψ,
408 1039 486 1101 ibid.
501 1075 542 1084 -
555 1037 664 1116 Elbet,
682 1037 826 1099 Loeroia.
839 1074 879 1084 -
894 1040 971 1100 Sane
986 1038 1082 1101 statui
1101 1038 1211 1120 nequit
1227 1037 1331 1116 regula
1350 1037 1476 1099 omnino

197 1131 272 1204 fixa,
298 1145 370 1192 cum
391 1128 486 1190 etiam
513 1129 551 1190 ad
574 1126 828 1206 complexionem,
852 1145 982 1190 munera
1006 1127 1162 1203 obeunda,
1186 1126 1381 1189 durationem
1401 1128 1478 1208 jeju·

196 1219 258 1292 nii,
274 1223 331 1280 otc.
348 1215 466 1278 attendi
476 1215 594 1278 debeat.
611 1215 692 1278 Licet
704 1215 738 1276 in
751 1232 859 1295 genere
874 1233 997 1278 sumere
1011 1220 1166 1297 quantum
1181 1215 1388 1277 necessarium
1405 1214 1474 1294 quis

197 1306 283 1370 ducit
295 1307 334 1368 ad
346 1305 523 1367 evitandam
537 1303 816 1383 indispositionem,
833 1322 901 1384 quae
915 1304 1021 1384 ipsum
1035 1303 1184 1384 impediat
1197 1303 1366 1384 quominus
1380 1301 1476 1365 officia

197 1414 253 1458 sua
264 1393 480 1458 convenienter
494 1392 591 1455 obeat.
602 1390 755 1466 -Scoo.,
774 1391 910 1455 Goosset.
928 1392 1075 1455 Habenda
1087 1393 1181 1455 etiam
1195 1398 1242 1455 est
1254 1391 1332 1454 ratio
1346 1390 1474 1472 propria

196 1481 346 1564 regionis,
364 1481 462 1544 sicubi
477 1483 575 1561 maJ'or
589 1480 649 1543 cibi
663 1481 822 1562 quantitas
837 1475 1006 1544 necessaria
1016 1487 1073 1546 est.

236 1576 307 1636 198.
322 1605 364 1618 -
375 1573 476 1645 Quian.
493 1574 525 1633 2⁰
543 1569 648 1644 Qualis
661 1589 794 1631 excessus
808 1579 963 1632 censeatur
976 1571 1081 1652 prauis
1094 1571 1127 1632 ia
1141 1568 1278 1632 coenulu?

236 1659 349 1744 ceap:
366 1663 478 1723 Omnes
497 1659 687 1722 conveniunt
707 1677 864 1721 excessum
883 1660 1016 1722 duarum
1039 1659 1203 1722 unciarum
1227 1677 1293 1721 esse
1312 1657 1477 1720 materiam
1583 1647 1584 1650 '

196 1751 357 1812 levem-
377 1746 411 1809 S.
433 1747 516 1830 ιε’ψ,
536 1746 670 1808 1010.-
690 1747 859 1810 Severiores
882 1765 954 1810 cum
979 1749 1111 1811 Coccina
1135 1765 1259 1828 gravem
1280 1765 1345 1809 esse
1368 1748 1476 1810 docent
1583 1789 1584 1792 ,

197 1855 354 1900 excessum
377 1835 453 1898 duos
475 1836 579 1896 uncias
602 1845 803 1918 superantem.
823 1841 890 1900 Non
910 1837 999 1917 pauci
1018 1837 1183 1918 requirunt
1202 1855 1360 1900 excessum
1381 1853 1474 1914 supra

197 1928 349 1990 coenulam
367 1925 452 1987 alteri
476 1923 614 1987 dimidia
633 1925 760 1987 coenulae
781 1925 1032 2005 equivalentem3
1054 1925 1107 1988 alii
1125 1929 1231 1988 tenent
1249 1943 1321 1986 cum
1339 1923 1474 1986 Bitiam-t

197 2013 312 2095 requiri
326 2032 483 2076 excessum
496 2013 551 2093 qui
566 2013 692 2075 seorsim
707 2021 851 2093 sumptus
865 2015 991 2076 coenulae
1005 2014 1133 2093 integre
1146 2013 1339 2093 equivaleat.

238 2103 339 2165 Variis
352 2104 385 2164 in
400 2102 474 2165 locis
487 2121 523 2164 ex
535 2101 662 2164 inducta
673 2102 892 2165 consuetudine
904 2103 938 2164 in
953 2101 1059 2182 uigilia
1070 2101 1257 2177 Nativitatis,
1270 2109 1325 2165 aut
1336 2102 1368 2164 in
1378 2105 1473 2164 Coena

198 2189 320 2253 Domini
332 2209 454 2254 sumere
468 2191 539 2254 licet
550 2189 758 2271 quantitatem
776 2192 869 2271 duplo
883 2193 1049 2272 majorem,
1067 2192 1119 2254 sed
1130 2191 1195 2253 brec
1208 2192 1394 2254 consuetudo
1408 2205 1471 2252 non

198 2279 313 2358 ubique
323 2279 418 2358 viget.
1199 2297 1202 2304 ’

238 2371 339 2443 Quae.
356 2371 388 2431 3⁰
405 2369 545 2444 Οιιωηαηι
558 2367 691 2428 ciborum
705 2367 839 2449 qualitas
854 2369 996 2431 adbiberi
1005 2371 1104 2452 possit
1117 2369 1150 2430 in
1165 2368 1300 2432 conam?

238 2457 326 2538 Resp.
338 2475 351 2518 .·
364 2457 476 2532 Panis,
494 2456 612 2518 fructus
633 2455 779 2536 quilibet,
796 2457 877 2520 olera
894 2458 989 2520 etiam
1007 2457 1166 2539 qualibet,
1183 2465 1213 2520 ει
1226 2455 1373 2520 dulciaria
1391 2455 1472 2518 varii

199 2545 328 2624 generis.
346 2546 404 2608 Sed
422 2544 578 2626 imprimis
598 2546 748 2607 servanda
768 2552 814 2608 est
836 2546 971 2609 locorum
990 2547 1185 2610 consuetudo.
1200 2546 1287 2608 Plura
1300 2544 1385 2604 enim
1400 2561 1471 2624 per-

198 2634 367 2696 mittuntur
387 2635 421 2696 in
438 2632 533 2696 variis
553 2632 751 2709 dioecesibus,
775 2634 823 2696 vel
844 2635 1025 2716 provinciiS,
1043 2654 1111 2715 quae
1130 2635 1201 2698 alibi
1220 2631 1469 2696 interdicuntur:
1582 2677 1583 2700 ,

198 2720 250 2798 sic,
268 2741 298 2786 v.
313 2741 371 2803 gu,
387 2723 422 2785 in
435 2722 531 2787 Galba
542 2729 573 2784 ct
586 2720 660 2784 alibi
672 2722 842 2802 generatim
854 2742 938 2786 caseo
952 2723 1034 2786 vesci
1050 2723 1130 2786 licet.

240 2815 311 2874 199.
329 2847 369 2858 -
390 2814 492 2887 Quina.
517 2815 551 2874 10
574 2810 625 2872 Aa
648 2809 738 2872 liceat
761 2813 916 2874 comedere
934 2832 991 2875 oca
1008 2821 1038 2874 et
1059 2813 1203 2895 butyrum
1223 2809 1393 2874 incoenata
1416 2830 1479 2874 ves-

196 2897 341 2981 partina?

241 2986 328 3068 Resp.
346 2987 438 3068 Νεψ,
455 2988 639 3068 generatim
657 3007 755 3070 neque
776 2989 888 3052 sufficit
902 2997 939 3052 ut
953 2989 1103 3052 habeatur
1117 2989 1303 3072 dispensatio
1319 3007 1375 3070 pro
1393 2987 1476 3052 lacti-

198 3074 299 3149 ciniiS,
315 3081 407 3156 prout
421 3083 540 3139 constat
554 3095 592 3139 ex
610 3081 731 3140 Decreto
751 3081 861 3142 Bened.
880 3081 947 3141 mv
968 3085 999 3141 et
1013 3080 1107 3143 Clem.
1124 3082 1206 3154 Xlll,
1227 3097 1288 3160 quo
1307 3077 1478 3140 declaratur

198 3181 267 3227 eam
294 3163 556 3244 dispensationem
581 3165 711 3229 indultis
735 3167 899 3246 pontificiis
928 3169 966 3230 ad
994 3167 1119 3230 unicam
1143 3168 1361 3231 comestionem
1396 3163 1472 3228 dari.

199 3255 347 3316 Attamen
361 3250 548 3331 quibusdam
563 3254 599 3316 in
612 3255 704 3330 locis,
721 3263 758 3317 ut
776 3255 929 3331 diximus,
947 3275 985 3318 ex
999 3255 1147 3319 hodierna
1169 3255 1391 3318 consuetudine
1408 3253 1477 3315 licet

200 3359 321 3404 sumere
341 3339 459 3420 aliquid
484 3340 607 3423 butyri,
622 3349 676 3405 aut
690 3343 783 3420 casci;
800 3343 931 3407 minime
951 3350 1056 3407 autem
1076 3363 1133 3407 ova
1152 3345 1389 3426 permittuntur,
1403 3341 1477 3422 quia

198 3436 274 3492 sunt
287 3428 433 3492 maximae
450 3429 648 3504 substantiae,
664 3439 695 3494 ει
711 3432 778 3494 ideo
796 3451 815 3494 a
834 3433 1055 3496 consuetudine
1067 3433 1261 3514 reiiciuntur,
1276 3431 1320 3494 ait
1339 3431 1376 3495 S.
1392 3430 1473 3512 ιίψ,

198 3517 273 3580 ibid.
286 3553 326 3564 -
344 3518 420 3580 Vide
429 3517 554 3580 diendo
567 3540 598 3580 n.
616 3524 685 3584 501.
697 3519 732 3583 S.
747 3520 815 3601 Lr'q.
831 3541 862 3582 n.
881 3525 970 3586 1097.

238 3607 339 3681 Quaem
356 3611 388 3669 5⁰
400 3607 451 3668 Aa
465 3608 497 3668 ic
511 3607 627 3669 eoenulo
638 3611 859 3690 permittantur
864 3610 978 3693 pisces?

238 3703 327 3786 Recp.
342 3703 489 3785 affirm„
507 3705 533 3766 si
548 3712 657 3784 agatur
671 3707 707 3769 de
725 3707 890 3788 pisciculis,
906 3709 1078 3790 prasertim
1096 3706 1267 3780 exsiccatis,
1284 3714 1316 3770 et
1334 3705 1474 3788 probabi·

198 3791 269 3854 liter
286 3792 382 3856 etiam
398 3795 435 3854 de
451 3793 585 3874 piscibus
603 3794 787 3874 majoribns;
802 3801 890 3877 putat
908 3803 1013 3860 tanam
1027 3796 1061 3859 S.
1081 3797 1163 3880 tq,
1179 3817 1212 3858 a.
1230 3801 1324 3870 1098,
1342 3815 1379 3858 ex
1393 3795 1474 3858 bisce

198 3881 332 3943 duarum
350 3881 398 3946 vel
418 3881 515 3944 trium
532 3881 693 3944 unciarum
716 3885 835 3964 pondus
857 3903 919 3947 non
937 3905 1002 3950 esse
1018 3886 1237 3949 excedendum.
1253 3920 1294 3930 —
1310 3884 1346 3946 S.
1366 3883 1471 3965 Lipor.

197 3989 227 4029 rt.
246 3973 334 4034 ¹028.

239 4061 309 4123 500.
332 4094 372 4104 —
390 4062 491 4135 Quas.
512 4065 544 4125 6θ
561 4060 612 4122 Aa
633 4060 721 4122 liceat
739 4065 772 4122 ic
790 4063 904 4125 cocula
923 4065 971 4126 ati
985 4063 1111 4145 jusoclo
1131 4061 1285 4126 ecberhto
1301 4062 1391 4124 coctis
1407 4081 1473 4124 cum
1573 4072 1579 4089 ¹

198 4165 293 4228 aquo,
310 4158 409 4222 aceto,
426 4147 507 4228 oleo,
524 4159 579 4210 nat
591 4151 658 4210 vino
672 4147 811 4212 decocto?

238 4235 331 4318 Hesp.
348 4236 476 4319 affirm.
489 4237 699 4320 probabiliter.
716 4239 778 4302 nisi
794 4246 874 4302 certo
886 4243 1066 4305 adversetur
1082 4242 1287 4306 consuetudo:
1304 4246 1376 4302 tum
1390 4255 1471 4311 vero,

199 4341 253 4384 nec
272 4341 366 4404 aqua,
386 4343 441 4387 nec
457 4325 568 4390 vinum
587 4327 621 4389 in
638 4328 758 4407 pondus
777 4331 982 4409 computanda
999 4336 1089 4406 sunt;
1110 4329 1354 4411 computandum
1370 4331 1474 4392 autem
1580 4381 1581 4388 ,

198 4413 258 4482 εει,
286 4413 377 4488 juxta
410 4413 528 4488 Vivam,
553 4417 635 4494 quod
663 4417 838 4480 nonhabet
865 4418 1015 4482 rationem
1041 4425 1147 4500 potus,
1173 4438 1202 4482 v.
1225 4437 1283 4498 gc,
1303 4417 1417 4480 oleum.
1435 4451 1474 4462 -

198 4495 232 4556 S.
251 4495 333 4575 Lip,
348 4517 379 4558 a.
394 4503 488 4568 1009,
505 4503 614 4564 etalii.
