3216 5020
524 208 567 252 DE
587 208 788 252 PRAECBPTIS
808 209 983 254 nncntoot

658 389 850 442 Responsio

158 545 174 582 3
196 525 286 586 Sacra
300 524 545 601 Paenitentiaria,
564 532 685 589 mature
703 527 860 608 perpensis
879 526 1039 606 333331113,
1057 528 1301 606 respondendum
1320 548 1390 592 cen-

120 635 135 672 3
156 619 217 764 pet,
238 618 330 693 prout
349 614 533 693 respondet:
557 613 647 676 Usum
666 616 869 697 mapuetismi‚
889 625 981 698 prout
1003 619 1035 676 in
1052 635 1121 676 3333
1138 620 1314 700 exponitur,
1329 639 1389 679 non

120 725 134 760 3
168 719 257 764 acere.

157 837 173 874 3
195 819 309 878 Datum
322 819 441 889 Romae,
458 816 492 878 in
506 818 536 879 S.
552 816 800 896 poenitentiario,
818 817 867 880 die
883 824 897 881 1
915 817 991 880 13111
1006 821 1096 882 tart.

761 969 776 1006 3
798 948 887 1009 Gard.
901 951 1112 1023 (1333333333,
1131 969 1171 1009 m.
1183 968 1219 1030 p.
1271 1017 1273 1020 ,

683 1082 698 1117 3
721 1060 776 1122 Ph.
799 1060 945 1133 Pomella,
963 1059 999 1122 S.
1014 1059 1052 1136 P.
1069 1060 1268 1122 Seuatan‘ua¹
1287 1084 1302 1120 u

196 1171 288 1252 (Ami
300 1171 336 1232 de
350 1170 380 1232 13
393 1171 550 1254 Relipion,
566 1175 584 1235 ¹1
599 1171 681 1235 horit
696 1173 801 1254 1811.)

155 1308 226 1371 181.
241 1342 284 1356 -
297 1307 425 1371 Omissis
440 1308 580 1389 pluribus
599 1307 668 1371 aliis
687 1309 794 1371 eadem
811 1310 848 1372 de
867 1328 899 1371 re
918 1311 948 1372 S.
971 1309 1055 1372 Sedis
1069 1310 1327 1390 responsionibus,
1345 1330 1391 1374 re-

119 1395 192 1460 lerre
200 1399 293 1478 juvat
305 1404 457 1460 recentem
472 1397 613 1461 83011311
628 1396 822 1460 decisionem.

560 1591 734 1644 EPISTULA
750 1591 947 1644 ENCYCLlCh

249 1707 273 1744 3.
285 1707 346 1744 333.
360 1707 680 1749 13331313133133333333
690 1709 838 1757 1331333333,
850 1707 982 1746 obversus
994 1709 1148 1746 3333311331
1161 1709 1258 1746 causus

510 1829 602 1893 Faria
615 1831 675 1910 IV,
692 1831 740 1894 3113
754 1837 794 1896 30
811 1830 893 1893 totta·
905 1836 995 1896 1856.

158 1988 174 2025 3
196 1969 232 2028 13
251 1967 486 2049 Gangregatione
505 1967 637 2049 generali
651 1971 681 2032 S.
698 1974 734 2034 R.
751 1975 782 2032 et
796 1969 982 2035 Universalis
1003 1969 1215 2050 Inquisitionis
1232 1967 1337 2031 hahita
1357 1968 1391 2030 in

121 2077 135 2114 3
157 2057 783 2137 3311333138.113333311133133331131.
797 2062 904 2123 331111.
918 2062 978 2121 DD.
991 2057 1163 2121 cardinales
1175 2057 1209 2119 in
1218 2062 1390 2137 131311333-

120 2165 134 2202 3
155 2144 234 2207 blica
254 2145 419 2208 christiana
437 2147 582 2210 adversus
598 2146 773 2210 hereticam
792 2147 976 2228 pravitatem
1002 2148 1154 2226 generales
1176 2145 1388 2227 Inquisitores,

121 2254 135 2292 3
157 2237 280 2295 mature
292 2234 445 2314 perpensis
460 2233 499 2296 iis
511 2253 580 2316 quae
591 2235 669 2298 circa
683 2237 873 2318 mcpneticmi
887 2233 1119 2316 experimentis
1129 2235 1205 2298 airis
1219 2234 1277 2297 lide
1289 2233 1390 2314 dignis

121 2343 135 2382 3
158 2320 363 2402 undequaque
377 2323 470 2385 relata
484 2329 573 2398 3331,
590 2324 788 2386 decreverunt
803 2324 851 2386 edi
866 2329 1028 2404 presentes
1044 2324 1161 2386 litteras
1175 2323 1341 2405 encyclicas
1353 2323 1391 2384 ad

120 2431 136 2470 3
159 2427 266 2472 omnes
280 2411 454 2492 1131333333,
471 2412 514 2473 ad
526 2413 714 2494 moynetismi
725 2413 833 2475 abusus
846 2413 1078 2495 compescendos.

159 2520 176 2558 3
199 2498 323 2561 Etenim
331 2507 522 2582 compertum
532 2507 578 2564 est
591 2519 709 2564 novum
723 2502 876 2583 quoddam
889 2500 1114 2582 superstitionis
1127 2519 1223 2581 genus
1236 2499 1342 2562 irrrehi
1353 2519 1391 2562 ex

122 2609 136 2647 3
156 2589 366 2669 phoenomenis
381 2589 575 2670 magneticis,
592 2590 706 2671 quibus
722 2590 805 2654 haud
824 2589 958 2653 scientiis
974 2589 1109 2672 physicis
1128 2589 1337 2663 enucleandis,
1354 2594 1391 2651 31

121 2697 136 2734 3
156 2682 315 2759 parasset,
333 2679 384 2740 sed
397 2677 582 2759 decipiendis
597 2697 631 2740 33
648 2679 826 2741 seducendis
838 2678 1018 2741 homitibus
1028 2679 1154 2740 student
1166 2676 1310 2740 neoterici
1324 2677 1390 2758 plu-

122 2787 136 2824 3
158 2785 221 2842 res,
242 2765 317 2840 rati,
341 2785 426 2846 passe
449 2767 579 2842 occulta,
598 2775 715 2830 remota
735 2767 890 2830 33131333
910 2766 1010 2846 detegi
1030 2764 1228 2846 magnetismi
1247 2771 1326 2839 arte,
1343 2766 1392 2828 vel

121 2875 135 2908 3
158 2853 326 2934 prestigio,
351 2854 520 2934 presertim
543 2873 597 2936 333
618 2856 883 2930 muliercularum,
907 2873 976 2935 quaa
996 2854 1084 2917 unice
1107 2853 1390 2933 amagnetizataris

122 2965 135 2999 ι
159 2950 240 3006 3313
253 2943 398 3024 pendent.

160 3047 347 3110 «Nonnullae
357 3051 424 3128 jam
437 3047 494 3111 hac
509 3049 545 3111 de
558 3067 590 3111 re
604 3067 622 3110 3
635 3049 665 3110 S.
682 3049 756 3110 Sede
771 3049 850 3110 data
865 3053 939 3110 sunt
953 3046 1162 3128 responsiones
1176 3048 1214 3109 ad
1228 3047 1392 3128 peculiares

123 3155 137 3194 3
158 3153 279 3210 causas,
301 3135 415 3216 quibus
438 3137 639 3217 reprobantur
661 3143 810 3217 tanquam
828 3135 934 3197 illicita
952 3134 1006 3197 illa
1024 3133 1248 3215 experimenta,
1265 3155 1333 3217 quae
1352 3137 1390 3198 ad

122 3245 137 3282 3
158 3223 252 3286 finem
271 3242 333 3286 non
352 3226 540 3299 naturalem,
556 3244 617 3287 nan
637 3225 750 3300 debitis
769 3223 879 3286 mediis
898 3223 1048 3286 adhibitis
1066 3225 1292 3305 assequendum
1311 3222 1392 3286 ordi-

122 3333 137 3372 «
159 3317 296 3375 uantur:
313 3313 395 3375 unde
413 3313 447 3375 in
461 3312 615 3376 similibus
635 3313 756 3375 casibus
770 3314 925 3376 decretum
940 3318 986 3374 331
1006 3311 1060 3374 fer.
1077 3315 1180 3386 litor
1198 3315 1270 3393 hpr.
1288 3315 1364 3375 1811
1381 3329 1388 3372 :

122 3423 136 3461 3
162 3401 254 3464 (lcum
266 3403 472 3482 mapnetiami,
484 3412 577 3484 prout
592 3403 769 3483 exponitur,
778 3421 839 3462 non
853 3403 952 3462 licere.
970 3400 1118 3463 Similiter
1132 3402 1281 3482 quosdam
1296 3399 1389 3460 libros

122 3513 137 3550 3
158 3490 308 3572 ejusmodi
322 3509 438 3554 errores
451 3490 647 3572 pertinaciter
660 3490 896 3553 disseminantes
910 3489 1113 3570 prohibendos
1128 3488 1248 3552 censuit
1262 3489 1292 3549 S.
1309 3489 1386 3550 Gon-

122 3601 137 3638 3
157 3579 302 3660 gregalia.
318 3581 434 3642 Verum
448 3579 522 3661 quia
535 3585 646 3660 practer
663 3578 861 3660 particulares
880 3597 968 3640 casus
987 3578 1024 3640 de
1043 3597 1104 3641 333
1122 3575 1321 3658 magnetismi
1340 3594 1390 3656 ge-

121 3689 137 3726 3
158 3667 292 3730 neratim
306 3669 459 3748 agendum
473 3675 548 3742 erat,
558 3667 631 3730 hinc
643 3685 697 3748 per
708 3667 835 3730 madum
850 3666 961 3748 regulae
976 3665 1018 3728 sic
1030 3672 1185 3729 statutum
1199 3663 1259 3726 brit
1272 3663 1326 3726 fer.
1337 3664 1388 3737 IV,

122 3777 137 3814 3
159 3760 199 3820 28
217 3756 291 3819 tulit
309 3760 386 3819 1811
404 3776 412 3818 :
428 3757 551 3818 Remota
572 3760 652 3818 oanni
673 3775 792 3833 emere,
812 3755 983 3837 sortilepio,
1005 3755 1223 3838 333113113331
1242 3751 1393 3833 implicito

121 3869 136 3901 3
159 3845 528 3920 31331333113333311333,
551 3865 620 3906 usus
640 3845 846 3926 mapnetismi,
871 3863 976 3926 nempe
1001 3863 1099 3906 morus
1122 3851 1205 3904 octus
1228 3839 1392 3902 adhibendi

122 3955 136 3992 3
159 3934 258 3996 media
280 3935 406 4017 physico
428 3933 553 3996 aliunde
572 3933 676 4013 licita,
697 3943 814 3996 nonest
832 3933 997 3994 moraliter
1014 3929 1313 4008 uetitas,dummado
1332 3947 1391 3990 non

121 4044 136 4082 3
160 4023 264 4085 tendat
277 4023 318 4085 ad
329 4022 420 4104 finem
429 4020 585 4100 illicitum,
596 4032 651 4085 aut
664 4021 934 4104 quomodocumque
949 4040 1087 4104 procum.
1100 4016 1281 4100 Applicatio
1293 4028 1392 4080 autem

122 4133 137 4171 3
156 4113 381 4194 principiorum
393 4121 422 4172 et
436 4111 602 4174 mediorum
613 4130 693 4194 pure
702 4111 900 4193 physicorum
910 4110 952 4172 ad
965 4129 1012 4171 res
1026 4107 1183 4188 eteffectue
1195 4127 1272 4169 mere
1285 4126 1391 4188 cuper-

121 4221 137 4260 3
158 4199 328 4280 naturales,
345 4209 379 4263 31
388 4201 512 4284 physice
526 4199 729 4281 explicentur,
743 4219 804 4261 non
821 4209 864 4261 est
885 4200 948 4261 nisi
960 4197 1090 4279 deceptio
1105 4198 1227 4258 omnino
1240 4196 1351 4258 illicito
1363 4204 1393 4256 et

121 4309 137 4348 3
157 4288 349 4353 1333113313.

160 4401 176 4440 3
192 4381 387 4460 Quamquam
401 4375 534 4459 generali
547 4377 604 4439 hoc
618 4377 736 4440 decreto
751 4377 826 4440 satis
840 4375 1007 4457 explicatur
1022 4371 1159 4448 licitudo,
1176 4381 1231 4436 aut
1243 4372 1392 4437 illicitudo

121 4489 136 4526 3
157 4467 192 4531 13
206 4487 267 4532 usu
281 4475 337 4532 aut
349 4468 450 4531 abusu
464 4466 670 4548 mapnetiomi,
687 4472 792 4529 131333
810 4465 884 4528 adeo
897 4462 993 4526 crevit
1008 4461 1173 4526 hominum
1187 4462 1321 4538 33311113,
1338 4467 1389 4536 31,
