3216 5020
174 195 243 256 ιιι
709 201 918 246 ruacrxrus

215 305 248 384 ιο
261 321 295 380 ln
308 315 458 378 communi
476 315 649 375 necessitate
666 311 822 393 utriusque
841 311 973 390 ordinis,
993 315 1232 378 succurrendum
1250 317 1389 397 proximo
1405 327 1456 383 est

175 427 247 470 cum
258 404 450 469 incommodo
466 401 592 482 quidem
604 401 720 481 aliquo,
735 400 808 481 quia
824 400 857 462 id
872 419 958 464 amor
976 402 1110 480 proximi
1123 403 1234 484 exigit,
1248 407 1300 468 scd
1312 406 1373 470 leri
1384 414 1454 471 tan-

176 505 260 571 tum;
275 513 337 557 non
356 491 440 556 enim
462 496 562 572 potest
577 509 642 554 esse
657 488 720 552 nisi
736 489 812 552 levis
829 489 973 570 obligatio
984 490 1144 566 Caritatis,
1157 495 1280 573 quando
1291 496 1454 576 proximus

176 592 222 648 sat
234 583 319 646 facile
330 582 369 643 ab
381 581 434 642 illa
444 579 626 642 necessitate
638 597 702 642 sese
713 578 828 659 eripere
840 585 953 660 potest,
968 580 1015 642 vel
1028 598 1091 642 non
1104 587 1151 643 est
1162 581 1190 644 ei
1202 583 1297 645 nimis
1311 585 1453 648 molesta.

175 676 242 737 Non
256 679 398 734 tenemur
411 674 520 731 autem
531 667 677 732 omnibus
688 668 723 730 in
737 667 894 731 mmmuni
906 668 1085 752 necessitate
1096 669 1204 750 positis
1218 673 1374 752 opitulari.
1391 675 1456 737 Hoc

176 761 260 828 enim
272 756 461 840 impossibile
472 763 534 833 est,
548 763 580 820 et
594 758 621 820 si
633 757 698 820 deri
710 764 826 838 posset,
837 759 903 838 jam
915 775 980 820 non
995 757 1059 820 leve
1069 758 1300 823 incommodum
1312 760 1402 824 foret.
1416 797 1458 808 -

175 851 208 914 S.
225 851 265 912 Li
289 869 343 912 .n.
360 851 410 911 32.

219 871 326 1000 Terg-'tta
340 937 458 1018 reputo.
474 939 560 998 Inter
575 935 676 998 varias
687 953 830 1015 personas
842 934 1011 1015 diligendas
1026 935 1217 1016 praeferenda
1234 944 1323 1013 sunt,
1338 939 1460 1002 canna

175 1027 317 1108 paribus,
334 1044 379 1088 cea
397 1043 466 1106 qua
484 1024 574 1088 nobis
594 1031 670 1086 sunt
688 1024 787 1103 magis
806 1026 977 1104 conjuncta
996 1024 1159 1104 sanguine,
1173 1027 1325 1100 amicitia,
1339 1026 1457 1100 officio,

175 1115 347 1195 Religione‚
371 1115 530 1187 convictu,
551 1119 622 1186 etc,
642 1131 714 1174 cnm
732 1117 812 1175 Deus
831 1112 963 1175 vinculis
984 1113 1189 1176 strictioribus
1206 1115 1296 1178 nobis
1316 1116 1385 1178 ibas
1403 1117 1461 1178 de-

177 1203 322 1266 vinxarit.
593 1229 596 1236 ·

218 1284 296 1346 Hinc
309 1281 490 1364 preferendi
512 1290 588 1344 sunt
604 1301 611 1343 :
628 1288 661 1345 1⁰
679 1287 818 1362 parentes
836 1281 966 1356 cateris;
988 1285 1020 1344 ιο
1038 1285 1149 1362 conjux
1168 1282 1254 1358 filiis,
1276 1283 1332 1346 filii
1348 1282 1462 1348 iratri-

177 1373 251 1446 buS,
267 1370 378 1433 fratres
401 1370 554 1450 cognatis;
570 1375 603 1434 3ο
621 1369 727 1444 amici,
744 1369 961 1444 benefactores,
978 1369 1151 1450 Superiores
1172 1378 1203 1434 ιι
1221 1389 1355 1451 persona
1374 1373 1459 1436 bono

177 1460 298 1542 publico
313 1459 452 1522 utiliores
467 1459 595 1522 caeteris,
612 1462 758 1521 Attamen
776 1457 810 1519 in
828 1457 983 1520 ordinaria
1000 1459 1194 1534 necessitate,
1210 1463 1303 1541 juxta
1315 1478 1463 1524 commu-

178 1567 249 1611 nem
273 1547 474 1623 sententiam,
491 1551 603 1630 conjux
627 1553 658 1610 et
681 1546 738 1610 tilii
761 1546 940 1627 parentibus
961 1546 1095 1626 preferri
1117 1547 1238 1612 debent.
1255 1583 1297 1594 -
1313 1547 1348 1612 S.
1369 1549 1461 1632 bip„

177 1637 266 1700 Hom.
282 1645 393 1718 apost,
409 1657 441 1697 n.
458 1642 508 1700 ιι.

298 1791 510 1856 Resolves.

220 1956 290 2016 ιιι.
306 1989 345 1997 —-
361 1958 394 2015 ιο
407 1955 442 2015 In
460 1952 526 2033 pari
545 1951 651 2014 ordine
668 1951 834 2026 bonorum,
851 1951 979 2033 parique
1001 1952 1181 2015 necessitate
1198 1957 1228 2014 et
1248 1971 1338 2014 causa
1355 1951 1462 2034 magis

178 2048 321 2104 tenemur
340 2041 542 2122 nosmetipsos
562 2041 701 2120 diligere,
718 2059 813 2120 quam
835 2040 1022 2121 proximum.
1047 2041 1136 2106 Ratio
1160 2047 1220 2116 est,
1237 2040 1312 2122 quia
1334 2041 1462 2104 dilectio

179 2132 227 2193 sui
243 2137 288 2192 est
302 2131 406 2211 regala
420 2127 590 2192 dilectionis
605 2128 736 2209 proximi
747 2132 839 2210 Juxta
852 2128 950 2191 illud:
966 2128 1087 2212 Diliges
1095 2131 1268 2212 promiscum
1281 2141 1364 2192 tunm
1376 2131 1463 2192 sicut

180 2229 208 2281 te
222 2221 331 2300 ipsane.
348 2220 461 2300 Regula
476 2224 581 2280 autent
595 2218 678 2298 prior
691 2223 753 2292 est,
769 2223 800 2280 et
814 2217 922 2298 potior,
939 2237 1033 2300 qnam
1046 2220 1231 2299 regulatum.

220 2311 252 2368 ιο
269 2312 371 2369 Ριιιιι
386 2314 492 2369 contra
506 2306 672 2370 Gaumtem
686 2325 756 2386 erga
771 2307 921 2388 seipsum,
934 2307 1066 2388 graviter
1081 2309 1128 2369 vel
1141 2307 1248 2370 leviter
1263 2327 1316 2389 pro
1330 2308 1373 2370 rei
1388 2327 1461 2388 gra-

178 2396 289 2470 vitate,
312 2394 366 2475 qui
380 2395 516 2457 debitam
537 2395 649 2456 animae
667 2396 715 2457 rel
733 2395 864 2475 corporis
879 2391 984 2457 curam
999 2397 1136 2478 negligit.
1152 2395 1290 2459 —Licet
1305 2403 1463 2460 amensa

180 2483 299 2563 privare
314 2482 403 2545 bonis
418 2483 632 2563 spiritualibus
646 2502 709 2546 non
723 2483 914 2556 necessariis
931 2484 969 2546 ad
983 2483 1101 2546 bonum
1115 2485 1179 2546 sive
1193 2485 1370 2565 temporale,
1387 2485 1460 2548 sive

181 2570 355 2652 spirituale,
371 2572 521 2653 proximi,
538 2591 569 2634 v.
586 2591 645 2652 gu,
663 2571 804 2634 omittere
818 2571 1008 2634 auditionem
1022 2573 1121 2636 Missa
1136 2572 1185 2635 die
1197 2571 1309 2647 feriali,
1323 2575 1459 2636 etalmo

179 2666 278 2741 potest
292 2661 362 2742 qnis
377 2662 493 2742 majora
508 2660 588 2722 bona
603 2661 776 2744 spiritualia
790 2679 852 2723 non
866 2660 1034 2724 necessaria
1048 2667 1150 2742 optare
1164 2667 1194 2724 et
1213 2680 1372 2741 procurare
1384 2680 1461 2742 pro-

180 2749 264 2810 ximo
279 2767 373 2829 quam
388 2747 463 2824 sibi,
481 2749 595 2813 secluso
609 2768 717 2812 corum
731 2755 918 2830 contemptu.

220 2841 252 2900 3⁰
267 2842 361 2900 Nemo
375 2843 498 2900 ‘tenetur
513 2857 584 2900 cum
598 2837 730 2918 periculo
746 2838 817 2901 vitea
831 2845 886 2900 aut
900 2839 1051 2902 bonorum
1062 2840 1220 2902 extrahere
1235 2839 1310 2902 alios
1323 2859 1341 2901 a
1355 2857 1461 2920 pecea-

179 2925 237 3000 tis,
264 2945 282 2987 a
305 2925 418 3006 quibus
439 2933 568 3008 possunt
591 2926 652 3007 ipsi
671 2946 702 2988 se
720 2925 849 2989 liberare
869 2946 921 3008 per
939 2929 1173 2990 Sacrmnentum
1191 2927 1384 2992 Poerritentiae
1402 2933 1463 2992 aut

181 3013 396 3076 contritionem
415 3015 592 3095 perfectam,
614 3015 738 3078 etiamsi
760 3016 794 3077 in
817 3016 949 3096 periculo
975 3015 1047 3080 vitae
1071 3022 1241 3080 versentur.
1258 3053 1297 3060 —
1312 3017 1349 3080 S.
1369 3015 1458 3099 tte,

180 3102 268 3177 etta,
286 3103 383 3164 etalii
396 3105 603 3166 communiter.

220 3197 253 3254 4⁰
271 3196 338 3255 Non
364 3191 433 3255 licet
455 3192 512 3255 tibi
537 3192 640 3255 subire
663 3192 833 3272 periculum
860 3193 1037 3274 proximum
1059 3194 1215 3275 peccandi,
1240 3200 1276 3256 ut
1298 3199 1459 3276 peceatum

181 3281 318 3343 alienum
329 3280 489 3363 impedias,
505 3282 627 3362 quando
641 3281 744 3361 lapsus
757 3288 830 3344 tuus
842 3289 983 3362 appareat
995 3283 1217 3364 quodammodo
1229 3290 1345 3359 certus;
1358 3301 1458 3360 saeue,

182 3369 209 3430 si
223 3369 392 3449 periculum
407 3370 493 3434 istud
507 3369 574 3431 lieri
587 3369 683 3450 possit
696 3377 849 3432 remotum
858 3420 864 3446 ,
874 3371 919 3432 ita
931 3377 967 3434 ut
980 3371 1090 3434 merito
1101 3371 1232 3434 confidas
1244 3391 1306 3434 non
1315 3373 1458 3454 telapsu-

181 3476 252 3519 rum
266 3476 340 3520 osse.
356 3494 397 3503 —
410 3457 445 3520 S.
463 3459 546 3539 Lc'p,
562 3457 649 3520 Hom.
667 3469 779 3541 apost,
796 3480 826 3521 n.
844 3463 893 3522 li.

222 3550 254 3608 5⁰
268 3546 463 3609 Probabilius
476 3546 511 3608 in
524 3546 579 3623 iis,
597 3566 665 3628 qua
681 3548 847 3610 necessaria
862 3553 936 3611 sunt
951 3547 1037 3624 vitea,
1050 3549 1109 3610 sibi
1121 3549 1259 3629 praeferre
1272 3549 1341 3614 licet
1355 3568 1461 3632 apra·

183 3635 242 3696 lom
257 3641 311 3698 aut
324 3634 516 3710 inferiorem,
532 3635 595 3697 imo
616 3642 663 3698 ost
682 3643 768 3699 actus
785 3636 925 3699 heroicus
945 3637 1104 3712 Caritatis
1120 3637 1209 3700 modo
1228 3638 1265 3699 ob
1280 3639 1377 3700 Deum
1391 3639 1459 3702 fiat.

182 3723 308 3804 Excipe,
325 3724 352 3786 si
366 3725 431 3799 ille,
448 3724 503 3805 qui
518 3743 550 3786 se
564 3723 704 3804 exponit,
722 3725 909 3788 necessarius
925 3725 966 3787 sit
979 3724 1161 3806 Reipublicae
1175 3733 1230 3790 aut
1244 3725 1366 3790 familia
1381 3747 1459 3792 suae.

182 3848 220 3856 —
235 3813 286 3874 ltc-
298 3811 424 3875 Saurea.
437 3849 476 3857 —-
490 3813 663 3895 chmann,
679 3819 735 3876 eto.
753 3820 857 3876 contra
871 3813 957 3876 alios.

304 3975 503 4052 Quaeslta.

192 4208 199 4220 ο
223 4121 294 4182 ιι3.
311 4155 349 4221 -Ι-
363 4124 466 4197 Quen.
487 4127 519 4186 ιο
537 4121 588 4184 An
612 4120 650 4182 sit
671 4128 777 4182 eonon
799 4120 965 4185 Caritatem
985 4122 1043 4184 cidi
1065 4132 1189 4186 mortem
1205 4132 1310 4206 optare
1331 4123 1368 4186 ιι
1390 4125 1462 4188 atta

185 4209 476 4381 tusloldstgrnlafllep„
498 4298 525 4362 si
543 4299 598 4362 ιιι
616 4317 655 4361 ex
668 4297 816 4362 calderio
834 4300 907 4363 rite
921 4300 1072 4376 melioris,
1088 4317 1142 4363 seu
1156 4308 1277 4365 aterna
1290 4301 1463 4377 felicitatis,

185 4391 222 4447 ut
237 4386 431 4465 perspicuum
445 4395 502 4450 est.

224 4473 314 4557 desp.
339 4479 371 4537 κ’
389 4477 531 4556 Affirm,
557 4476 583 4538 si
605 4476 658 4540 liat
680 4495 718 4539 ex
740 4477 829 4540 taedio
849 4477 936 4552 vita,
953 4479 1000 4542 vel
1018 4498 1056 4544 cx
1082 4479 1179 4542 animi
1198 4479 1371 4561 dejectione.
1394 4483 1464 4544 Non
