<?xml version="1.0" encoding="UTF-8"?>
<!DOCTYPE html PUBLIC "-//W3C//DTD XHTML 1.0 Transitional//EN"
    "http://www.w3.org/TR/xhtml1/DTD/xhtml1-transitional.dtd">
<html xmlns="http://www.w3.org/1999/xhtml" xml:lang="en" lang="en">
 <head>
  <title>
</title>
<meta http-equiv="Content-Type" content="text/html;charset=utf-8" />
  <meta name='ocr-system' content='tesseract 3.04.00' />
  <meta name='ocr-capabilities' content='ocr_page ocr_carea ocr_par ocr_line ocrx_word'/>
</head>
<body>
  <div class='ocr_page' id='page_1' title='image "./compendiumtheol02gurygoog_0110.png"; bbox 0 0 3202 5020; ppageno 0'>
   <div class='ocr_carea' id='block_1_1' title="bbox 554 499 950 585">
    <p class='ocr_par' dir='ltr' id='par_1_1' title="bbox 554 499 950 585">
     <span class='ocr_line' id='line_1_1' title="bbox 554 499 950 585; baseline 0 0"><span class='ocrx_word' id='word_1_1' title='bbox 554 499 950 585; x_wconf 85' lang='lat' dir='ltr'><strong>COMPENDIUM</strong></span> 
     </span>
    </p>
   </div>
   <div class='ocr_carea' id='block_1_2' title="bbox 198 770 1306 926">
    <p class='ocr_par' dir='ltr' id='par_1_2' title="bbox 198 770 1306 1006">
     <span class='ocr_line' id='line_1_2' title="bbox 198 770 1306 926; baseline 0.001 -1"><span class='ocrx_word' id='word_1_2' title='bbox 198 770 799 926; x_wconf 80' lang='lat' dir='ltr'>unnonoann</span> <span class='ocrx_word' id='word_1_3' title='bbox 857 770 1306 926; x_wconf 74' lang='lat' dir='ltr'>nonanis</span> 
     </span>
    </p>
   </div>
   <div class='ocr_carea' id='block_1_3' title="bbox 527 1148 980 1186">
    <p class='ocr_par' dir='ltr' id='par_1_3' title="bbox 527 1148 980 1186">
     <span class='ocr_line' id='line_1_3' title="bbox 527 1148 980 1186; baseline -0.004 -12"><span class='ocrx_word' id='word_1_4' title='bbox 527 1148 980 1186; x_wconf 43' lang='lat' dir='ltr'>*ww—n·—</span> 
     </span>
    </p>
   </div>
   <div class='ocr_carea' id='block_1_4' title="bbox 351 1508 1165 1848">
    <p class='ocr_par' dir='ltr' id='par_1_4' title="bbox 351 1508 1165 1848">
     <span class='ocr_line' id='line_1_4' title="bbox 592 1508 919 1592; baseline 0 0"><span class='ocrx_word' id='word_1_5' title='bbox 592 1508 919 1592; x_wconf 69' lang='lat' dir='ltr'>runcandus</span> 
     </span>
     <span class='ocr_line' id='line_1_5' title="bbox 351 1709 1165 1848; baseline -0.004 -4"><span class='ocrx_word' id='word_1_6' title='bbox 351 1735 445 1846; x_wconf 88' lang='lat' dir='ltr'>DE</span> <span class='ocrx_word' id='word_1_7' title='bbox 486 1709 792 1848; x_wconf 72' lang='lat' dir='ltr'>ictinus</span> <span class='ocrx_word' id='word_1_8' title='bbox 832 1731 1165 1845; x_wconf 84' lang='lat' dir='ltr'><strong>HUMANIS</strong></span> 
     </span>
    </p>
   </div>
   <div class='ocr_carea' id='block_1_5' title="bbox 667 2051 846 2068">
    <p class='ocr_par' dir='ltr' id='par_1_5' title="bbox 667 2051 846 2068">
     <span class='ocr_line' id='line_1_6' title="bbox 667 2051 846 2068; baseline 0.011 -2"><span class='ocrx_word' id='word_1_9' title='bbox 667 2051 846 2068; x_wconf 48' lang='grc' dir='ltr'>ω</span> 
     </span>
    </p>
   </div>
   <div class='ocr_carea' id='block_1_6' title="bbox 115 2312 1392 2662">
    <p class='ocr_par' dir='ltr' id='par_1_6' title="bbox 115 2312 1392 2662">
     <span class='ocr_line' id='line_1_7' title="bbox 160 2312 1389 2395; baseline 0.002 -20"><span class='ocrx_word' id='word_1_10' title='bbox 160 2317 243 2376; x_wconf 75' lang='lat' dir='ltr'>Cum</span> <span class='ocrx_word' id='word_1_11' title='bbox 263 2312 424 2393; x_wconf 80' lang='lat' dir='ltr'>Theclogia</span> <span class='ocrx_word' id='word_1_12' title='bbox 442 2312 564 2376; x_wconf 87' lang='lat' dir='ltr'>Moralis</span> <span class='ocrx_word' id='word_1_13' title='bbox 582 2317 647 2376; x_wconf 88' lang='lat' dir='ltr'>tota</span> <span class='ocrx_word' id='word_1_14' title='bbox 665 2319 805 2375; x_wconf 73' lang='lat' dir='ltr'><strong>versetur</strong></span> <span class='ocrx_word' id='word_1_15' title='bbox 823 2312 902 2374; x_wconf 88' lang='lat' dir='ltr'>circa</span> <span class='ocrx_word' id='word_1_16' title='bbox 921 2317 1010 2376; x_wconf 88' lang='lat' dir='ltr'>actus</span> <span class='ocrx_word' id='word_1_17' title='bbox 1028 2313 1181 2376; x_wconf 89' lang='lat' dir='ltr'>humanos</span> <span class='ocrx_word' id='word_1_18' title='bbox 1202 2313 1389 2395; x_wconf 82' lang='lat' dir='ltr'>dirigendos,</span> 
     </span>
     <span class='ocr_line' id='line_1_8' title="bbox 115 2401 1392 2486; baseline 0.003 -22"><span class='ocrx_word' id='word_1_19' title='bbox 115 2401 287 2464; x_wconf 83' lang='lat' dir='ltr'>exordium</span> <span class='ocrx_word' id='word_1_20' title='bbox 302 2401 489 2465; x_wconf 73' lang='lat' dir='ltr'><strong>tractationis</strong></span> <span class='ocrx_word' id='word_1_21' title='bbox 504 2407 630 2476; x_wconf 78' lang='lat' dir='ltr'>nostra,</span> <span class='ocrx_word' id='word_1_22' title='bbox 646 2401 751 2483; x_wconf 88' lang='lat' dir='ltr'>prouti</span> <span class='ocrx_word' id='word_1_23' title='bbox 764 2421 869 2464; x_wconf 87' lang='lat' dir='ltr'>rerum</span> <span class='ocrx_word' id='word_1_24' title='bbox 884 2402 956 2465; x_wconf 91' lang='lat' dir='ltr'>ordo</span> <span class='ocrx_word' id='word_1_25' title='bbox 973 2405 1002 2463; x_wconf 90' lang='lat' dir='ltr'>et</span> <span class='ocrx_word' id='word_1_26' title='bbox 1016 2403 1189 2486; x_wconf 80' lang='lat' dir='ltr'>communis</span> <span class='ocrx_word' id='word_1_27' title='bbox 1206 2407 1392 2468; x_wconf 86' lang='lat' dir='ltr'>consuetudo</span> 
     </span>
     <span class='ocr_line' id='line_1_9' title="bbox 115 2488 1392 2572; baseline 0.002 -18"><span class='ocrx_word' id='word_1_28' title='bbox 115 2488 235 2570; x_wconf 76' lang='lat' dir='ltr'>exigit,</span> <span class='ocrx_word' id='word_1_29' title='bbox 252 2490 290 2554; x_wconf 91' lang='lat' dir='ltr'>ab</span> <span class='ocrx_word' id='word_1_30' title='bbox 308 2489 381 2572; x_wconf 88' lang='lat' dir='ltr'>ipsis</span> <span class='ocrx_word' id='word_1_31' title='bbox 395 2489 538 2552; x_wconf 79' lang='lat' dir='ltr'>humanis</span> <span class='ocrx_word' id='word_1_32' title='bbox 553 2490 670 2552; x_wconf 82' lang='lat' dir='ltr'>actibus</span> <span class='ocrx_word' id='word_1_33' title='bbox 685 2490 859 2554; x_wconf 89' lang='lat' dir='ltr'>ducendum</span> <span class='ocrx_word' id='word_1_34' title='bbox 877 2496 933 2553; x_wconf 92' lang='lat' dir='ltr'>est.</span> <span class='ocrx_word' id='word_1_35' title='bbox 952 2489 1115 2570; x_wconf 79' lang='lat' dir='ltr'>Agendum</span> <span class='ocrx_word' id='word_1_36' title='bbox 1130 2491 1227 2572; x_wconf 83' lang='lat' dir='ltr'>igitur</span> <span class='ocrx_word' id='word_1_37' title='bbox 1240 2493 1290 2558; x_wconf 87' lang='lat' dir='ltr'>hic</span> <span class='ocrx_word' id='word_1_38' title='bbox 1305 2495 1392 2557; x_wconf 87' lang='lat' dir='ltr'>nobis</span> 
     </span>
     <span class='ocr_line' id='line_1_10' title="bbox 116 2576 1351 2662; baseline 0.002 -20"><span class='ocrx_word' id='word_1_39' title='bbox 116 2584 166 2642; x_wconf 90' lang='lat' dir='ltr'>est</span> <span class='ocrx_word' id='word_1_40' title='bbox 181 2585 215 2642; x_wconf 78' lang='lat'>1⁰</span> <span class='ocrx_word' id='word_1_41' title='bbox 226 2579 263 2644; x_wconf 87' lang='lat' dir='ltr'>de</span> <span class='ocrx_word' id='word_1_42' title='bbox 277 2579 416 2655; x_wconf 87' lang='lat' dir='ltr'>notione,</span> <span class='ocrx_word' id='word_1_43' title='bbox 430 2583 463 2642; x_wconf 71' lang='lat'>2·</span> <span class='ocrx_word' id='word_1_44' title='bbox 478 2581 514 2643; x_wconf 91' lang='lat' dir='ltr'>de</span> <span class='ocrx_word' id='word_1_45' title='bbox 528 2578 704 2662; x_wconf 68' lang='lat' dir='ltr'>princspiis</span> <span class='ocrx_word' id='word_1_46' title='bbox 719 2584 752 2643; x_wconf 81' lang='lat'>3⁰</span> <span class='ocrx_word' id='word_1_47' title='bbox 763 2581 799 2642; x_wconf 86' lang='lat' dir='ltr'>de</span> <span class='ocrx_word' id='word_1_48' title='bbox 811 2579 982 2643; x_wconf 82' lang='lat' dir='ltr'>moralitate</span> <span class='ocrx_word' id='word_1_49' title='bbox 993 2587 1120 2644; x_wconf 89' lang='lat' dir='ltr'>actuum</span> <span class='ocrx_word' id='word_1_50' title='bbox 1131 2576 1351 2646; x_wconf 86' lang='lat' dir='ltr'>humanorum.</span> 
     </span>
    </p>
   </div>
   <div class='ocr_carea' id='block_1_7' title="bbox 653 2788 870 2909">
    <p class='ocr_par' dir='ltr' id='par_1_7' title="bbox 653 2788 870 2909">
     <span class='ocr_line' id='line_1_11' title="bbox 653 2788 870 2909; baseline -0.009 0"><span class='ocrx_word' id='word_1_51' title='bbox 653 2831 827 2909; x_wconf 78' lang='lat' dir='ltr'>annua</span> <span class='ocrx_word' id='word_1_52' title='bbox 854 2788 870 2907; x_wconf 81' lang='lat' dir='ltr'>r</span> 
     </span>
    </p>
   </div>
   <div class='ocr_carea' id='block_1_8' title="bbox 383 3051 1137 3104">
    <p class='ocr_par' dir='ltr' id='par_1_8' title="bbox 383 3051 1137 3104">
     <span class='ocr_line' id='line_1_12' title="bbox 383 3051 1137 3104; baseline -0.001 -1"><span class='ocrx_word' id='word_1_53' title='bbox 383 3053 434 3104; x_wconf 87' lang='lat' dir='ltr'>DE</span> <span class='ocrx_word' id='word_1_54' title='bbox 464 3051 648 3104; x_wconf 85' lang='lat' dir='ltr'><strong>NOTIONE</strong></span> <span class='ocrx_word' id='word_1_55' title='bbox 677 3051 842 3102; x_wconf 85' lang='lat' dir='ltr'><strong>ACTUUM</strong></span> <span class='ocrx_word' id='word_1_56' title='bbox 873 3051 1137 3103; x_wconf 81' lang='lat' dir='ltr'>HUMANORUM</span> 
     </span>
    </p>
   </div>
   <div class='ocr_carea' id='block_1_9' title="bbox 119 3238 1397 4564">
    <p class='ocr_par' dir='ltr' id='par_1_9' title="bbox 119 3238 1397 3588">
     <span class='ocr_line' id='line_1_13' title="bbox 165 3238 1397 3322; baseline 0.002 -19"><span class='ocrx_word' id='word_1_57' title='bbox 165 3247 194 3303; x_wconf 84' lang='lat' dir='ltr'>t.</span> <span class='ocrx_word' id='word_1_58' title='bbox 208 3275 249 3287; x_wconf 93' lang='lat'><em>-</em></span> <span class='ocrx_word' id='word_1_59' title='bbox 261 3243 432 3304; x_wconf 83' lang='lat' dir='ltr'>Dnrmrrrc.</span> <span class='ocrx_word' id='word_1_60' title='bbox 448 3241 544 3302; x_wconf 79' lang='lat' dir='ltr'>Actus</span> <span class='ocrx_word' id='word_1_61' title='bbox 557 3243 592 3300; x_wconf 83' lang='lat' dir='ltr'>in</span> <span class='ocrx_word' id='word_1_62' title='bbox 603 3257 711 3322; x_wconf 63' lang='lat' dir='ltr'>aeone</span> <span class='ocrx_word' id='word_1_63' title='bbox 722 3244 768 3301; x_wconf 90' lang='lat' dir='ltr'>est</span> <span class='ocrx_word' id='word_1_64' title='bbox 782 3238 997 3302; x_wconf 75' lang='lat' dir='ltr'>determinatio</span> <span class='ocrx_word' id='word_1_65' title='bbox 1009 3240 1168 3320; x_wconf 78' lang='lat' dir='ltr'>patentia,</span> <span class='ocrx_word' id='word_1_66' title='bbox 1181 3261 1234 3304; x_wconf 89' lang='lat' dir='ltr'>seu</span> <span class='ocrx_word' id='word_1_67' title='bbox 1246 3251 1291 3306; x_wconf 86' lang='lat' dir='ltr'>est</span> <span class='ocrx_word' id='word_1_68' title='bbox 1305 3244 1397 3307; x_wconf 80' lang='lat' dir='ltr'>sacari-</span> 
     </span>
     <span class='ocr_line' id='line_1_14' title="bbox 119 3326 1394 3412; baseline 0.001 -20"><span class='ocrx_word' id='word_1_69' title='bbox 119 3337 173 3392; x_wconf 83' lang='lat' dir='ltr'>tas</span> <span class='ocrx_word' id='word_1_70' title='bbox 186 3329 297 3412; x_wconf 79' lang='lat' dir='ltr'>agendi</span> <span class='ocrx_word' id='word_1_71' title='bbox 310 3329 346 3391; x_wconf 93' lang='lat' dir='ltr'>in</span> <span class='ocrx_word' id='word_1_72' title='bbox 359 3328 501 3392; x_wconf 87' lang='lat' dir='ltr'>exercitio</span> <span class='ocrx_word' id='word_1_73' title='bbox 512 3328 625 3410; x_wconf 87' lang='lat' dir='ltr'>posita,</span> <span class='ocrx_word' id='word_1_74' title='bbox 640 3326 790 3391; x_wconf 78' lang='lat' dir='ltr'>ueletiam</span> <span class='ocrx_word' id='word_1_75' title='bbox 804 3333 850 3390; x_wconf 92' lang='lat' dir='ltr'>est</span> <span class='ocrx_word' id='word_1_76' title='bbox 864 3326 1046 3390; x_wconf 75' lang='lat' dir='ltr'>exercitium</span> <span class='ocrx_word' id='word_1_77' title='bbox 1060 3327 1212 3392; x_wconf 84' lang='lat' dir='ltr'>facultatis</span> <span class='ocrx_word' id='word_1_78' title='bbox 1223 3333 1341 3411; x_wconf 86' lang='lat' dir='ltr'>agendi.</span> <span class='ocrx_word' id='word_1_79' title='bbox 1354 3368 1394 3380; x_wconf 83' lang='lat'><em>-</em></span> 
     </span>
     <span class='ocr_line' id='line_1_15' title="bbox 120 3415 1395 3500; baseline 0.002 -20"><span class='ocrx_word' id='word_1_80' title='bbox 120 3421 192 3499; x_wconf 87' lang='lat' dir='ltr'>Ipsa</span> <span class='ocrx_word' id='word_1_81' title='bbox 205 3417 344 3498; x_wconf 87' lang='lat' dir='ltr'>potentia</span> <span class='ocrx_word' id='word_1_82' title='bbox 357 3417 397 3480; x_wconf 91' lang='lat' dir='ltr'>iis</span> <span class='ocrx_word' id='word_1_83' title='bbox 413 3415 559 3480; x_wconf 87' lang='lat' dir='ltr'>omnibus</span> <span class='ocrx_word' id='word_1_84' title='bbox 577 3416 743 3491; x_wconf 88' lang='lat' dir='ltr'>instructa,</span> <span class='ocrx_word' id='word_1_85' title='bbox 760 3417 874 3497; x_wconf 86' lang='lat' dir='ltr'>quibus</span> <span class='ocrx_word' id='word_1_86' title='bbox 892 3416 927 3477; x_wconf 94' lang='lat' dir='ltr'>in</span> <span class='ocrx_word' id='word_1_87' title='bbox 945 3422 1050 3478; x_wconf 87' lang='lat' dir='ltr'>actum</span> <span class='ocrx_word' id='word_1_88' title='bbox 1067 3418 1187 3498; x_wconf 86' lang='lat' dir='ltr'>prodire</span> <span class='ocrx_word' id='word_1_89' title='bbox 1205 3419 1315 3500; x_wconf 86' lang='lat' dir='ltr'>possit,</span> <span class='ocrx_word' id='word_1_90' title='bbox 1335 3420 1395 3492; x_wconf 83' lang='lat' dir='ltr'>dici</span> 
     </span>
     <span class='ocr_line' id='line_1_16' title="bbox 121 3503 1065 3588; baseline -0.001 -18"><span class='ocrx_word' id='word_1_91' title='bbox 121 3507 201 3570; x_wconf 86' lang='lat' dir='ltr'>solet</span> <span class='ocrx_word' id='word_1_92' title='bbox 215 3517 302 3568; x_wconf 76' lang='lat' dir='ltr'>octus</span> <span class='ocrx_word' id='word_1_93' title='bbox 311 3506 434 3588; x_wconf 79' lang='lat' dir='ltr'>primos</span> <span class='ocrx_word' id='word_1_94' title='bbox 440 3553 451 3583; x_wconf 91' lang='lat'><strong><em>,</em></strong></span> <span class='ocrx_word' id='word_1_95' title='bbox 467 3509 574 3587; x_wconf 81' lang='lat' dir='ltr'>atejus</span> <span class='ocrx_word' id='word_1_96' title='bbox 588 3503 804 3568; x_wconf 80' lang='lat' dir='ltr'>determinatio</span> <span class='ocrx_word' id='word_1_97' title='bbox 818 3513 901 3565; x_wconf 82' lang='lat' dir='ltr'>aetus</span> <span class='ocrx_word' id='word_1_98' title='bbox 911 3505 1065 3569; x_wconf 81' lang='lat' dir='ltr'>secundus.</span> 
     </span>
    </p>

    <p class='ocr_par' dir='ltr' id='par_1_10' title="bbox 121 3593 1395 3853">
     <span class='ocr_line' id='line_1_17' title="bbox 165 3593 1393 3675; baseline 0.003 -17"><span class='ocrx_word' id='word_1_99' title='bbox 165 3597 262 3658; x_wconf 85' lang='lat' dir='ltr'>Actus</span> <span class='ocrx_word' id='word_1_100' title='bbox 276 3613 348 3658; x_wconf 82' lang='lat' dir='ltr'>vero</span> <span class='ocrx_word' id='word_1_101' title='bbox 359 3595 506 3658; x_wconf 77' lang='lat' dir='ltr'>humanus</span> <span class='ocrx_word' id='word_1_102' title='bbox 517 3595 567 3656; x_wconf 89' lang='lat' dir='ltr'>ille</span> <span class='ocrx_word' id='word_1_103' title='bbox 578 3598 641 3668; x_wconf 88' lang='lat' dir='ltr'>est,</span> <span class='ocrx_word' id='word_1_104' title='bbox 655 3593 710 3674; x_wconf 89' lang='lat' dir='ltr'>qui</span> <span class='ocrx_word' id='word_1_105' title='bbox 721 3593 858 3673; x_wconf 84' lang='lat' dir='ltr'>procedit</span> <span class='ocrx_word' id='word_1_106' title='bbox 868 3611 887 3655; x_wconf 90' lang='lat' dir='ltr'>a</span> <span class='ocrx_word' id='word_1_107' title='bbox 898 3593 1063 3656; x_wconf 88' lang='lat' dir='ltr'>deliberata</span> <span class='ocrx_word' id='word_1_108' title='bbox 1073 3595 1209 3659; x_wconf 91' lang='lat' dir='ltr'>hominis</span> <span class='ocrx_word' id='word_1_109' title='bbox 1221 3596 1393 3675; x_wconf 81' lang='lat' dir='ltr'>voluntate3</span> 
     </span>
     <span class='ocr_line' id='line_1_18' title="bbox 122 3681 1395 3765; baseline 0.003 -18"><span class='ocrx_word' id='word_1_110' title='bbox 122 3701 182 3747; x_wconf 89' lang='lat' dir='ltr'>seu</span> <span class='ocrx_word' id='word_1_111' title='bbox 191 3690 240 3748; x_wconf 84' lang='lat' dir='ltr'>est</span> <span class='ocrx_word' id='word_1_112' title='bbox 249 3689 337 3748; x_wconf 86' lang='lat' dir='ltr'>actus</span> <span class='ocrx_word' id='word_1_113' title='bbox 348 3685 513 3765; x_wconf 80' lang='lat' dir='ltr'>procedens</span> <span class='ocrx_word' id='word_1_114' title='bbox 523 3702 541 3746; x_wconf 91' lang='lat' dir='ltr'>a</span> <span class='ocrx_word' id='word_1_115' title='bbox 552 3683 710 3746; x_wconf 79' lang='lat' dir='ltr'>voluntate</span> <span class='ocrx_word' id='word_1_116' title='bbox 723 3681 819 3744; x_wconf 88' lang='lat' dir='ltr'>libera</span> <span class='ocrx_word' id='word_1_117' title='bbox 832 3699 904 3744; x_wconf 92' lang='lat' dir='ltr'>cum</span> <span class='ocrx_word' id='word_1_118' title='bbox 915 3682 1106 3746; x_wconf 86' lang='lat' dir='ltr'>advertentia</span> <span class='ocrx_word' id='word_1_119' title='bbox 1115 3687 1154 3748; x_wconf 85' lang='lat' dir='ltr'>ad</span> <span class='ocrx_word' id='word_1_120' title='bbox 1165 3685 1335 3748; x_wconf 89' lang='lat' dir='ltr'>bonitatem</span> <span class='ocrx_word' id='word_1_121' title='bbox 1348 3689 1395 3751; x_wconf 88' lang='lat' dir='ltr'>vel</span> 
     </span>
     <span class='ocr_line' id='line_1_19' title="bbox 121 3771 1283 3853; baseline -0.002 -17"><span class='ocrx_word' id='word_1_122' title='bbox 121 3771 280 3836; x_wconf 84' lang='lat' dir='ltr'>malitiam</span> <span class='ocrx_word' id='word_1_123' title='bbox 292 3781 391 3838; x_wconf 80' lang='lat' dir='ltr'>actara.</span> <span class='ocrx_word' id='word_1_124' title='bbox 408 3776 505 3837; x_wconf 79' lang='lat' dir='ltr'>Actus</span> <span class='ocrx_word' id='word_1_125' title='bbox 515 3771 614 3853; x_wconf 75' lang='lat' dir='ltr'>igitur</span> <span class='ocrx_word' id='word_1_126' title='bbox 626 3771 786 3835; x_wconf 86' lang='lat' dir='ltr'>humanus</span> <span class='ocrx_word' id='word_1_127' title='bbox 799 3771 882 3833; x_wconf 89' lang='lat' dir='ltr'>idem</span> <span class='ocrx_word' id='word_1_128' title='bbox 897 3779 985 3834; x_wconf 89' lang='lat' dir='ltr'>sonat</span> <span class='ocrx_word' id='word_1_129' title='bbox 1000 3790 1033 3834; x_wconf 88' lang='lat' dir='ltr'>ac</span> <span class='ocrx_word' id='word_1_130' title='bbox 1047 3780 1133 3836; x_wconf 87' lang='lat' dir='ltr'>actus</span> <span class='ocrx_word' id='word_1_131' title='bbox 1147 3773 1283 3836; x_wconf 72' lang='lat' dir='ltr'>moniis.</span> 
     </span>
    </p>

    <p class='ocr_par' dir='ltr' id='par_1_11' title="bbox 121 3859 1397 4564">
     <span class='ocr_line' id='line_1_20' title="bbox 166 3859 1397 3944; baseline 0.001 -18"><span class='ocrx_word' id='word_1_132' title='bbox 166 3861 294 3926; x_wconf 83' lang='lat' dir='ltr'>Etenim</span> <span class='ocrx_word' id='word_1_133' title='bbox 303 3862 356 3926; x_wconf 86' lang='lat' dir='ltr'>ille</span> <span class='ocrx_word' id='word_1_134' title='bbox 366 3862 449 3926; x_wconf 84' lang='lat' dir='ltr'>solus</span> <span class='ocrx_word' id='word_1_135' title='bbox 460 3865 560 3943; x_wconf 87' lang='lat' dir='ltr'>potest</span> <span class='ocrx_word' id='word_1_136' title='bbox 571 3859 690 3943; x_wconf 84' lang='lat' dir='ltr'>proprie</span> <span class='ocrx_word' id='word_1_137' title='bbox 702 3859 763 3924; x_wconf 89' lang='lat' dir='ltr'>dici</span> <span class='ocrx_word' id='word_1_138' title='bbox 773 3859 921 3922; x_wconf 73' lang='lat' dir='ltr'>hmanas</span> <span class='ocrx_word' id='word_1_139' title='bbox 931 3866 1032 3936; x_wconf 88' lang='lat' dir='ltr'>ectus,</span> <span class='ocrx_word' id='word_1_140' title='bbox 1045 3862 1099 3942; x_wconf 90' lang='lat' dir='ltr'>qui</span> <span class='ocrx_word' id='word_1_141' title='bbox 1112 3881 1174 3926; x_wconf 86' lang='lat' dir='ltr'>uon</span> <span class='ocrx_word' id='word_1_142' title='bbox 1186 3861 1286 3924; x_wconf 83' lang='lat' dir='ltr'>solum</span> <span class='ocrx_word' id='word_1_143' title='bbox 1296 3867 1397 3944; x_wconf 79' lang='lat' dir='ltr'>quoad</span> 
     </span>
     <span class='ocr_line' id='line_1_21' title="bbox 123 3948 1397 4032; baseline 0.003 -18"><span class='ocrx_word' id='word_1_144' title='bbox 123 3950 226 4032; x_wconf 86' lang='lat' dir='ltr'>operis</span> <span class='ocrx_word' id='word_1_145' title='bbox 241 3950 464 4026; x_wconf 86' lang='lat' dir='ltr'>substantiam,</span> <span class='ocrx_word' id='word_1_146' title='bbox 480 3951 637 4014; x_wconf 88' lang='lat' dir='ltr'>sedetiam</span> <span class='ocrx_word' id='word_1_147' title='bbox 651 3949 750 4030; x_wconf 90' lang='lat' dir='ltr'>quoad</span> <span class='ocrx_word' id='word_1_148' title='bbox 763 3948 906 4029; x_wconf 86' lang='lat' dir='ltr'>operandi</span> <span class='ocrx_word' id='word_1_149' title='bbox 921 3950 1063 4024; x_wconf 90' lang='lat' dir='ltr'>modum,</span> <span class='ocrx_word' id='word_1_150' title='bbox 1077 3949 1214 4030; x_wconf 84' lang='lat' dir='ltr'>procedit</span> <span class='ocrx_word' id='word_1_151' title='bbox 1222 3949 1397 4018; x_wconf 78' lang='lat' dir='ltr'>abhomine</span> 
     </span>
     <span class='ocr_line' id='line_1_22' title="bbox 123 4036 1393 4120; baseline 0.001 -16"><span class='ocrx_word' id='word_1_152' title='bbox 123 4041 162 4104; x_wconf 88' lang='lat' dir='ltr'>in</span> <span class='ocrx_word' id='word_1_153' title='bbox 175 4045 331 4120; x_wconf 86' lang='lat' dir='ltr'>quantum</span> <span class='ocrx_word' id='word_1_154' title='bbox 344 4040 437 4103; x_wconf 81' lang='lat' dir='ltr'>homo</span> <span class='ocrx_word' id='word_1_155' title='bbox 451 4045 512 4114; x_wconf 90' lang='lat' dir='ltr'>est,</span> <span class='ocrx_word' id='word_1_156' title='bbox 528 4045 559 4102; x_wconf 84' lang='lat' dir='ltr'>ot</span> <span class='ocrx_word' id='word_1_157' title='bbox 577 4037 680 4102; x_wconf 84' lang='lat' dir='ltr'>differt</span> <span class='ocrx_word' id='word_1_158' title='bbox 692 4057 712 4101; x_wconf 89' lang='lat' dir='ltr'>a</span> <span class='ocrx_word' id='word_1_159' title='bbox 723 4036 870 4102; x_wconf 85' lang='lat' dir='ltr'>creaturis</span> <span class='ocrx_word' id='word_1_160' title='bbox 888 4036 1161 4101; x_wconf 79' lang='lat' dir='ltr'>irradonabilibus.</span> <span class='ocrx_word' id='word_1_161' title='bbox 1178 4040 1268 4100; x_wconf 89' lang='lat' dir='ltr'>Porro</span> <span class='ocrx_word' id='word_1_162' title='bbox 1286 4040 1393 4119; x_wconf 83' lang='lat' dir='ltr'>homo,</span> 
     </span>
     <span class='ocr_line' id='line_1_23' title="bbox 122 4125 1397 4206; baseline 0.002 -14"><span class='ocrx_word' id='word_1_163' title='bbox 122 4135 165 4192; x_wconf 86' lang='lat' dir='ltr'>ut</span> <span class='ocrx_word' id='word_1_164' title='bbox 177 4133 260 4192; x_wconf 75' lang='lat' dir='ltr'>lecto</span> <span class='ocrx_word' id='word_1_165' title='bbox 272 4129 318 4192; x_wconf 87' lang='lat' dir='ltr'>ait</span> <span class='ocrx_word' id='word_1_166' title='bbox 330 4131 361 4192; x_wconf 85' lang='lat' dir='ltr'>S.</span> <span class='ocrx_word' id='word_1_167' title='bbox 377 4129 529 4203; x_wconf 79' lang='lat' dir='ltr'>Thomas,</span> <span class='ocrx_word' id='word_1_168' title='bbox 543 4125 661 4202; x_wconf 83' lang='lat' dir='ltr'>differt,</span> <span class='ocrx_word' id='word_1_169' title='bbox 678 4126 779 4206; x_wconf 85' lang='lat' dir='ltr'>quoad</span> <span class='ocrx_word' id='word_1_170' title='bbox 796 4126 940 4206; x_wconf 80' lang='lat' dir='ltr'>operandi</span> <span class='ocrx_word' id='word_1_171' title='bbox 953 4126 1096 4199; x_wconf 89' lang='lat' dir='ltr'>modum,</span> <span class='ocrx_word' id='word_1_172' title='bbox 1112 4125 1150 4187; x_wconf 90' lang='lat' dir='ltr'>ab</span> <span class='ocrx_word' id='word_1_173' title='bbox 1167 4125 1236 4188; x_wconf 85' lang='lat' dir='ltr'>eliis</span> <span class='ocrx_word' id='word_1_174' title='bbox 1248 4133 1397 4194; x_wconf 84' lang='lat' dir='ltr'>creaturis</span> 
     </span>
     <span class='ocr_line' id='line_1_24' title="bbox 121 4214 1397 4296; baseline 0.002 -16"><span class='ocrx_word' id='word_1_175' title='bbox 121 4215 408 4294; x_wconf 69' lang='lat' dir='ltr'>inenarrabilibus,</span> <span class='ocrx_word' id='word_1_176' title='bbox 423 4217 461 4282; x_wconf 88' lang='lat' dir='ltr'>in</span> <span class='ocrx_word' id='word_1_177' title='bbox 475 4216 536 4280; x_wconf 86' lang='lat' dir='ltr'>hoe</span> <span class='ocrx_word' id='word_1_178' title='bbox 551 4216 633 4296; x_wconf 65' lang='lat' dir='ltr'>qiud</span> <span class='ocrx_word' id='word_1_179' title='bbox 653 4221 700 4278; x_wconf 88' lang='lat' dir='ltr'>est</span> <span class='ocrx_word' id='word_1_180' title='bbox 717 4233 771 4296; x_wconf 84' lang='lat' dir='ltr'>per</span> <span class='ocrx_word' id='word_1_181' title='bbox 785 4214 919 4276; x_wconf 82' lang='lat' dir='ltr'>liberum</span> <span class='ocrx_word' id='word_1_182' title='bbox 937 4214 1103 4278; x_wconf 66' lang='lat' dir='ltr'>abitrium</span> <span class='ocrx_word' id='word_1_183' title='bbox 1123 4231 1253 4278; x_wconf 85' lang='lat' dir='ltr'>suomm</span> <span class='ocrx_word' id='word_1_184' title='bbox 1269 4226 1397 4284; x_wconf 84' lang='lat' dir='ltr'>actuum</span> 
     </span>
     <span class='ocr_line' id='line_1_25' title="bbox 123 4301 1396 4386; baseline 0.003 -18"><span class='ocrx_word' id='word_1_185' title='bbox 123 4304 289 4382; x_wconf 61' lang='lat' dir='ltr'>dominum</span> <span class='ocrx_word' id='word_1_186' title='bbox 310 4323 382 4386; x_wconf 80' lang='lat' dir='ltr'>ergo</span> <span class='ocrx_word' id='word_1_187' title='bbox 402 4323 465 4370; x_wconf 90' lang='lat' dir='ltr'>non</span> <span class='ocrx_word' id='word_1_188' title='bbox 483 4306 579 4368; x_wconf 77' lang='lat' dir='ltr'>datm</span> <span class='ocrx_word' id='word_1_189' title='bbox 594 4308 678 4368; x_wconf 88' lang='lat' dir='ltr'>actas</span> <span class='ocrx_word' id='word_1_190' title='bbox 693 4304 821 4386; x_wconf 77' lang='lat' dir='ltr'>proprie</span> <span class='ocrx_word' id='word_1_191' title='bbox 839 4303 1012 4377; x_wconf 82' lang='lat' dir='ltr'>humanus,</span> <span class='ocrx_word' id='word_1_192' title='bbox 1029 4301 1107 4382; x_wconf 77' lang='lat' dir='ltr'>quin</span> <span class='ocrx_word' id='word_1_193' title='bbox 1124 4321 1142 4366; x_wconf 80' lang='lat' dir='ltr'>a</span> <span class='ocrx_word' id='word_1_194' title='bbox 1159 4303 1326 4370; x_wconf 78' lang='lat' dir='ltr'>deliberata</span> <span class='ocrx_word' id='word_1_195' title='bbox 1342 4327 1396 4372; x_wconf 87' lang='lat' dir='ltr'>seu</span> 
     </span>
     <span class='ocr_line' id='line_1_26' title="bbox 123 4389 1394 4474; baseline 0.003 -18"><span class='ocrx_word' id='word_1_196' title='bbox 123 4393 225 4456; x_wconf 87' lang='lat' dir='ltr'>libera</span> <span class='ocrx_word' id='word_1_197' title='bbox 236 4393 373 4457; x_wconf 88' lang='lat' dir='ltr'>hominis</span> <span class='ocrx_word' id='word_1_198' title='bbox 387 4394 545 4458; x_wconf 85' lang='lat' dir='ltr'>voluntate</span> <span class='ocrx_word' id='word_1_199' title='bbox 556 4391 708 4472; x_wconf 77' lang='lat' dir='ltr'>procedat.</span> <span class='ocrx_word' id='word_1_200' title='bbox 719 4389 802 4453; x_wconf 86' lang='lat' dir='ltr'>-S.</span> <span class='ocrx_word' id='word_1_201' title='bbox 817 4390 1394 4474; x_wconf 71' lang='lat' dir='ltr'>Tt0m.1.a,qu.a,arar.-nnoe,</span> 
     </span>
     <span class='ocr_line' id='line_1_27' title="bbox 121 4478 1395 4564; baseline 0.003 -19"><span class='ocrx_word' id='word_1_202' title='bbox 121 4502 143 4545; x_wconf 89' lang='lat' dir='ltr'>a</span> <span class='ocrx_word' id='word_1_203' title='bbox 162 4481 301 4564; x_wconf 80' lang='lat' dir='ltr'>theologo</span> <span class='ocrx_word' id='word_1_204' title='bbox 315 4481 424 4546; x_wconf 90' lang='lat' dir='ltr'>morali</span> <span class='ocrx_word' id='word_1_205' title='bbox 438 4479 621 4545; x_wconf 86' lang='lat' dir='ltr'>considerari</span> <span class='ocrx_word' id='word_1_206' title='bbox 636 4478 792 4546; x_wconf 87' lang='lat' dir='ltr'>hominem</span> <span class='ocrx_word' id='word_1_207' title='bbox 807 4485 843 4542; x_wconf 91' lang='lat' dir='ltr'>ut</span> <span class='ocrx_word' id='word_1_208' title='bbox 857 4485 902 4542; x_wconf 85' lang='lat' dir='ltr'>est</span> <span class='ocrx_word' id='word_1_209' title='bbox 916 4495 1010 4559; x_wconf 80' lang='lat' dir='ltr'>agens</span> <span class='ocrx_word' id='word_1_210' title='bbox 1022 4481 1153 4557; x_wconf 82' lang='lat' dir='ltr'>morale,</span> <span class='ocrx_word' id='word_1_211' title='bbox 1167 4484 1395 4564; x_wconf 68' lang='lat' dir='ltr'>eiusqneactio</span> 
     </span>
    </p>
   </div>
   <div class='ocr_carea' id='block_1_10' title="bbox 0 0 1623 5020">
    <p class='ocr_par' dir='ltr' id='par_1_12' title="bbox 0 0 1623 5020">
     <span class='ocr_line' id='line_1_28' title="bbox 0 0 1623 5020; baseline 0 0"><span class='ocrx_word' id='word_1_212' title='bbox 0 0 1623 5020; x_wconf 95' lang='lat' dir='ltr'> </span> 
     </span>
    </p>
   </div>
  </div>
 </body>
</html>
