3156 5026
547 243 589 286 ns
608 241 772 288 rusrrrm
791 241 833 286 rr
852 243 939 286 runs
1310 229 1380 294 391

102 353 292 433 occupantis.
306 355 342 416 ln
353 351 528 414 dominium
541 359 646 415 autem
658 351 787 433 alicujus
800 352 936 426 redacta,
954 349 1073 414 tamdiu
1088 351 1145 416 sub
1159 351 1296 414 dominio
1310 371 1376 416 ma-

103 448 195 516 nent,
210 441 359 522 quamdiu
372 440 509 504 custodia
521 441 721 516 retineantur,
738 459 793 504 nec
808 441 982 504 naturalem
996 440 1170 502 libertatem
1184 459 1380 522 recuperave-

104 531 180 594 rint.
187 536 388 612 Recuperasse
397 533 500 592 autem
509 529 684 594 libertatem
693 535 867 604 censentur,
878 547 951 592 oum
959 528 1005 592 ita
1013 528 1183 592 custodiam
1193 527 1377 609 effugerunt,

105 624 263 684 uteorum
275 619 445 682 consecutio
460 616 591 682 difficilis
606 618 664 681 sit:
681 626 712 682 et
726 625 800 684 tunc
813 618 859 682 ita
871 617 1017 682 desinunt
1029 635 1094 680 esse
1107 617 1166 680 sub
1178 617 1328 694 donuuio,
1343 625 1380 682 ut

102 709 234 771 alterius
248 706 422 787 occupantis
434 707 500 770 fieri
514 707 649 787 possint,
667 706 764 770 veluti
776 723 949 787 numquam
960 705 1123 770 dominum
1136 705 1327 773 habuissent.

146 800 184 859 ll.
201 795 356 860 Animalia
373 814 413 858 es
432 800 543 860 natura
564 814 622 858 sua
639 796 808 874 ulcerato,
828 796 881 860 sed
898 795 1117 876 mansuefacto,
1135 794 1244 875 prioris
1262 795 1383 858 domini

104 891 281 959 remanent,
304 883 456 966 quamdiu
478 883 650 968 custodiam
669 884 768 965 ipsius
786 902 849 946 non
869 883 1037 959 evaserint,
1057 889 1112 946 aut
1127 884 1382 948 consuetudinem

105 973 276 1037 revertendi
296 991 359 1036 non
377 972 558 1048 amiserint;
575 972 726 1054 ejusmodi
743 972 829 1038 euim
850 972 996 1036 animalia
1013 971 1052 1036 ad
1070 990 1272 1052 possessorem
1290 972 1382 1052 perti-

104 1069 182 1126 nent
202 1065 269 1124 tum
290 1061 408 1126 ratione
433 1061 657 1142 occupationis,
678 1067 748 1124 tum
770 1060 863 1124 etiam
884 1059 1003 1124 ratione
1021 1059 1211 1124 educationis
1228 1063 1260 1124 et
1276 1062 1381 1126 deten-

105 1152 209 1216 tionis.
225 1151 274 1214 Sic
292 1151 419 1231 insuper
435 1149 542 1214 omnia
559 1153 632 1231 jura
651 1155 803 1214 statuunt.
817 1185 858 1198 -
876 1151 918 1212 At
934 1165 1005 1214 vero
1025 1149 1051 1212 si
1072 1148 1243 1214 custodiam
1261 1149 1380 1214 domini

101 1241 274 1316 evaserint,
294 1246 351 1306 aut
367 1237 542 1302 revertendi
562 1238 818 1302 consuetudinem
839 1236 1014 1314 amiserint,
1035 1237 1160 1300 alterius
1180 1237 1274 1318 primi
1293 1256 1380 1302 oocu-

108 1328 210 1408 pantis
223 1329 317 1405 lirant,
334 1328 408 1409 quia
421 1344 512 1390 suam
527 1326 660 1408 primam
673 1334 820 1391 naturam
838 1331 1065 1408 recuperarunt
1082 1324 1131 1388 Sic
1143 1331 1199 1390 lus
1211 1327 1380 1390 Romanum

105 1425 138 1480 et
154 1415 313 1480 Gallicam.

148 1507 199 1568 Ill.
220 1505 375 1568 Animalia
392 1513 550 1568 mansum
569 1523 623 1567 seu
645 1505 804 1567 domestica
821 1508 983 1567 remanent
1000 1501 1111 1584 prioris
1128 1503 1261 1578 domini,
1282 1523 1380 1584 quan·

105 1595 224 1657 tumvis
239 1596 398 1670 aberrent;
417 1595 498 1657 unde
519 1611 582 1658 non
595 1601 724 1674 possunt
737 1595 776 1658 ab
795 1593 854 1656 alio
872 1590 1022 1672 occupari.
1042 1590 1131 1656 Ratio
1150 1597 1212 1666 est,
1226 1591 1300 1672 quia
1312 1593 1380 1656 ani-

104 1683 199 1746 malia
212 1683 378 1746 ‹lemestioa
398 1701 561 1764 nunquam
575 1687 703 1762 possunt
717 1682 777 1746 dici
791 1699 982 1762 recuperasse
1001 1697 1090 1744 suam
1104 1679 1291 1755 libertatem,
1307 1697 1379 1744 cum

105 1791 144 1834 ex
159 1777 272 1836 natura
290 1791 346 1836 sua
366 1772 540 1834 libertatem
562 1771 682 1834 nullam
702 1771 814 1838 babere
834 1769 1063 1840 existimemur.
1083 1769 1188 1844 Quoad
1210 1767 1263 1834 illa
1282 1767 1379 1848 igitur

105 1861 295 1942 occupationi
309 1861 391 1924 locus
405 1877 579 1960 numquam
593 1859 659 1922 dari
673 1864 784 1940 potest.

227 2037 425 2116 Quaesitae.

149 2205 273 2262 ,111-
291 2201 393 2274 Quen.
411 2205 442 2262 10
455 2198 508 2261 Aa
527 2207 557 2261 et
573 2198 715 2282 quomodo
725 2207 828 2282 peccet
842 2198 896 2281 qui
907 2207 1036 2262 venatur
1054 2208 1107 2260 aut
1119 2197 1258 2283 patratur
1275 2206 1381 2262 contro

107 2289 184 2368 lepis
196 2286 450 2370 prohibitionem?

146 2375 259 2458 ,1311111
274 2382 397 2439 tantum
411 2376 448 2440 do
463 2374 503 2440 iis
517 2376 588 2458 qui,
602 2377 664 2440 lore
679 2377 726 2440 vel
741 2384 876 2460 tempore
889 2397 908 2442 a
922 2378 985 2460 lege
998 2375 1167 2460 prohibito,
1184 2382 1238 2440 aut
1251 2375 1317 2440 siue
1331 2377 1381 2438 de

103 2464 171 2527 bita
187 2463 405 2545 permissione,
422 2465 580 2528 venationi
595 2467 642 2529 vel
656 2465 815 2547 piscationi
830 2468 905 2530 dant
918 2485 1051 2548 operam.

145 2553 235 2635 llesp.
249 2552 308 2614 :1⁰
325 2551 485 2616 Sestertio
502 2554 674 2636 probabilis
695 2565 784 2638 nepot
802 2573 875 2620 eum
898 2573 1018 2638 peceare
1036 2560 1141 2618 contra
1153 2553 1309 2636 justitiam
1332 2554 1381 2617 vel

104 2641 198 2704 etiam
219 2646 324 2704 eontra
342 2641 568 2720 obedientiam
594 2643 668 2726 quia
682 2663 724 2716 ,ex
742 2645 962 2708 consuetudine
983 2649 1014 2708 et
1034 2643 1192 2708 communi
1214 2643 1380 2706 bominum

104 2730 307 2794 aestimatione
318 2730 368 2794 lex
380 2730 433 2794 illa
446 2731 573 2796 omnino
584 2734 713 2814 poenalis
725 2733 860 2798 videtur.
869 2767 909 2780 —
921 2732 974 2796 Sic
987 2732 1172 2816 nonaque,
1191 2740 1280 2794 tract.
1295 2733 1378 2808 Xlll,

104 2839 130 2880 c.
145 2839 176 2882 v.
192 2854 232 2865 -
248 2819 285 2880 S.
296 2817 380 2900 Lip„
395 2819 432 2882 de
447 2819 536 2902 Lep„
549 2843 580 2883 a.
599 2827 674 2898 115,
691 2829 748 2885 etc.

144 2907 196 2970 110
211 2907 367 2970 Sententia
377 2906 452 2970 item
463 2909 632 2990 probabilis
643 2913 725 2973 tenet
736 2913 826 2974 illum
838 2930 958 2992 peccare
971 2916 1093 2974 tantum
1106 2909 1265 2974 venialiter
1276 2916 1382 2974 contra

101 2995 325 3072 obedientiam,
345 2995 477 3060 minime
497 3003 603 3060 autem
624 3003 729 3062 contra
743 3000 912 3081 justitiam.
935 2999 1083 3062 Etenim:
1105 3005 1136 3062 10
1153 3008 1256 3080 percat
1273 3009 1381 3062 contra

106 3085 321 3158 obedientiam,
338 3085 412 3166 quia
426 3104 546 3167 semper
559 3087 835 3168 obtemperandum
851 3092 897 3151 est
908 3087 1041 3170 Principi
1051 3091 1138 3170 justa
1148 3089 1185 3152 de
1199 3107 1290 3150 causo
1303 3107 1380 3170 prae-

105 3173 241 3254 cipienti.
258 3173 492 3256 conceperat
509 3177 795 3258 contrajacentium,
816 3176 890 3259 quia
904 3176 997 3257 leges,
1014 3177 1085 3240 licet
1102 3176 1296 3240 venationem
1309 3195 1379 3258 pro-

103 3262 244 3338 hibeant,
260 3281 323 3324 uon
338 3269 443 3326 tamen
460 3263 583 3327 irritam
602 3266 755 3328 declarant
770 3266 879 3348 praedae
899 3264 1143 3346 acquisitionem.
1161 3270 1193 3329 30
1207 3266 1314 3328 Pereat
1329 3283 1378 3326 ve·

102 3351 228 3412 nialiter
250 3357 373 3414 1111111111
390 3372 450 3434 per
471 3371 515 3426 re,
542 3352 616 3434 quia
636 3355 805 3434 generatim
830 3354 900 3417 talis
924 3353 1047 3418 violatio
1071 3355 1145 3436 legis
1167 3371 1230 3416 non
1255 3352 1379 3416 videtur

101 3438 236 3520 graviter
254 3439 347 3502 noxia
366 3439 565 3520 Reipublicae,
582 3461 651 3524 quas
670 3460 820 3524 magnum
839 3443 1062 3508 detrimentum
1081 3443 1153 3506 inde
1171 3459 1234 3504 non
1248 3439 1376 3522 patitur.

101 3563 144 3572 —
159 3527 303 3604 Bourier,
319 3525 356 3590 de
370 3529 462 3606 drot,
479 3549 506 3592 r.
523 3549 558 3594 11.
572 3567 612 3577 -
627 3529 784 3608 caeter,
800 3553 831 3594 a.
850 3537 920 3596 301.
936 3566 976 3578 -
989 3533 1142 3615 Lponaet,
1160 3533 1217 3590 eto.

144 3621 240 3679 Datur
253 3616 347 3678 etiam
364 3617 455 3680 tertia
465 3619 617 3682 sententia
630 3639 814 3700 paucorum,
829 3621 884 3702 qui
900 3620 1008 3684 dicunt
1022 3625 1186 3682 venantem
1199 3615 1380 3698 probibente

104 3707 167 3785 lege
187 3723 306 3786 peccare
324 3705 458 3784 graviter
477 3713 546 3769 tum
566 3715 671 3771 contra
690 3709 911 3785 obedientiam,
927 3715 998 3772 tum
1019 3713 1124 3770 contra
1136 3703 1309 3788 justitiam;
1328 3707 1380 3768 sed

104 3797 141 3855 ut
153 3793 260 3856 miuus
273 3793 439 3873 probabilis
455 3796 659 3861 communiter
673 3797 814 3862 babetur.

145 3886 215 3945 etr.
230 3918 271 3930 -
285 3885 387 3958 Quas.
403 3887 437 3946 10
451 3885 503 3946 Aa
516 3894 618 3968 peccet
632 3896 738 3949 contro
744 3887 901 3969 justitiam
915 3884 1171 3960 reumatarirom,
1187 3883 1244 3966 qui
1254 3892 1381 3946 venatur

103 3979 163 4033 aut
170 3972 310 4053 piscatur
325 3973 356 4033 r'n
370 3971 466 4053 fando
480 3975 622 4050 ulterius,
639 3975 748 4057 ubsque
760 3977 825 4059 ejus
841 3975 985 4040 licentia?

145 4059 236 4142 Hesp.
255 4065 286 4122 10
304 4059 394 4141 Nep,
415 4060 442 4122 si
461 4061 577 4126 fundus
595 4063 646 4126 ille
664 4063 705 4126 sit
724 4065 865 4145 pervium
886 4065 1010 4130 1111111111
1028 4064 1114 4128 euim
1126 4067 1284 4144 peccatum
1297 4079 1379 4126 oom-

104 4147 255 4223 mittitur,
275 4147 338 4210 nisi
359 4167 397 4210 er
414 4149 471 4211 hoo
486 4150 571 4214 uliud
589 4153 747 4216 damnum
760 4153 935 4234 proveniat,
956 4153 1048 4228 ratic,
1067 4152 1142 4233 quia
1159 4151 1229 4216 ferre
1249 4150 1383 4216 minime

103 4235 252 4302 babendae
267 4242 342 4300 sunt
355 4243 393 4300 ut
404 4233 523 4302 tructus
536 4239 637 4304 fundi.

144 4325 237 4408 Resp.
255 4331 287 4388 2⁰
301 4324 391 4406 Nep„
412 4325 542 4404 iterum,
559 4327 586 4390 si
605 4328 736 4406 fundus,
754 4331 849 4398 etiam
866 4331 1003 4406 clarum,
1023 4348 1054 4394 v.
1075 4347 1133 4410 gn,
1155 4329 1232 4394 silva
1251 4327 1381 4394 circum·

100 4413 176 4488 ‚data
190 4421 275 4494 septo
293 4416 348 4476 aut
365 4419 510 4494 stagnum
526 4417 619 4494 vallo,
643 4419 684 4484 sit
702 4420 789 4484 valde
809 4437 956 4500 magnus,
976 4419 1020 4482 ita
1037 4425 1074 4482 ut
1093 4417 1214 4498 singula
1232 4417 1380 4484 animalia

103 4501 191 4566 lacile
209 4506 383 4568 venatorem
403 4508 458 4567 aut
472 4505 653 4587 piscatorem
672 4509 774 4590 lugere
792 4509 928 4590 possint;
952 4515 1026 4571 tune
1044 4507 1128 4571 enim
1146 4509 1285 4576 nondum
1304 4513 1379 4575 suu
