3136 5034
598 521 908 605 TRAGTATUS

418 769 513 880 DE
551 766 1095 884 CONTRACTIBUS

158 1205 389 1288 scientiaque
405 1205 484 1268 circa
503 1211 677 1269 contractus
692 1212 842 1280 versatur,
859 1212 965 1268 nostra
977 1205 1148 1287 praesertim
1166 1213 1271 1283 aetate,
1288 1226 1389 1274 ueces-

119 1295 199 1359 saria
211 1293 554 1376 prorsusexistimanda
567 1302 623 1357 est.
636 1294 862 1358 Commercium
871 1293 956 1356 enim
967 1299 1033 1356 tem
1044 1295 1134 1375 longe
1142 1296 1262 1377 lateque
1274 1297 1389 1380 ubique

118 1391 273 1448 terrarum
293 1389 459 1457 exercetur,
481 1389 606 1446 tantum
627 1389 707 1446 artes
727 1382 889 1446 illiberales
911 1381 945 1445 in
968 1382 1034 1446 dies
1055 1383 1266 1464 perficiuntur,
1292 1393 1330 1449 ιιι
1351 1389 1389 1450 de

117 1477 329 1536 contractuum
353 1472 499 1554 aequitate
518 1471 552 1534 iu
575 1489 658 1534 sacro
678 1470 828 1535 tribunali
850 1489 928 1552 saepe
951 1471 1064 1552 saepius
1087 1471 1240 1536 sententia
1265 1473 1389 1538 ferenda

119 1561 170 1625 sit.
188 1564 304 1624 Verum
317 1560 368 1624 hic
381 1559 577 1642 potissimum
588 1567 713 1642 apparet
723 1559 883 1624 difficultas
896 1560 974 1640 leges
986 1558 1022 1621 in
1032 1559 1217 1624 conscientia
1224 1561 1389 1643 inscriptas

118 1668 190 1713 cum
208 1650 326 1730 legibus
347 1649 462 1712 Codicis
481 1648 580 1712 civilis
599 1647 789 1712 conciliandi.
811 1652 869 1710 Deo
887 1652 991 1710 tamen
1009 1666 1115 1729 opem,
1136 1655 1173 1711 ut
1189 1649 1386 1726 confidimus,

117 1745 296 1819 prestante,
311 1742 397 1800 tanta
408 1737 584 1800 incedemus
598 1738 728 1813 cautela,
745 1740 795 1811 ut,
812 1735 942 1800 ducibus
953 1736 1088 1800 melioris
1102 1741 1182 1801 notae
1196 1739 1386 1816 Ductoribus,

119 1846 216 1908 neque
257 1825 481 1907 intempestivae
520 1825 706 1902 severitatis,
745 1843 844 1906 neque
882 1823 990 1888 nimia
1027 1825 1227 1906 indulgentie
1270 1827 1389 1890 macula

117 1932 292 1979 muramur.

157 2003 316 2087 Apendum
332 2008 363 2067 1ο
378 2004 415 2067 de
426 2003 633 2066 contractibus
646 2001 681 2065 in
695 2019 817 2084 genere3
833 2037 874 2048 -·
883 2005 916 2065 2⁰
930 2002 967 2065 de
980 2001 1185 2066 contractibus
1199 2003 1233 2066 iu
1248 2005 1355 2086 specie.

569 2225 720 2312 Plus
752 2224 936 2310 Pulul
1047 2295 1050 2302 .

436 2395 489 2450 DE
506 2391 820 2451 convolemus
839 2393 881 2449 IN
902 2391 1065 2450 GENERE

156 2565 226 2624 vot.
241 2597 281 2606 —
294 2564 461 2624 Drrmnro.
480 2564 661 2624 Contractus
681 2566 729 2625 est
742 2560 922 2636 conventio,
942 2578 996 2641 per
1009 2579 1104 2642 quam
1118 2580 1202 2626 unus
1219 2568 1275 2626 aut
1287 2563 1390 2644 plures

115 2668 149 2712 se
162 2649 299 2751 obligant
310 2668 381 2730 erga
395 2668 496 2714 unum
510 2654 565 2713 aut
580 2651 683 2731 plures
696 2649 772 2712 alios
788 2650 826 2711 ad
845 2648 962 2731 aliquid
982 2649 1135 2725 dandum,
1151 2649 1325 2714 faciendvun
1343 2653 1389 2715 vel

114 2739 487 2890 omfiffirsrgurrgmws
506 2824 657 2907 precipue
677 2824 902 2904 distinguitur:
922 2831 954 2888 l⁰
979 2825 1195 2903 Unitateralir,
1217 2828 1265 2891 vel
1284 2827 1389 2890 bilate—
1414 2859 1419 2869 ·

115 2914 201 2976 ralis.
216 2915 302 2978 Prior
313 2915 362 2990 fit,
377 2932 449 2977 cum
463 2932 546 2976 unus
558 2914 612 2976 avit
626 2913 728 2993 plures
743 2931 774 2974 se
788 2912 925 2992 obligant
936 2929 1007 2992 erga
1020 2931 1121 2976 unum
1134 2923 1191 2979 aut
1201 2915 1304 2997 plures
1326 2936 1390 2980 non

112 3003 273 3083 obligatos,
290 3009 326 3065 ut
340 3003 374 3064 in
387 3006 544 3066 contractu
555 2999 697 3082 gratuitae
709 2999 932 3081 promissionis.
944 3000 1095 3064 Posterior
1107 3001 1250 3080 habetur,
1267 3006 1389 3086 quando
1481 3021 1484 3028 ·

115 3109 199 3154 unus
213 3098 268 3154 aut
284 3092 387 3171 plures
406 3109 437 3154 se
456 3088 592 3170 obligant
606 3107 677 3168 erga
695 3105 796 3151 unum
810 3095 866 3151 aut
879 3089 981 3169 plures
995 3087 1110 3169 pariter
1123 3090 1284 3172 obligatos,
1302 3099 1339 3156 ut
1355 3093 1388 3155 iu

115 3178 407 3260 permutationibus.
431 3181 611 3242 Contractus
629 3175 797 3240 bilateralis
820 3176 934 3240 dicitur
952 3175 1047 3240 etiam
1064 3177 1331 3260 spnoltapmattcos
1352 3200 1388 3243 ex

116 3267 219 3331 verbis
230 3268 334 3348 graecis
343 3274 404 3342 σύν,
421 3287 501 3346 eom,
518 3273 549 3329 et
563 3263 703 3341 ἁλλᾶσσω,
714 3272 867 3348 periano.

156 3360 190 3418 2⁰
210 3355 368 3420 Gratoilus
392 3375 446 3420 seu
471 3355 686 3437 beneficentio,
717 3354 765 3416 vel
791 3373 940 3416 onerosus.
972 3357 1153 3418 Contractus
1180 3355 1294 3419 dicitur
1317 3375 1389 3439 pra·

116 3446 226 3524 tuitus,
244 3445 270 3507 si
290 3445 361 3526 quis
375 3464 414 3508 ex
425 3443 677 3509 contrahentibus
693 3441 779 3505 alteri
795 3443 912 3525 aliquid
925 3441 1056 3516 tribuat,
1072 3443 1151 3506 nibil
1167 3444 1205 3506 ab
1218 3462 1252 3507 ec
1264 3463 1300 3506 er
1314 3443 1389 3506 obli-

115 3533 238 3612 gatione
257 3533 391 3614 exigens.
418 3532 564 3596 onerosus
588 3538 694 3595 autem
717 3529 842 3607 dicitur,
876 3532 902 3595 si
925 3531 1054 3612 quilibet
1078 3531 1325 3595 contrahentium
1351 3534 1389 3596 ad

114 3621 233 3704 aliquid
256 3622 343 3685 alteri
366 3622 577 3702 praestandum
599 3637 632 3683 se
651 3619 779 3700 obliget,
801 3624 836 3682 ut
859 3620 893 3682 in
914 3625 1072 3684 contractu
1096 3620 1296 3684 venditionis.
1319 3623 1390 3686 Haec

114 3709 226 3773 divisio
238 3709 272 3773 in
283 3711 502 3792 precedentem
515 3708 634 3774 recidit.
651 3712 832 3773 Contractus
849 3708 933 3772 enim
947 3707 1102 3789 gratuitus
1117 3718 1164 3773 est
1178 3708 1386 3782 unitateretis,

114 3805 148 3860 et
161 3818 303 3861 onerosis
316 3798 494 3861 dilaceratis.

156 3890 335 3951 Contractus
349 3906 419 3951 vero
435 3905 580 3951 onerosus
594 3886 710 3950 iterum
730 3885 940 3949 subdividitur
953 3885 988 3948 in
1005 3888 1250 3952 commutationem
1268 3893 1298 3950 et
1313 3887 1391 3950 aleo-

115 3979 238 4038 torium.
260 3979 316 4040 Est
334 3975 593 4051 commutatione,
614 3974 737 4038 siunus
756 3975 938 4038 contrahens
953 3975 1003 4037 det
1019 3993 1085 4038 rem
1099 3975 1134 4039 in
1150 3994 1213 4039 una
1232 3976 1343 4057 specie,
1360 3981 1390 4040 et

115 4063 193 4126 alter
204 4065 256 4127 det
267 4083 333 4128 rem
346 4063 581 4146 aequivalentem
595 4064 732 4145 ejmdem
748 4067 803 4126 aut
818 4062 945 4127 diversae
960 4063 1078 4144 speciei.
1096 4067 1151 4127 Est
1164 4064 1343 4140 aleatorius,
1362 4064 1386 4126 si

115 4171 199 4216 unus
214 4154 266 4216 det
280 4171 357 4230 rem,
374 4153 449 4216 alter
461 4171 532 4215 vero
546 4152 728 4215 contrahens
743 4153 794 4214 det
808 4170 870 4214 non
885 4169 960 4225 rem,
975 4153 1027 4214 sed
1041 4170 1125 4233 spem
1139 4152 1328 4233 probabilem
1342 4152 1387 4215 rei

113 4240 244 4323 alicujus
258 4240 475 4322 adipiscendae;
491 4259 560 4322 quae
574 4259 641 4321 spes
656 4258 727 4302 cum
741 4239 803 4303 falli
818 4240 924 4320 possit,
941 4239 1031 4304 elficit
1042 4248 1079 4303 ιιι
1093 4247 1266 4305 contractus
1279 4241 1387 4322 hujus·

112 4329 198 4392 modi
209 4330 282 4394 aleae
296 4328 534 4392 similitudinem
547 4347 610 4409 prae
627 4347 659 4391 se
673 4329 758 4391 ferat.

153 4421 186 4482 3⁰
202 4417 367 4495 Solemnis,
386 4417 433 4480 vel
449 4415 592 4500 sempter,
610 4423 702 4498 prout
714 4417 844 4499 requirit
859 4416 999 4498 speciales
1014 4417 1088 4499 legis
1104 4417 1321 4494 formalitates‚
1341 4418 1389 4481 vel

112 4504 366 4587 dispositionibus
380 4506 597 4570 communibus
607 4509 728 4570 unium
743 4504 917 4587 subjicitur.
