3206 5024
465 381 466 384 ,
502 338 545 383 DE
564 337 765 384 annonam
787 337 963 384 antinoon
1305 323 1372 386 Μ

111 407 212 514 eodem
223 451 269 514 vel
282 449 400 512 diverso
412 467 500 524 sexu,
515 466 588 513 curn
599 467 727 530 persona
740 453 916 531 conjugata,
933 454 988 514 etc.
997 485 1044 496 ·-
1055 449 1104 512 Ito
1116 453 1319 514 communiter.
1333 487 1373 501 -

107 541 152 604 S.·
165 541 233 623 Lip.
249 560 279 601 n.
293 543 363 602 417.
377 573 419 585 -
431 539 567 619 Lectica,
581 545 638 602 etc.

227 719 432 784 Resolves.

147 883 303 944 tlte-1⁰
316 879 410 960 Culpa
424 884 535 942 vacant
545 879 647 942 oscula
660 895 728 959 quat
746 884 860 942 matres
874 882 929 942 aut
943 879 1079 942 nutrices
1093 879 1266 942 infantibus
1278 879 1376 943 solent

107 966 239 1048 infigere.
264 968 408 1049 Idemque
431 967 540 1030 saltem
566 965 720 1029 ordinarie
743 965 837 1030 dicito
862 969 898 1031 de
925 966 1009 1044 aliis,
1039 967 1093 1050 qrri
1110 967 1245 1032 intentes
1263 972 1376 1033 tenera

106 1056 217 1132 atatis,
234 1056 330 1120 etiarn
344 1054 457 1119 diversi
471 1072 577 1130 saxna,
598 1056 713 1118 secluso
726 1074 820 1137 pravo
840 1056 948 1138 quovis
967 1056 1093 1133 affectu,
1107 1057 1332 1120 deosculantur.

144 1149 177 1208 2⁰
190 1150 259 1210 Non
276 1145 382 1207 statim
402 1145 550 1225 arguendi
571 1147 645 1206 sunt
666 1145 702 1209 de
719 1149 837 1226 peccato
855 1145 941 1224 gravi
956 1148 1085 1227 juvenes
1101 1146 1264 1227 utriusque
1284 1163 1376 1209 sexus

106 1233 158 1316 qui
177 1234 211 1296 in
233 1234 395 1297 nonnullis
412 1232 488 1315 jocis
511 1234 699 1296 decantaret
722 1233 789 1296 sine
808 1252 901 1313 prava
920 1233 1089 1296 intentione
1106 1235 1287 1298 seinvicem
1310 1253 1376 1297 am-

105 1322 276 1402 plexantur,
298 1323 442 1404 quamvis
455 1323 494 1384 ab
515 1322 666 1403 ejusmodi
688 1321 770 1384 ludis
791 1322 828 1383 ob
854 1321 1025 1402 periculum
1046 1322 1090 1384 eis
1113 1324 1269 1386 adnermm
1289 1341 1377 1388 aver-

105 1413 190 1474 tendi
203 1413 279 1475 sint.

145 1505 178 1564 3⁰
198 1500 358 1565 Sententia
380 1500 533 1576 Sonclzez,
552 1499 703 1562 Salmont.
727 1507 759 1564 et
781 1499 912 1562 aliorum
934 1499 1137 1564 asserentium
1157 1507 1277 1580 peccata
1294 1519 1377 1564 mor-

105 1589 178 1651 talia
191 1609 255 1653 non
269 1609 334 1652 esse
345 1589 427 1652 inter
437 1606 562 1670 sponsos
574 1589 675 1651 oscula
689 1595 720 1652 et
737 1593 835 1651 tactus
849 1587 989 1668 pudicos,
1006 1587 1076 1651 licet
1090 1587 1270 1651 intendatur
1283 1590 1377 1652 delec-

105 1677 178 1740 tatio
190 1678 340 1753 carnalia,
357 1683 388 1740 et
400 1677 481 1740 adsit
493 1676 569 1740 levis
584 1677 748 1740 commotio
764 1676 932 1757 spirituum
952 1675 1147 1756 genitalium,
1168 1677 1282 1739 secluso
1298 1676 1379 1756 peri-

103 1767 171 1829 culo
184 1766 376 1848 pollutionis,
391 1767 439 1828 vel
449 1783 614 1830 consensus
626 1767 661 1828 in
673 1766 821 1846 copulam,
836 1763 1010 1827 habeturut
1023 1764 1154 1845 practice
1167 1763 1378 1845 improbabilis

102 1873 121 1916 a
142 1858 179 1918 S.
196 1857 284 1937 Lip,
308 1855 363 1935 qui
384 1855 429 1916 ait
449 1855 536 1933 longe
552 1854 801 1935 probabiliorem,
816 1853 908 1915 etiam
927 1853 1125 1936 speculative,
1141 1859 1172 1915 et
1190 1851 1316 1915 omnino
1333 1871 1379 1915 se-

103 1946 265 2024 quendam
284 1962 349 2006 osse
370 1943 555 2005 sententiam
580 1943 756 2018 docentem,
782 1943 856 2004 tales
882 1946 965 2004 actus
986 1941 1156 2022 prohibitos
1176 1959 1240 2004 esse
1260 1940 1379 2022 sponsis

101 2033 212 2096 eodem
227 2034 393 2111 modoque
408 2035 552 2093 vetantur
563 2031 681 2094 solutis.
700 2030 789 2095 Ratio
801 2037 865 2104 est,
886 2030 960 2110 quia
972 2029 1075 2112 sponsi
1088 2031 1227 2093 nondum
1242 2033 1295 2111 jus
1310 2046 1380 2097 mu·

100 2126 197 2184 tuum
220 2121 337 2182 habent
351 2119 386 2181 in
400 2137 538 2199 corpora,
554 2138 653 2200 neque
674 2120 766 2184 etiam
783 2122 834 2200 jus
853 2118 969 2182 habent
992 2120 1030 2181 ad
1051 2119 1208 2200 copulam,
1228 2120 1266 2182 ad
1285 2134 1380 2199 quam

99 2211 202 2274 solam
216 2209 294 2270 tales
308 2213 394 2271 actus
406 2207 599 2271 ordinantur.
610 2243 652 2255 —
667 2208 703 2270 S.
715 2209 799 2291 Lip,
817 2208 837 2270 l.
854 2211 909 2284 Vl,
924 2229 955 2269 a.
972 2212 1042 2272 aad.

138 2305 175 2362 4⁰
189 2295 335 2360 Mortalia
349 2315 418 2360 vero
432 2295 539 2358 haberi
552 2296 613 2360 fere
627 2298 738 2360 dobant
755 2297 858 2360 oscula
873 2297 908 2359 in
928 2301 1029 2378 partes
1049 2296 1155 2359 minus
1171 2296 1300 2359 usitatas
1318 2313 1381 2358 cor-

93 2386 204 2467 11111,
229 2385 401 2465 presertim
419 2383 500 2446 inter
519 2403 662 2466 personas
683 2386 797 2449 diversi
821 2403 928 2460 sexus,
954 2405 984 2448 1.
1006 2405 1065 2467 gr,
1089 2385 1218 2466 pectori,
1240 2391 1310 2461 etc,
1333 2383 1382 2448 vel

94 2473 198 2538 etiam
210 2522 218 2548 ,
229 2472 265 2534 ‘si
286 2473 362 2536 fiant
384 2491 516 2548 morose,
535 2473 570 2535 in
589 2491 637 2549 os,
654 2474 761 2554 lingua
781 2474 952 2555 prasertim
970 2473 1158 2550 introducta3
1177 2473 1253 2536 item
1273 2473 1299 2536 si
1318 2472 1382 2536 sint

93 2563 271 2635 diuturna,
287 2561 428 2642 ropeuta,
445 2565 500 2624 etc.
517 2595 557 2608 -·—
568 2561 603 2626 S.
620 2563 690 2646 Ltp.
707 2584 737 2624 n.
750 2568 823 2627 417.

136 2653 215 2715 tto.
230 2686 271 2696 —
283 2655 315 2713 0ο
328 2654 395 2714 Non
409 2657 534 2730 peccant
549 2670 609 2733 per
624 2672 668 2728 se,
688 2653 743 2734 qui
761 2672 793 2716 se
811 2657 944 2734 tangunt
960 2654 1000 2716 ad
1015 2654 1230 2733 abstergendas
1248 2648 1381 2732 corporis

98 2741 218 2815 sordes,
237 2739 286 2803 vol
300 2740 338 2801 od
352 2738 509 2819 pruritum
519 2741 705 2817 sedandum,
721 2743 829 2804 autad
844 2742 1039 2805 infirmitates
1054 2743 1219 2817 curandam
1233 2739 1260 2802 si
1276 2747 1382 2802 tamen

98 2831 141 2893 sit
152 2827 326 2892 tolerabilis
337 2827 488 2908 pruritus,
505 2829 698 2892 suadendum
710 2834 766 2905 est,
783 2833 846 2893 uta
857 2831 988 2894 tactibus
998 2830 1181 2892 abstineant.
1193 2827 1277 2890 -S.
1294 2829 1379 2909 Liq„

95 2917 190 2980 Hom.
218 2924 338 2998 apost,
356 2936 391 2976 a.
420 2919 450 2979 3.
466 2951 507 2962 -
524 2915 557 2978 Si
580 2935 651 2979 vero
673 2924 773 2980 tactus
794 2919 909 2999 proprii
928 2918 1060 2999 corporis
1081 2918 1146 2980 sine
1170 2935 1260 2980 causa
1287 2917 1381 2991 fiant,

94 3007 222 3071 reniale
240 3023 303 3067 non
317 3004 475 3080 excedunt,
492 3005 624 3085 quando,
642 3005 756 3068 secluso
771 3006 881 3069 affectu
894 3025 1032 3082 venereo,
1042 3006 1140 3068 obiter
1154 3011 1289 3080 tantum,
1304 3009 1334 3068 et
1344 3023 1383 3067 ex

94 3182 267 3248 incentivi.
280 3217 322 3228 -
335 3181 372 3246 S.
388 3183 459 3263 Lt‘p.
476 3201 507 3244 c.
522 3185 594 3246 419.

137 3278 171 3337 6⁰
184 3275 305 3335 Tactus
324 3271 358 3333 in
376 3269 516 3334 verendis
535 3271 672 3352 ejusdem
692 3289 783 3334 sexus
802 3277 858 3334 aut
877 3271 1019 3354 partibus
1039 3273 1168 3349 ricinis,
1182 3273 1275 3336 etiam
1291 3287 1382 3352 super

96 3366 211 3438 vostea,
232 3358 390 3423 ordinarie
403 3377 465 3421 non
479 3363 663 3422 excusantur
681 3378 699 3420 a
714 3367 834 3441 peccato
847 3361 948 3441 gravi,
968 3360 1029 3424 nisi
1042 3361 1124 3446 torte
1144 3382 1183 3426 111
1195 3358 1380 3443 petulantia,

90 3455 173 3533 joco,
186 3448 331 3524 levitate,
347 3455 377 3511 et
390 3448 488 3511 obiter
502 3449 588 3511 fiant.
606 3483 646 3494 -
659 3447 696 3510 S.
711 3449 782 3531 Lip.
796 3469 827 3511 n.
843 3453 914 3514 410.
932 3451 1070 3513 —Idem
1086 3449 1147 3513 tere
1163 3450 1327 3512 dicendum
1345 3447 1382 3510 de

95 3540 243 3604 tactibus
256 3537 415 3617 reciprocis
426 3537 593 3600 mulierum
605 3535 640 3598 in
651 3537 814 3612 mamillas,
829 3538 923 3601 etiam
932 3544 1146 3619 supervestes:
1161 3538 1235 3620 quia
1246 3537 1283 3600 ob
1299 3553 1383 3617 sym-

95 3629 249 3711 pathiam
260 3627 374 3689 harum
385 3625 524 3707 partium
535 3643 607 3688 cum
622 3629 720 3701 tactu,
739 3627 824 3688 adest
838 3627 1016 3708 proximum
1030 3625 1236 3692 delectationis
1248 3641 1384 3688 venerea

95 3719 293 3800 periculum.

139 3813 174 3871 ’1ο
196 3808 228 3868 Α
251 3806 394 3886 fortiora,
418 3805 537 3867 excluso
561 3805 752 3868 necessitatis
769 3823 856 3881 casu,
884 3805 1024 3868 excusari
1044 3811 1202 3887 noqueunt
1227 3823 1244 3866 a
1266 3807 1386 3885 peccato

95 3896 233 3959 mortali
256 3899 357 3957 tactus
384 3894 418 3956 in
441 3893 582 3956 verendis
605 3893 719 3957 diversi
745 3912 853 3969 sexus,
881 3895 975 3957 etiam
1000 3895 1087 3958 brevi
1111 3901 1246 3974 tempore
1269 3890 1384 3969 habiti;

93 3986 224 4068 quippo
248 3983 303 4046 vix
323 3983 361 4046 ab
380 3983 439 4045 alia
455 3986 563 4064 praeter
579 3982 743 4046 libidinem
758 4001 849 4045 causa
866 3984 1026 4064 procedere
1043 3987 1175 4064 queunt,
1196 3987 1240 4058 et,
1261 3986 1386 4062 praeter-

95 4092 204 4156 quam
230 4072 313 4152 quod
341 4071 483 4134 maxime.
495 4070 669 4134 indecentes
695 4078 784 4146 sunt,
805 4071 984 4153 proximum
1005 4091 1059 4154 per
1078 4090 1109 4134 se
1131 4070 1309 4151 pollutionis
1331 4073 1387 4132 ant

96 4179 249 4228 venerea
269 4159 475 4223 delectationis
495 4158 667 4240 pericnlum
686 4166 800 4223 creant.
818 4197 858 4206 -
880 4161 916 4223 S.
937 4161 1008 4242 Lip.
1027 4181 1059 4221 n.
1085 4165 1155 4224 420.
1182 4157 1400 4242 Probcln'liter¹

97 4257 217 4314 tamen
232 4249 395 4330 arguendae
409 4267 472 4310 non
489 4254 565 4310 sunt
582 4248 619 4312 de
634 4253 753 4329 peccato
767 4250 853 4329 gravi
872 4249 990 4312 ancilla
1005 4267 1074 4329 qua
1093 4255 1228 4329 tangunt
1246 4245 1389 4330 pudenda

96 4338 299 4412 infantium,
314 4339 391 4400 dmn
403 4355 453 4400 eos
473 4335 626 4411 vestiunt,
645 4337 708 4400 nisi
728 4355 801 4401 cum
814 4357 900 4401 mora
917 4343 972 4400 aut
991 4336 1105 4400 carnali
1121 4338 1317 4401 delectatione
1330 4336 1388 4400 boc

93 4434 218 4510 agant.
231 4461 273 4473 -
286 4426 438 4501 Locroix,
451 4445 482 4486 a.
499 4428 570 4489 902.
586 4461 626 4470 -
642 4425 678 4488 S.
695 4425 778 4508 Lr'p,
795 4427 869 4488 ibid
955 4433 961 4445 “

86 4550 91 4558 -
139 4521 179 4582 8⁰
196 4516 325 4578 Veniale
339 4533 402 4578 non
413 4513 545 4590 excedit,
564 4533 623 4597 por
637 4533 667 4576 se
686 4513 851 4596 loquendo,
864 4519 986 4594 tangere
1000 4514 1109 4578 leviter
1122 4522 1153 4578 et
1171 4515 1285 4598 absque
1297 4531 1385 4578 mora

94 4606 242 4688 digitos,
258 4623 384 4680 manus,
400 4603 524 4669 vultum
542 4621 678 4685 personae
696 4602 810 4666 diversi
829 4621 934 4680 sexus,
952 4603 1067 4668 secluso
1087 4623 1180 4688 pravo
1199 4605 1274 4682 fine,
1289 4610 1382 4686 atquc
