3202 5020
203 225 272 286 170
732 237 942 284 rnncrnrns

235 358 338 425 Nihil,
352 357 405 413 hoc
417 359 463 414 eat
476 374 533 413 non
548 357 711 414 admittitur
725 358 826 432 petitio
838 359 939 430 utpote
952 359 1119 428 incongrua.

236 438 374 497 Relatum
389 437 434 494 vel
454 437 592 507 Lectum,
609 439 637 495 id
657 439 719 508 est,
734 453 800 496 cum
814 438 937 495 relatum
953 438 998 494 vel
1013 437 1121 494 lectum
1135 436 1222 494 tuerit
1242 436 1269 492 in
1287 438 1317 494 S.
1332 437 1361 494 0
1378 439 1484 510 postu-

200 517 309 586 latum,
325 534 381 574 non
396 518 451 574 luit
464 519 636 576 admissum.

236 599 292 666 Oui
311 598 390 654 modi
408 597 485 654 haud
499 598 701 656 contemnendi
718 599 800 667 sunt,
820 613 886 654 cum
901 597 1012 655 inducti
1028 598 1088 654 sint
1106 595 1142 652 ad
1162 596 1312 654 evitandas
1333 597 1481 668 longiores

199 678 351 734 verborum
365 677 649 750 circumlocutiones;
665 680 694 736 ot
707 678 842 751 quaelibet
861 679 982 736 scientia
997 679 1025 734 et
1039 693 1086 734 ars
1099 676 1202 734 habeat
1212 693 1296 748 suos,
1310 679 1352 734 uti
1365 679 1424 750 jam
1439 678 1479 736 ab
1582 719 1587 726 -

200 758 285 815 initio
299 759 473 816 monuimus.

241 883 310 941 tal.
327 913 366 922 -
378 880 479 953 Quen.
495 883 527 941 2⁰
541 878 625 955 Quid
639 878 676 940 de
688 881 783 942 sacris
793 878 999 941 tribunalibus
1009 881 1154 960 pretiosis
1164 886 1194 939 et
1207 877 1417 940 contentiosis?

241 965 329 1050 Hesp.
345 973 376 1030 1ο
387 986 395 1029 :
407 967 587 1030 'tribunalia
605 971 739 1049 pretiosa
758 966 820 1030 tria
840 975 1056 1042 numerantur,
1073 966 1187 1030 scilicet
1199 985 1205 1028 :
1218 968 1308 1029 Sacra
1320 966 1479 1030 Ponion-

201 1055 306 1131 tiaria,
322 1055 458 1131 baleria,
474 1063 505 1118 et
516 1056 701 1120 cancellaria
714 1062 862 1121 Romana.
1356 1059 1360 1068 '

242 1151 273 1207 1ο
296 1144 530 1206 Poenitentiorio
552 1152 599 1207 est
623 1144 759 1207 tribunal
781 1144 967 1208 institutum
988 1145 1026 1206 ad
1049 1144 1164 1224 gratias
1187 1145 1338 1224 quasdam
1357 1144 1392 1206 in
1412 1144 1482 1208 foro

200 1233 323 1296 interno
338 1233 535 1314 elargiendas.
552 1232 637 1296 Illius
653 1251 769 1297 munus
781 1239 828 1296 ast
841 1235 1000 1296 concedere
1013 1233 1171 1296 facultates
1186 1232 1363 1295 absolvendi
1377 1251 1395 1294 a
1407 1251 1484 1312 peo-

199 1321 277 1383 catis
298 1329 329 1384 et
347 1322 483 1384 censuris
503 1325 590 1402 Papae
603 1322 779 1396 reservatis,
797 1323 1037 1402 dispensationes
1050 1322 1085 1384 in
1098 1322 1177 1384 votis
1196 1327 1228 1384 et
1246 1321 1482 1400 irregularitati-

201 1409 275 1481 bus,
291 1428 409 1472 necnon
423 1411 590 1490 generatim
608 1410 642 1473 in
663 1410 894 1491 impedimentis
912 1410 1106 1474 matrimonii
1121 1409 1261 1485 occultis,
1281 1415 1316 1472 ut
1337 1429 1392 1472 suo
1412 1411 1480 1474 loco

200 1497 301 1561 fusius
316 1499 443 1561 dicetur.
463 1500 511 1562 nd
528 1499 629 1579 ipsam
649 1499 781 1580 pertinet
798 1499 889 1562 etiam
914 1500 1029 1562 solvere
1050 1497 1145 1562 dubia
1166 1499 1311 1580 practica,
1329 1517 1382 1561 seu
1399 1498 1479 1561 diri-

201 1604 285 1648 mere
299 1585 505 1664 difficultates,
520 1606 588 1670 quaa
601 1587 662 1669 ipsi
676 1592 898 1670 proponuntur.

242 1679 367 1738 Constat
382 1675 418 1738 S.
436 1677 670 1739 Paenitentioria
686 1696 722 1738 ex
737 1696 798 1739 uno
817 1677 1051 1740 Paenitentiario
1071 1677 1184 1755 mojori
1205 1677 1242 1740 de
1259 1675 1387 1756 Collegm
1405 1679 1481 1739 Gar-

200 1764 370 1839 dinalium,
387 1772 418 1828 ct
430 1765 672 1829 Poeoitentioriis
688 1767 852 1828 minoribus
868 1784 906 1829 ex
920 1765 1049 1829 diversis
1068 1765 1278 1845 Religionibus
1296 1765 1478 1845 assumptis

203 1855 287 1914 Hanc
305 1855 334 1916 S.
352 1855 622 1935 Gongragationem
639 1854 817 1918 reformavit
835 1855 913 1916 Pius
926 1854 948 1917 I
951 1854 983 1926 V,
1004 1873 1054 1917 an.
1072 1857 1166 1930 1561,
1183 1859 1213 1917 ct
1232 1852 1482 1916 reformationem

203 1940 239 2003 S.
255 1942 334 2002 Pius
354 1943 535 2024 Vexplcvit.

244 2030 416 2092 arbaim-ta
440 2032 483 2093 sic
505 2032 655 2112 appellata
676 2039 722 2095 est
742 2051 778 2094 ex
800 2034 879 2114 stylo
897 2032 931 2095 in
953 2031 1146 2095 cancellariis
1167 2041 1327 2108 consueto,
1345 2051 1378 2095 eo
1396 2034 1481 2112 quod

203 2119 321 2194 datam,
346 2137 400 2181 seu
421 2121 566 2200 epocham
592 2121 698 2200 gratie
722 2139 868 2184 concessae
892 2127 989 2184 notat.
1016 2125 1072 2182 Est
1094 2119 1324 2201 amplissimum
1343 2119 1483 2183 tribunal

206 2205 324 2268 ratione
337 2208 531 2287 negotiorum
546 2227 615 2290 quae
629 2210 668 2271 ad
683 2209 759 2272 illud
774 2209 959 2284 reseruntur,
976 2215 1007 2272 et
1021 2209 1191 2289 gratiarum
1207 2228 1276 2290 qna
1290 2209 1329 2272 ab
1342 2228 1376 2272 eo
1388 2209 1483 2289 prod-

205 2299 290 2356 eunt.
306 2297 474 2358 Procedunt
488 2297 573 2358 enim
593 2297 703 2360 exinde
721 2297 925 2360 Ecclesiamm
944 2297 1170 2360 Gethedralium
1190 2297 1370 2372 erectiones
1390 2296 1482 2360 unio-

205 2399 270 2454 nes
281 2382 456 2457 divisiones,
467 2385 706 2466 suppressiones,
719 2403 871 2448 novorum
885 2386 1121 2448 canonicatuum
1131 2387 1178 2449 vel
1193 2385 1382 2466 dignitatum
1398 2403 1483 2448 crea-
1597 2385 1598 2392 ’

206 2469 319 2545 tioneS,
335 2472 551 2535 beneficiorum
565 2481 791 2537 reservatorum
810 2474 997 2550 collationes,
1013 2480 1046 2537 et
1063 2474 1354 2556 impedimentorum
1371 2473 1482 2536 matri·

206 2559 304 2622 monii
318 2561 447 2640 publica
461 2561 710 2642 dispensationes.

247 2647 378 2710 [lotario
391 2650 591 2714 constituitur
605 2669 643 2714 ex
654 2650 800 2728 Detecto,
816 2653 869 2734 qui
888 2652 1092 2714 Pandatariae
1108 2659 1314 2732 nuncupatur,
1329 2650 1356 2712 si
1373 2651 1484 2714 Gardi-
1596 2677 1597 2694 ¹

205 2736 284 2798 nelis
299 2738 355 2812 sit,
370 2745 406 2800 ut
419 2739 480 2802 fere
494 2757 622 2820 semper,
641 2740 845 2818 Sabdatario,
860 2747 891 2804 et
902 2741 1043 2822 pluribus
1056 2741 1241 2804 subalternis
1255 2737 1444 2804 officialibus.

245 2829 277 2888 3⁰
286 2825 477 2890 Canceliaria
490 2827 572 2891 inter
584 2831 718 2910 praerosa
733 2821 899 2893 tribunalia
914 2830 1040 2892 omnino
1055 2829 1180 2892 eminet.
1189 2833 1245 2892 Est
1257 2827 1412 2892 Pontificis
1423 2829 1482 2892 tri-

202 2913 311 2989 bunal,
321 2935 374 2997 per
391 2918 472 2997 quod
486 2918 595 2980 ntterae
607 2919 785 2999 Apostolicae
800 2919 1014 2994 coniiciuntur,
1026 2919 1205 2982 scribuntur
1218 2925 1249 2980 et
1261 2917 1480 2998 expediuntur.
1595 2979 1596 2992 ,

201 3002 293 3081 Origo
314 3003 398 3066 illius
417 3004 507 3067 officii
526 3025 588 3068 non
607 3013 653 3069 est
670 3013 761 3069 corta.
775 3005 913 3069 Officium
929 3007 1006 3070 illud
1024 3006 1179 3088 primariae
1194 3006 1353 3086 dignitatis
1370 3013 1432 3082 cst,
1448 3011 1482 3068 et

203 3093 270 3172 ejus
286 3093 489 3156 cancellarius
508 3099 629 3158 ceteros
647 3096 726 3158 anlae
738 3099 884 3160 Romane
897 3095 1055 3158 ministros
1074 3095 1225 3176 precedit.
1242 3095 1347 3158 Plures
1366 3095 1424 3158 sub
1447 3113 1481 3158 se

200 3178 343 3243 officiales
353 3180 446 3244 habet
459 3201 592 3262 quorum
606 3184 702 3264 aliqui
716 3191 790 3246 sunt
801 3184 935 3246 Pes-lati
948 3185 1087 3265 majores.

244 3269 333 3352 Iiesp.
345 3274 377 3333 2⁰
388 3288 394 3329 :
406 3272 488 3333 Inter
500 3273 669 3335 tribunalia
682 3277 863 3335 contentioso
878 3273 1016 3354 primum
1029 3280 1112 3336 tenet
1125 3273 1227 3335 locum
1239 3273 1320 3333 Rota
1333 3273 1480 3351 Romana,

203 3359 241 3420 de
255 3376 315 3438 qua
327 3360 495 3422 admodum
508 3379 603 3441 parics
616 3361 794 3424 referemus.
810 3364 852 3424 De
868 3365 934 3443 ejus
952 3361 1068 3442 origine
1085 3369 1116 3424 et
1132 3360 1268 3423 nominis
1286 3361 1404 3424 ratione
1418 3379 1482 3423 non

204 3445 279 3508 satis
293 3453 422 3510 constat.
439 3451 494 3510 Est
508 3453 612 3512 sutem
625 3451 702 3512 Ilota
715 3451 853 3511 Romano
869 3451 1012 3514 tribunal
1025 3449 1229 3531 pontificium,
1245 3449 1432 3513 institutam
1444 3451 1485 3512 ad

201 3537 422 3614 cognoscendas
440 3543 471 3599 et
489 3538 669 3601 decidendas
690 3558 795 3602 causas
818 3540 1022 3602 contentiosas
1042 3557 1079 3601 ex
1101 3545 1165 3602 toto
1186 3539 1257 3601 orbe
1276 3538 1424 3601 catholico
1443 3537 1486 3600 ad

202 3622 321 3686 oudam
346 3623 500 3688 Pontificis
523 3627 650 3691 delatas,
672 3628 809 3704 ludices,
833 3647 870 3690 ex
893 3628 1007 3710 quibus
1029 3627 1229 3691 constituitur
1250 3627 1306 3689 hoc
1325 3625 1481 3702 tribunal,

204 3719 278 3774 sunt
292 3713 453 3776 duodecim
464 3733 503 3776 ex
515 3715 644 3778 dirersis
657 3715 796 3780 Ecclesia
808 3717 948 3798 partibus
962 3717 1125 3798 assmnpti.
1144 3718 1205 3778 Hos
1218 3715 1309 3789 inter,
1326 3721 1393 3778 octo
1406 3721 1485 3778 snut

202 3799 286 3874 Itali,
308 3801 368 3866 duo
390 3801 533 3883 Hispani,
553 3823 635 3866 unus
658 3805 777 3878 Gallus,
797 3809 827 3868 et
846 3806 923 3868 alter
945 3811 1125 3870 Germanus.
1142 3803 1191 3867 Sic
1209 3821 1245 3866 ex
1265 3803 1485 3866 constitutione

204 3887 281 3950 Sinti
295 3891 346 3953 lv.
364 3891 402 3954 Hi
424 3909 530 3954 omnes
545 3892 697 3954 auditores
716 3893 801 3955 Rotae
820 3895 964 3956 Romana
981 3894 1136 3968 dicuntur,
1153 3911 1188 3956 eo
1205 3893 1302 3972 quod,
1319 3895 1355 3954 ut
1374 3891 1481 3966 munt,
1592 3933 1593 3938 κ

202 3975 279 4126 olipa
301 3977 417 4084 inerint
439 3980 518 4042 meri
541 3997 703 4044 mensarum
727 3981 880 4046 auditores
903 3988 935 4044 et
957 3983 1115 4057 relatores,
1141 3998 1203 4044 non
1230 3987 1335 4044 numm
1360 3979 1485 4062 proprie

201 4082 371 4218 JUppgs—
383 4159 483 4234 ann.
500 4164 532 4224 3θ
547 4157 629 4235 Quid
642 4159 678 4221 de
691 4158 807 4239 Belle,
826 4159 975 4224 Brenibus
989 4170 1018 4222 et
1033 4159 1202 4242 descriptis
1211 4153 1399 4242 pontificiis?

244 4242 353 4325 Respa
366 4251 397 4308 1ο
411 4245 514 4312 Bulla
533 4251 607 4311 sunt
626 4249 767 4329 quadam
791 4253 1001 4314 Romanorum
1022 4247 1203 4314 Pontificum
1225 4246 1484 4322 constitutiones,
1591 4229 1592 4237 ἵ

204 4347 274 4410 quae
289 4333 437 4411 graviora,
455 4336 689 4416 utplurimum,
706 4337 826 4417 negotia
839 4338 1017 4419 respiciunt,
1033 4336 1110 4399 etin
1121 4335 1305 4400 cancellaria
1318 4333 1490 4417 apostolica

206 4420 395 4483 membranis
407 4423 558 4524 subfuscis
571 4430 602 4488 et
611 4425 820 4527 crassioribus,
835 4427 1004 4528 charactere
1016 4423 1237 4504 Longobardico
1251 4443 1305 4488 seu
1320 4424 1489 4524 Teutonicae
1590 4443 1591 4529 p

205 4512 345 4583 exaratae,
359 4512 572 4589 expediuntur.
586 4513 688 4578 Bulla
702 4516 848 4578 dicuntur
860 4533 879 4577 a
893 4515 1048 4595 s1grllovel
1059 4514 1202 4596 plumbeo
1214 4513 1262 4576 vel
1277 4531 1380 4588 aureo,
1393 4512 1489 4575 exbr-
