<?xml version="1.0" encoding="UTF-8"?>
<!DOCTYPE html PUBLIC "-//W3C//DTD XHTML 1.0 Transitional//EN"
    "http://www.w3.org/TR/xhtml1/DTD/xhtml1-transitional.dtd">
<html xmlns="http://www.w3.org/1999/xhtml" xml:lang="en" lang="en">
 <head>
  <title>
</title>
<meta http-equiv="Content-Type" content="text/html;charset=utf-8" />
  <meta name='ocr-system' content='tesseract 3.04.00' />
  <meta name='ocr-capabilities' content='ocr_page ocr_carea ocr_par ocr_line ocrx_word'/>
</head>
<body>
  <div class='ocr_page' id='page_1' title='image "./compendiumtheol02gurygoog_0370.png"; bbox 0 0 3206 5024; ppageno 0'>
   <div class='ocr_carea' id='block_1_1' title="bbox 525 220 1393 282">
    <p class='ocr_par' dir='ltr' id='par_1_1' title="bbox 525 220 1393 282">
     <span class='ocr_line' id='line_1_1' title="bbox 525 220 1393 282; baseline 0.012 -10"><span class='ocrx_word' id='word_1_1' title='bbox 525 227 568 272; x_wconf 80' lang='lat' dir='ltr'>ns</span> <span class='ocrx_word' id='word_1_2' title='bbox 587 227 786 274; x_wconf 81' lang='lat' dir='ltr'>nnnomms</span> <span class='ocrx_word' id='word_1_3' title='bbox 808 228 985 275; x_wconf 76' lang='lat' dir='ltr'>nocensne</span> <span class='ocrx_word' id='word_1_4' title='bbox 1325 220 1393 282; x_wconf 82' lang='lat'>353</span> 
     </span>
    </p>
   </div>
   <div class='ocr_carea' id='block_1_2' title="bbox 119 337 1395 1134">
    <p class='ocr_par' dir='ltr' id='par_1_2' title="bbox 119 337 1395 952">
     <span class='ocr_line' id='line_1_2' title="bbox 119 337 1394 421; baseline 0.002 -17"><span class='ocrx_word' id='word_1_5' title='bbox 119 359 169 404; x_wconf 89' lang='lat' dir='ltr'>cos</span> <span class='ocrx_word' id='word_1_6' title='bbox 184 341 222 404; x_wconf 88' lang='lat' dir='ltr'>de</span> <span class='ocrx_word' id='word_1_7' title='bbox 237 345 386 420; x_wconf 81' lang='lat' dir='ltr'>praecepto</span> <span class='ocrx_word' id='word_1_8' title='bbox 397 343 563 419; x_wconf 76' lang='lat' dir='ltr'><strong>supersunt</strong></span> <span class='ocrx_word' id='word_1_9' title='bbox 575 356 629 418; x_wconf 83' lang='lat' dir='ltr'>pro</span> <span class='ocrx_word' id='word_1_10' title='bbox 644 337 794 415; x_wconf 87' lang='lat' dir='ltr'>fidelihus,</span> <span class='ocrx_word' id='word_1_11' title='bbox 809 357 935 421; x_wconf 81' lang='lat' dir='ltr'>nempe:</span> <span class='ocrx_word' id='word_1_12' title='bbox 950 345 983 404; x_wconf 83' lang='grc' dir='ltr'>1ο</span> <span class='ocrx_word' id='word_1_13' title='bbox 998 341 1120 403; x_wconf 83' lang='lat' dir='ltr'>Festum</span> <span class='ocrx_word' id='word_1_14' title='bbox 1136 339 1319 404; x_wconf 81' lang='lat' dir='ltr'>Natiuitatis</span> <span class='ocrx_word' id='word_1_15' title='bbox 1335 343 1394 407; x_wconf 77' lang='lat' dir='ltr'>llo</span> 
     </span>
     <span class='ocr_line' id='line_1_3' title="bbox 119 424 1392 510; baseline 0.005 -19"><span class='ocrx_word' id='word_1_16' title='bbox 119 429 215 506; x_wconf 86' lang='lat' dir='ltr'>mini;</span> <span class='ocrx_word' id='word_1_17' title='bbox 230 433 263 492; x_wconf 70' lang='lat'>2⁰</span> <span class='ocrx_word' id='word_1_18' title='bbox 279 427 469 490; x_wconf 82' lang='lat' dir='ltr'>Ascensionis</span> <span class='ocrx_word' id='word_1_19' title='bbox 488 424 621 508; x_wconf 84' lang='lat' dir='ltr'>ejusdem</span> <span class='ocrx_word' id='word_1_20' title='bbox 626 445 640 504; x_wconf 92' lang='grc'><strong>,·</strong></span> <span class='ocrx_word' id='word_1_21' title='bbox 654 430 685 490; x_wconf 83' lang='lat'>3⁰</span> <span class='ocrx_word' id='word_1_22' title='bbox 699 427 925 510; x_wconf 82' lang='lat' dir='ltr'>Assumptionis</span> <span class='ocrx_word' id='word_1_23' title='bbox 942 428 982 490; x_wconf 92' lang='lat' dir='ltr'>B.</span> <span class='ocrx_word' id='word_1_24' title='bbox 997 427 1039 490; x_wconf 92' lang='lat' dir='ltr'>M.</span> <span class='ocrx_word' id='word_1_25' title='bbox 1062 429 1256 510; x_wconf 74' lang='lat' dir='ltr'>Virpinis,·t⁰</span> <span class='ocrx_word' id='word_1_26' title='bbox 1270 432 1392 497; x_wconf 76' lang='lat' dir='ltr'>Festum</span> 
     </span>
     <span class='ocr_line' id='line_1_4' title="bbox 121 515 1392 599; baseline 0.005 -19"><span class='ocrx_word' id='word_1_27' title='bbox 121 518 258 580; x_wconf 83' lang='lat' dir='ltr'>omnium</span> <span class='ocrx_word' id='word_1_28' title='bbox 273 516 466 579; x_wconf 81' lang='lat' dir='ltr'>Sanctornm.</span> <span class='ocrx_word' id='word_1_29' title='bbox 484 517 529 577; x_wconf 86' lang='lat' dir='ltr'>Ex</span> <span class='ocrx_word' id='word_1_30' title='bbox 543 515 647 578; x_wconf 91' lang='lat' dir='ltr'>eodem</span> <span class='ocrx_word' id='word_1_31' title='bbox 666 516 788 578; x_wconf 89' lang='lat' dir='ltr'>Indnlto</span> <span class='ocrx_word' id='word_1_32' title='bbox 806 517 845 579; x_wconf 82' lang='lat' dir='ltr'>ad</span> <span class='ocrx_word' id='word_1_33' title='bbox 865 517 1056 582; x_wconf 82' lang='lat' dir='ltr'>Dominiocm</span> <span class='ocrx_word' id='word_1_34' title='bbox 1076 518 1215 599; x_wconf 84' lang='lat' dir='ltr'><strong>proxime</strong></span> <span class='ocrx_word' id='word_1_35' title='bbox 1236 538 1392 586; x_wconf 84' lang='lat' dir='ltr'>occurren-</span> 
     </span>
     <span class='ocr_line' id='line_1_5' title="bbox 120 603 1395 692; baseline 0.002 -22"><span class='ocrx_word' id='word_1_36' title='bbox 120 613 187 670; x_wconf 84' lang='lat' dir='ltr'>tem</span> <span class='ocrx_word' id='word_1_37' title='bbox 215 604 422 669; x_wconf 81' lang='lat' dir='ltr'>transferendo</span> <span class='ocrx_word' id='word_1_38' title='bbox 447 609 521 666; x_wconf 84' lang='lat' dir='ltr'>sunt</span> <span class='ocrx_word' id='word_1_39' title='bbox 534 603 609 666; x_wconf 83' lang='lat' dir='ltr'>festu</span> <span class='ocrx_word' id='word_1_40' title='bbox 637 605 827 687; x_wconf 75' lang='lat' dir='ltr'>Epiphaniae</span> <span class='ocrx_word' id='word_1_41' title='bbox 849 604 993 685; x_wconf 84' lang='lat' dir='ltr'><em>Domini,</em></span> <span class='ocrx_word' id='word_1_42' title='bbox 1017 605 1225 670; x_wconf 82' lang='lat' dir='ltr'>Smrotissimi</span> <span class='ocrx_word' id='word_1_43' title='bbox 1247 607 1395 692; x_wconf 76' lang='lat' dir='ltr'><em>Corporis</em></span> 
     </span>
     <span class='ocr_line' id='line_1_6' title="bbox 123 691 1395 780; baseline 0.002 -21"><span class='ocrx_word' id='word_1_44' title='bbox 123 695 258 770; x_wconf 78' lang='lat' dir='ltr'>Christi,</span> <span class='ocrx_word' id='word_1_45' title='bbox 277 691 335 755; x_wconf 88' lang='lat' dir='ltr'>SS.</span> <span class='ocrx_word' id='word_1_46' title='bbox 352 691 564 769; x_wconf 74' lang='lat' dir='ltr'><em>Apostolorum</em></span> <span class='ocrx_word' id='word_1_47' title='bbox 588 691 678 755; x_wconf 80' lang='lat' dir='ltr'>Petri</span> <span class='ocrx_word' id='word_1_48' title='bbox 701 703 729 755; x_wconf 87' lang='lat' dir='ltr'>et</span> <span class='ocrx_word' id='word_1_49' title='bbox 751 693 861 768; x_wconf 83' lang='lat' dir='ltr'>Ponti,</span> <span class='ocrx_word' id='word_1_50' title='bbox 882 703 911 756; x_wconf 91' lang='lat' dir='ltr'>et</span> <span class='ocrx_word' id='word_1_51' title='bbox 929 693 987 758; x_wconf 85' lang='lat' dir='ltr'>SS.</span> <span class='ocrx_word' id='word_1_52' title='bbox 1008 694 1211 759; x_wconf 84' lang='lat' dir='ltr'>Patronoram</span> <span class='ocrx_word' id='word_1_53' title='bbox 1232 698 1395 780; x_wconf 81' lang='lat' dir='ltr'>cujuslibet</span> 
     </span>
     <span class='ocr_line' id='line_1_7' title="bbox 122 780 1394 865; baseline 0.005 -19"><span class='ocrx_word' id='word_1_54' title='bbox 122 784 255 847; x_wconf 77' lang='lat' dir='ltr'>dioecesis</span> <span class='ocrx_word' id='word_1_55' title='bbox 268 793 297 846; x_wconf 86' lang='lat' dir='ltr'>et</span> <span class='ocrx_word' id='word_1_56' title='bbox 306 784 459 865; x_wconf 69' lang='lat' dir='ltr'>parone.</span> <span class='ocrx_word' id='word_1_57' title='bbox 470 781 599 861; x_wconf 77' lang='lat' dir='ltr'>Reliqua</span> <span class='ocrx_word' id='word_1_58' title='bbox 611 780 701 856; x_wconf 80' lang='lat' dir='ltr'>fests,</span> <span class='ocrx_word' id='word_1_59' title='bbox 715 781 789 844; x_wconf 91' lang='lat' dir='ltr'>olim</span> <span class='ocrx_word' id='word_1_60' title='bbox 806 787 968 864; x_wconf 70' lang='lat' dir='ltr'>precepto,</span> <span class='ocrx_word' id='word_1_61' title='bbox 983 784 1173 848; x_wconf 85' lang='lat' dir='ltr'>celebrantur</span> <span class='ocrx_word' id='word_1_62' title='bbox 1186 803 1271 850; x_wconf 94' lang='lat' dir='ltr'>nunc</span> <span class='ocrx_word' id='word_1_63' title='bbox 1282 785 1394 852; x_wconf 90' lang='lat' dir='ltr'>iisdem</span> 
     </span>
     <span class='ocr_line' id='line_1_8' title="bbox 122 869 1091 952; baseline 0 -16"><span class='ocrx_word' id='word_1_64' title='bbox 122 891 158 936; x_wconf 86' lang='lat' dir='ltr'>ac</span> <span class='ocrx_word' id='word_1_65' title='bbox 171 879 261 936; x_wconf 86' lang='lat' dir='ltr'>antea</span> <span class='ocrx_word' id='word_1_66' title='bbox 274 871 392 946; x_wconf 72' lang='lat' dir='ltr'>diebus</span> <span class='ocrx_word' id='word_1_67' title='bbox 410 870 461 934; x_wconf 86' lang='lat' dir='ltr'>sed</span> <span class='ocrx_word' id='word_1_68' title='bbox 476 869 591 952; x_wconf 81' lang='lat' dir='ltr'>ubsque</span> <span class='ocrx_word' id='word_1_69' title='bbox 603 869 665 931; x_wconf 88' lang='lat' dir='ltr'>ulla</span> <span class='ocrx_word' id='word_1_70' title='bbox 676 888 731 950; x_wconf 85' lang='lat' dir='ltr'>pro</span> <span class='ocrx_word' id='word_1_71' title='bbox 745 869 886 934; x_wconf 84' lang='lat' dir='ltr'>fidelibus</span> <span class='ocrx_word' id='word_1_72' title='bbox 898 871 1091 952; x_wconf 72' lang='lat' dir='ltr'>obligatione.</span> 
     </span>
    </p>

    <p class='ocr_par' dir='ltr' id='par_1_3' title="bbox 122 956 1394 1134">
     <span class='ocr_line' id='line_1_9' title="bbox 161 956 1394 1045; baseline 0.006 -24"><span class='ocrx_word' id='word_1_73' title='bbox 161 960 208 1024; x_wconf 84' lang='lat' dir='ltr'>De</span> <span class='ocrx_word' id='word_1_74' title='bbox 220 960 372 1042; x_wconf 82' lang='lat' dir='ltr'>requisitis</span> <span class='ocrx_word' id='word_1_75' title='bbox 386 958 427 1020; x_wconf 83' lang='lat' dir='ltr'>ad</span> <span class='ocrx_word' id='word_1_76' title='bbox 443 957 508 1021; x_wconf 80' lang='lat' dir='ltr'>dies</span> <span class='ocrx_word' id='word_1_77' title='bbox 521 957 613 1038; x_wconf 70' lang='lat' dir='ltr'>festos</span> <span class='ocrx_word' id='word_1_78' title='bbox 629 956 780 1038; x_wconf 66' lang='lat' dir='ltr'>colendos,</span> <span class='ocrx_word' id='word_1_79' title='bbox 796 978 903 1041; x_wconf 83' lang='lat' dir='ltr'>nempe</span> <span class='ocrx_word' id='word_1_80' title='bbox 914 959 949 1022; x_wconf 83' lang='lat' dir='ltr'>de</span> <span class='ocrx_word' id='word_1_81' title='bbox 961 961 1113 1025; x_wconf 84' lang='lat' dir='ltr'>audienda</span> <span class='ocrx_word' id='word_1_82' title='bbox 1123 963 1231 1042; x_wconf 83' lang='lat' dir='ltr'>Missa,</span> <span class='ocrx_word' id='word_1_83' title='bbox 1241 974 1309 1045; x_wconf 81' lang='lat' dir='ltr'>etc,</span> <span class='ocrx_word' id='word_1_84' title='bbox 1327 966 1394 1029; x_wconf 86' lang='lat' dir='ltr'>ride</span> 
     </span>
     <span class='ocr_line' id='line_1_10' title="bbox 122 1045 1012 1134; baseline -0.002 -20"><span class='ocrx_word' id='word_1_85' title='bbox 122 1069 190 1134; x_wconf 83' lang='lat' dir='ltr'>quoe</span> <span class='ocrx_word' id='word_1_86' title='bbox 202 1067 297 1131; x_wconf 83' lang='lat' dir='ltr'>supro</span> <span class='ocrx_word' id='word_1_87' title='bbox 312 1047 460 1127; x_wconf 77' lang='lat' dir='ltr'>dirimas,</span> <span class='ocrx_word' id='word_1_88' title='bbox 476 1045 530 1108; x_wconf 84' lang='lat' dir='ltr'>nbi</span> <span class='ocrx_word' id='word_1_89' title='bbox 540 1045 577 1110; x_wconf 85' lang='lat' dir='ltr'>de</span> <span class='ocrx_word' id='word_1_90' title='bbox 590 1048 681 1110; x_wconf 88' lang='lat' dir='ltr'>tertio</span> <span class='ocrx_word' id='word_1_91' title='bbox 695 1045 839 1130; x_wconf 78' lang='lat' dir='ltr'>Decoiopi</span> <span class='ocrx_word' id='word_1_92' title='bbox 849 1058 1012 1132; x_wconf 76' lang='lat' dir='ltr'>precepto.</span> 
     </span>
    </p>
   </div>
   <div class='ocr_carea' id='block_1_3' title="bbox 245 1201 439 1280">
    <p class='ocr_par' dir='ltr' id='par_1_4' title="bbox 245 1201 439 1280">
     <span class='ocr_line' id='line_1_11' title="bbox 245 1201 439 1280; baseline -0.021 -12"><span class='ocrx_word' id='word_1_93' title='bbox 245 1201 439 1280; x_wconf 82' lang='lat' dir='ltr'>Quaesita.</span> 
     </span>
    </p>
   </div>
   <div class='ocr_carea' id='block_1_4' title="bbox 120 1346 1397 3200">
    <p class='ocr_par' dir='ltr' id='par_1_5' title="bbox 121 1346 1395 1610">
     <span class='ocr_line' id='line_1_12' title="bbox 162 1346 1393 1436; baseline 0.003 -21"><span class='ocrx_word' id='word_1_94' title='bbox 162 1355 234 1415; x_wconf 79' lang='grc'><strong>176.</strong></span> <span class='ocrx_word' id='word_1_95' title='bbox 243 1386 283 1396; x_wconf 92' lang='grc'>-</span> <span class='ocrx_word' id='word_1_96' title='bbox 297 1353 399 1426; x_wconf 74' lang='lat' dir='ltr'>Qum.</span> <span class='ocrx_word' id='word_1_97' title='bbox 414 1355 447 1412; x_wconf 86' lang='grc' dir='ltr'>1ο</span> <span class='ocrx_word' id='word_1_98' title='bbox 460 1346 581 1428; x_wconf 83' lang='lat' dir='ltr'><em>Utrum,</em></span> <span class='ocrx_word' id='word_1_99' title='bbox 591 1355 708 1430; x_wconf 78' lang='lat' dir='ltr'>prater</span> <span class='ocrx_word' id='word_1_100' title='bbox 718 1347 933 1429; x_wconf 77' lang='lat' dir='ltr'>otiipationem</span> <span class='ocrx_word' id='word_1_101' title='bbox 947 1347 1119 1414; x_wconf 81' lang='lat' dir='ltr'>abstinendi</span> <span class='ocrx_word' id='word_1_102' title='bbox 1129 1350 1167 1414; x_wconf 81' lang='lat' dir='ltr'>ab</span> <span class='ocrx_word' id='word_1_103' title='bbox 1182 1354 1320 1436; x_wconf 83' lang='lat' dir='ltr'>operibns</span> <span class='ocrx_word' id='word_1_104' title='bbox 1332 1376 1393 1420; x_wconf 87' lang='lat' dir='ltr'>ser-</span> 
     </span>
     <span class='ocr_line' id='line_1_13' title="bbox 124 1435 1395 1526; baseline 0.004 -23"><span class='ocrx_word' id='word_1_105' title='bbox 124 1439 235 1504; x_wconf 81' lang='lat' dir='ltr'>vilibus</span> <span class='ocrx_word' id='word_1_106' title='bbox 249 1458 362 1502; x_wconf 82' lang='lat' dir='ltr'>necnon</span> <span class='ocrx_word' id='word_1_107' title='bbox 375 1438 500 1501; x_wconf 86' lang='lat' dir='ltr'>Missam</span> <span class='ocrx_word' id='word_1_108' title='bbox 521 1435 683 1512; x_wconf 81' lang='lat' dir='ltr'>audiendi,</span> <span class='ocrx_word' id='word_1_109' title='bbox 700 1435 821 1498; x_wconf 81' lang='lat' dir='ltr'>sublata</span> <span class='ocrx_word' id='word_1_110' title='bbox 838 1437 937 1517; x_wconf 81' lang='lat' dir='ltr'>suerit</span> <span class='ocrx_word' id='word_1_111' title='bbox 955 1441 1046 1501; x_wconf 67' lang='lat' dir='ltr'>enam</span> <span class='ocrx_word' id='word_1_112' title='bbox 1062 1438 1233 1504; x_wconf 86' lang='lat' dir='ltr'>solemnitas</span> <span class='ocrx_word' id='word_1_113' title='bbox 1251 1442 1395 1526; x_wconf 81' lang='lat' dir='ltr'>litnrpica</span> 
     </span>
     <span class='ocr_line' id='line_1_14' title="bbox 121 1523 827 1610; baseline -0.007 -19"><span class='ocrx_word' id='word_1_114' title='bbox 121 1529 269 1610; x_wconf 80' lang='lat' dir='ltr'>festorum</span> <span class='ocrx_word' id='word_1_115' title='bbox 281 1546 511 1609; x_wconf 83' lang='lat' dir='ltr'>suppresseram</span> <span class='ocrx_word' id='word_1_116' title='bbox 522 1533 576 1587; x_wconf 84' lang='lat' dir='ltr'>ont</span> <span class='ocrx_word' id='word_1_117' title='bbox 589 1523 827 1588; x_wconf 80' lang='lat' dir='ltr'>translatorum?</span> 
     </span>
    </p>

    <p class='ocr_par' dir='ltr' id='par_1_6' title="bbox 123 1613 1397 1964">
     <span class='ocr_line' id='line_1_15' title="bbox 164 1613 1397 1698; baseline 0.003 -19"><span class='ocrx_word' id='word_1_118' title='bbox 164 1617 253 1698; x_wconf 83' lang='lat' dir='ltr'>Resp.</span> <span class='ocrx_word' id='word_1_119' title='bbox 269 1615 344 1697; x_wconf 79' lang='lat' dir='ltr'>Nep.</span> <span class='ocrx_word' id='word_1_120' title='bbox 361 1619 439 1679; x_wconf 83' lang='lat' dir='ltr'>Num</span> <span class='ocrx_word' id='word_1_121' title='bbox 453 1616 483 1676; x_wconf 86' lang='lat' dir='ltr'>S.</span> <span class='ocrx_word' id='word_1_122' title='bbox 501 1617 533 1678; x_wconf 85' lang='lat' dir='ltr'>C.</span> <span class='ocrx_word' id='word_1_123' title='bbox 550 1613 613 1679; x_wconf 89' lang='lat' dir='ltr'>Rit.</span> <span class='ocrx_word' id='word_1_124' title='bbox 629 1613 744 1694; x_wconf 83' lang='lat' dir='ltr'>pluries</span> <span class='ocrx_word' id='word_1_125' title='bbox 762 1613 937 1694; x_wconf 87' lang='lat' dir='ltr'>respondit:</span> <span class='ocrx_word' id='word_1_126' title='bbox 956 1614 1063 1690; x_wconf 79' lang='lat' dir='ltr'>anod</span> <span class='ocrx_word' id='word_1_127' title='bbox 1080 1615 1205 1679; x_wconf 82' lang='lat' dir='ltr'>ciorum</span> <span class='ocrx_word' id='word_1_128' title='bbox 1219 1627 1248 1680; x_wconf 88' lang='lat' dir='ltr'>et</span> <span class='ocrx_word' id='word_1_129' title='bbox 1261 1620 1397 1682; x_wconf 81' lang='lat' dir='ltr'>eeclesia-</span> 
     </span>
     <span class='ocr_line' id='line_1_16' title="bbox 123 1701 1397 1789; baseline 0.003 -21"><span class='ocrx_word' id='word_1_130' title='bbox 123 1707 213 1770; x_wconf 84' lang='lat' dir='ltr'>stieas</span> <span class='ocrx_word' id='word_1_131' title='bbox 224 1705 390 1784; x_wconf 73' lang='lat' dir='ltr'>functiones</span> <span class='ocrx_word' id='word_1_132' title='bbox 401 1703 639 1786; x_wconf 77' lang='lat' dir='ltr'>perapisolitos,</span> <span class='ocrx_word' id='word_1_133' title='bbox 656 1701 875 1765; x_wconf 87' lang='lat' dir='ltr'>nihilomnino</span> <span class='ocrx_word' id='word_1_134' title='bbox 896 1701 1108 1767; x_wconf 81' lang='lat' dir='ltr'>innovandum</span> <span class='ocrx_word' id='word_1_135' title='bbox 1124 1703 1252 1768; x_wconf 79' lang='lat' dir='ltr'>relative</span> <span class='ocrx_word' id='word_1_136' title='bbox 1264 1707 1307 1769; x_wconf 86' lang='lat' dir='ltr'>od</span> <span class='ocrx_word' id='word_1_137' title='bbox 1317 1709 1397 1789; x_wconf 81' lang='lat' dir='ltr'>serto</span> 
     </span>
     <span class='ocr_line' id='line_1_17' title="bbox 123 1789 1392 1876; baseline 0.006 -22"><span class='ocrx_word' id='word_1_138' title='bbox 123 1797 157 1856; x_wconf 86' lang='lat' dir='ltr'>in</span> <span class='ocrx_word' id='word_1_139' title='bbox 172 1794 281 1876; x_wconf 80' lang='lat' dir='ltr'>quibas</span> <span class='ocrx_word' id='word_1_140' title='bbox 289 1791 422 1876; x_wconf 80' lang='lat' dir='ltr'>populos</span> <span class='ocrx_word' id='word_1_141' title='bbox 435 1790 548 1853; x_wconf 83' lang='lat' dir='ltr'>solutus</span> <span class='ocrx_word' id='word_1_142' title='bbox 562 1800 605 1853; x_wconf 85' lang='lat' dir='ltr'>est</span> <span class='ocrx_word' id='word_1_143' title='bbox 618 1810 636 1852; x_wconf 92' lang='lat' dir='ltr'>a</span> <span class='ocrx_word' id='word_1_144' title='bbox 647 1798 800 1872; x_wconf 75' lang='lat' dir='ltr'>precepto</span> <span class='ocrx_word' id='word_1_145' title='bbox 815 1789 958 1852; x_wconf 83' lang='lat' dir='ltr'>audiendi</span> <span class='ocrx_word' id='word_1_146' title='bbox 973 1791 1115 1856; x_wconf 80' lang='lat' dir='ltr'>Sacrum.</span> <span class='ocrx_word' id='word_1_147' title='bbox 1133 1798 1172 1859; x_wconf 97' lang='grc'><strong>18</strong></span> <span class='ocrx_word' id='word_1_148' title='bbox 1185 1795 1288 1859; x_wconf 85' lang='lat' dir='ltr'>Octob.</span> <span class='ocrx_word' id='word_1_149' title='bbox 1303 1801 1392 1872; x_wconf 90' lang='grc'><strong>1818,</strong></span> 
     </span>
     <span class='ocr_line' id='line_1_18' title="bbox 124 1878 793 1964; baseline -0.007 -19"><span class='ocrx_word' id='word_1_150' title='bbox 124 1883 160 1945; x_wconf 92' lang='lat' dir='ltr'>in</span> <span class='ocrx_word' id='word_1_151' title='bbox 173 1884 320 1964; x_wconf 80' lang='lat' dir='ltr'>Alisone,</span> <span class='ocrx_word' id='word_1_152' title='bbox 335 1880 370 1943; x_wconf 96' lang='lat' dir='ltr'>in</span> <span class='ocrx_word' id='word_1_153' title='bbox 383 1878 552 1962; x_wconf 81' lang='lat' dir='ltr'>Aquilone,</span> <span class='ocrx_word' id='word_1_154' title='bbox 567 1878 602 1941; x_wconf 93' lang='lat' dir='ltr'>in</span> <span class='ocrx_word' id='word_1_155' title='bbox 618 1879 793 1942; x_wconf 79' lang='lat' dir='ltr'>Tarentino.</span> 
     </span>
    </p>

    <p class='ocr_par' dir='ltr' id='par_1_7' title="bbox 164 1966 1071 2050">
     <span class='ocr_line' id='line_1_19' title="bbox 164 1966 1071 2050; baseline -0.004 -14"><span class='ocrx_word' id='word_1_156' title='bbox 164 1973 267 2048; x_wconf 73' lang='lat' dir='ltr'>Qum.</span> <span class='ocrx_word' id='word_1_157' title='bbox 280 1975 314 2034; x_wconf 72' lang='lat'>2⁰</span> <span class='ocrx_word' id='word_1_158' title='bbox 331 1968 440 2032; x_wconf 83' lang='lat' dir='ltr'>Utrum</span> <span class='ocrx_word' id='word_1_159' title='bbox 455 1968 559 2030; x_wconf 85' lang='lat' dir='ltr'>eadem</span> <span class='ocrx_word' id='word_1_160' title='bbox 570 1966 681 2030; x_wconf 71' lang='lat' dir='ltr'>aeonio</span> <span class='ocrx_word' id='word_1_161' title='bbox 692 1967 874 2050; x_wconf 83' lang='lat' dir='ltr'>applicanda</span> <span class='ocrx_word' id='word_1_162' title='bbox 887 1971 927 2030; x_wconf 87' lang='lat' dir='ltr'>sit</span> <span class='ocrx_word' id='word_1_163' title='bbox 943 1967 1071 2032; x_wconf 80' lang='lat' dir='ltr'>Gotttoer</span> 
     </span>
    </p>

    <p class='ocr_par' dir='ltr' id='par_1_8' title="bbox 120 2055 1397 2494">
     <span class='ocr_line' id='line_1_20' title="bbox 164 2055 1395 2142; baseline 0.002 -20"><span class='ocrx_word' id='word_1_164' title='bbox 164 2061 254 2142; x_wconf 84' lang='lat' dir='ltr'>Resp.</span> <span class='ocrx_word' id='word_1_165' title='bbox 273 2058 402 2140; x_wconf 79' lang='lat' dir='ltr'>Affirm.</span> <span class='ocrx_word' id='word_1_166' title='bbox 421 2055 545 2119; x_wconf 84' lang='lat' dir='ltr'>Etenim</span> <span class='ocrx_word' id='word_1_167' title='bbox 568 2056 647 2118; x_wconf 86' lang='lat' dir='ltr'>claro</span> <span class='ocrx_word' id='word_1_168' title='bbox 670 2062 744 2120; x_wconf 91' lang='lat' dir='ltr'>sunt</span> <span class='ocrx_word' id='word_1_169' title='bbox 768 2056 832 2120; x_wconf 80' lang='lat' dir='ltr'>haec</span> <span class='ocrx_word' id='word_1_170' title='bbox 859 2058 951 2120; x_wconf 79' lang='lat' dir='ltr'>verbe</span> <span class='ocrx_word' id='word_1_171' title='bbox 976 2057 1145 2122; x_wconf 79' lang='lat' dir='ltr'>cardinalis</span> <span class='ocrx_word' id='word_1_172' title='bbox 1172 2060 1297 2142; x_wconf 77' lang='lat' dir='ltr'>Legati:</span> <span class='ocrx_word' id='word_1_173' title='bbox 1313 2061 1395 2125; x_wconf 74' lang='lat' dir='ltr'>liam</span> 
     </span>
     <span class='ocr_line' id='line_1_21' title="bbox 122 2144 1393 2234; baseline 0.003 -25"><span class='ocrx_word' id='word_1_174' title='bbox 122 2161 223 2211; x_wconf 82' lang='lat' dir='ltr'>tamen</span> <span class='ocrx_word' id='word_1_175' title='bbox 236 2149 327 2228; x_wconf 80' lang='lat' dir='ltr'>iepem</span> <span class='ocrx_word' id='word_1_176' title='bbox 341 2145 491 2227; x_wconf 76' lang='lat' dir='ltr'>adjemam</span> <span class='ocrx_word' id='word_1_177' title='bbox 505 2163 563 2208; x_wconf 86' lang='lat' dir='ltr'>esse</span> <span class='ocrx_word' id='word_1_178' title='bbox 577 2144 673 2207; x_wconf 84' lang='lat' dir='ltr'>voluit</span> <span class='ocrx_word' id='word_1_179' title='bbox 685 2144 778 2225; x_wconf 84' lang='lat' dir='ltr'>(Pius</span> <span class='ocrx_word' id='word_1_180' title='bbox 799 2145 882 2228; x_wconf 84' lang='lat' dir='ltr'><em>VII),</em></span> <span class='ocrx_word' id='word_1_181' title='bbox 892 2156 926 2208; x_wconf 83' lang='lat' dir='ltr'>nt</span> <span class='ocrx_word' id='word_1_182' title='bbox 940 2147 973 2209; x_wconf 86' lang='lat' dir='ltr'>in</span> <span class='ocrx_word' id='word_1_183' title='bbox 987 2146 1090 2210; x_wconf 85' lang='lat' dir='ltr'>diebos</span> <span class='ocrx_word' id='word_1_184' title='bbox 1103 2149 1198 2230; x_wconf 80' lang='lat' dir='ltr'>sestis,</span> <span class='ocrx_word' id='word_1_185' title='bbox 1210 2149 1393 2234; x_wconf 68' lang='lat' dir='ltr'>otpiiiisqae,</span> 
     </span>
     <span class='ocr_line' id='line_1_22' title="bbox 120 2233 1397 2320; baseline 0.002 -21"><span class='ocrx_word' id='word_1_186' title='bbox 120 2257 189 2320; x_wconf 69' lang='lat' dir='ltr'>quse</span> <span class='ocrx_word' id='word_1_187' title='bbox 205 2253 369 2318; x_wconf 76' lang='lat' dir='ltr'>suppresse</span> <span class='ocrx_word' id='word_1_188' title='bbox 383 2233 590 2314; x_wconf 81' lang='lat' dir='ltr'>decernantnr,</span> <span class='ocrx_word' id='word_1_189' title='bbox 607 2234 641 2296; x_wconf 84' lang='grc' dir='ltr'>ιἰι</span> <span class='ocrx_word' id='word_1_190' title='bbox 659 2233 797 2296; x_wconf 84' lang='lat' dir='ltr'>omnibns</span> <span class='ocrx_word' id='word_1_191' title='bbox 813 2235 959 2297; x_wconf 84' lang='lat' dir='ltr'>Ecclesiis</span> <span class='ocrx_word' id='word_1_192' title='bbox 977 2235 1057 2299; x_wconf 78' lang='lat' dir='ltr'>ninii</span> <span class='ocrx_word' id='word_1_193' title='bbox 1076 2235 1114 2299; x_wconf 84' lang='lat' dir='ltr'>de</span> <span class='ocrx_word' id='word_1_194' title='bbox 1132 2247 1268 2302; x_wconf 82' lang='lat' dir='ltr'>consueto</span> <span class='ocrx_word' id='word_1_195' title='bbox 1282 2239 1397 2302; x_wconf 87' lang='lat' dir='ltr'>divino-</span> 
     </span>
     <span class='ocr_line' id='line_1_23' title="bbox 120 2324 1396 2408; baseline 0.004 -21"><span class='ocrx_word' id='word_1_196' title='bbox 120 2345 192 2387; x_wconf 80' lang='lat' dir='ltr'>rum</span> <span class='ocrx_word' id='word_1_197' title='bbox 205 2324 375 2406; x_wconf 81' lang='lat' dir='ltr'>officiorum</span> <span class='ocrx_word' id='word_1_198' title='bbox 390 2341 605 2405; x_wconf 82' lang='lat' dir='ltr'>sacrarumque</span> <span class='ocrx_word' id='word_1_199' title='bbox 620 2326 867 2386; x_wconf 79' lang='lat' dir='ltr'>coeremoniarum</span> <span class='ocrx_word' id='word_1_200' title='bbox 892 2324 997 2387; x_wconf 87' lang='lat' dir='ltr'>ordine</span> <span class='ocrx_word' id='word_1_201' title='bbox 1018 2345 1054 2388; x_wconf 89' lang='lat' dir='ltr'>ae</span> <span class='ocrx_word' id='word_1_202' title='bbox 1072 2325 1137 2387; x_wconf 84' lang='lat' dir='ltr'>ritu</span> <span class='ocrx_word' id='word_1_203' title='bbox 1156 2328 1325 2408; x_wconf 82' lang='lat' dir='ltr'>innovetur,</span> <span class='ocrx_word' id='word_1_204' title='bbox 1344 2331 1396 2392; x_wconf 82' lang='lat' dir='ltr'>sed</span> 
     </span>
     <span class='ocr_line' id='line_1_24' title="bbox 121 2411 1220 2494; baseline 0.004 -20"><span class='ocrx_word' id='word_1_205' title='bbox 121 2413 227 2474; x_wconf 87' lang='lat' dir='ltr'>omnia</span> <span class='ocrx_word' id='word_1_206' title='bbox 241 2432 277 2476; x_wconf 91' lang='lat' dir='ltr'>ea</span> <span class='ocrx_word' id='word_1_207' title='bbox 288 2431 412 2494; x_wconf 84' lang='lat' dir='ltr'>prorsas</span> <span class='ocrx_word' id='word_1_208' title='bbox 426 2414 756 2494; x_wconf 78' lang='lat' dir='ltr'>rationeperopontur,</span> <span class='ocrx_word' id='word_1_209' title='bbox 772 2431 834 2494; x_wconf 84' lang='lat' dir='ltr'>qua</span> <span class='ocrx_word' id='word_1_210' title='bbox 848 2411 988 2475; x_wconf 77' lang='lat' dir='ltr'>hactenns</span> <span class='ocrx_word' id='word_1_211' title='bbox 999 2425 1220 2478; x_wconf 80' lang='lat' dir='ltr'>consueverant.</span> 
     </span>
    </p>

    <p class='ocr_par' dir='ltr' id='par_1_9' title="bbox 121 2499 1396 2756">
     <span class='ocr_line' id='line_1_25' title="bbox 164 2499 1395 2584; baseline 0.003 -20"><span class='ocrx_word' id='word_1_212' title='bbox 164 2503 267 2578; x_wconf 71' lang='lat' dir='ltr'>Quane.</span> <span class='ocrx_word' id='word_1_213' title='bbox 284 2506 318 2566; x_wconf 89' lang='lat'>3⁰</span> <span class='ocrx_word' id='word_1_214' title='bbox 335 2499 443 2562; x_wconf 83' lang='lat' dir='ltr'>Utrum</span> <span class='ocrx_word' id='word_1_215' title='bbox 456 2499 532 2562; x_wconf 72' lang='lat' dir='ltr'>etiem</span> <span class='ocrx_word' id='word_1_216' title='bbox 548 2499 702 2562; x_wconf 85' lang='lat' dir='ltr'>dicendam</span> <span class='ocrx_word' id='word_1_217' title='bbox 717 2503 759 2562; x_wconf 88' lang='lat' dir='ltr'>sit</span> <span class='ocrx_word' id='word_1_218' title='bbox 772 2500 807 2562; x_wconf 87' lang='lat' dir='ltr'>de</span> <span class='ocrx_word' id='word_1_219' title='bbox 821 2501 907 2582; x_wconf 83' lang='lat' dir='ltr'>sestis</span> <span class='ocrx_word' id='word_1_220' title='bbox 918 2521 1045 2584; x_wconf 85' lang='lat' dir='ltr'>quornm</span> <span class='ocrx_word' id='word_1_221' title='bbox 1057 2501 1227 2567; x_wconf 85' lang='lat' dir='ltr'>solemnitas</span> <span class='ocrx_word' id='word_1_222' title='bbox 1236 2504 1278 2567; x_wconf 85' lang='lat' dir='ltr'>ad</span> <span class='ocrx_word' id='word_1_223' title='bbox 1289 2506 1395 2570; x_wconf 85' lang='lat' dir='ltr'>Domi-</span> 
     </span>
     <span class='ocr_line' id='line_1_26' title="bbox 121 2587 1396 2676; baseline 0.005 -24"><span class='ocrx_word' id='word_1_224' title='bbox 121 2593 222 2652; x_wconf 87' lang='lat' dir='ltr'>nicam</span> <span class='ocrx_word' id='word_1_225' title='bbox 232 2591 376 2672; x_wconf 73' lang='lat' dir='ltr'>proxime</span> <span class='ocrx_word' id='word_1_226' title='bbox 387 2597 550 2670; x_wconf 77' lang='lat' dir='ltr'>sequentem</span> <span class='ocrx_word' id='word_1_227' title='bbox 566 2589 715 2652; x_wconf 88' lang='lat' dir='ltr'>translata</span> <span class='ocrx_word' id='word_1_228' title='bbox 726 2587 799 2670; x_wconf 77' lang='lat' dir='ltr'>fait,</span> <span class='ocrx_word' id='word_1_229' title='bbox 814 2611 842 2653; x_wconf 88' lang='lat' dir='ltr'>o.</span> <span class='ocrx_word' id='word_1_230' title='bbox 853 2610 916 2672; x_wconf 76' lang='lat' dir='ltr'>pm,</span> <span class='ocrx_word' id='word_1_231' title='bbox 927 2591 1127 2673; x_wconf 73' lang='lat' dir='ltr'>Epiphaniae,</span> <span class='ocrx_word' id='word_1_232' title='bbox 1145 2591 1289 2676; x_wconf 72' lang='lat' dir='ltr'>Corporis</span> <span class='ocrx_word' id='word_1_233' title='bbox 1305 2595 1396 2659; x_wconf 80' lang='lat' dir='ltr'>ctri-</span> 
     </span>
     <span class='ocr_line' id='line_1_27' title="bbox 121 2680 266 2756; baseline 0.007 -16"><span class='ocrx_word' id='word_1_234' title='bbox 121 2680 177 2756; x_wconf 84' lang='lat' dir='ltr'>sti,</span> <span class='ocrx_word' id='word_1_235' title='bbox 194 2681 266 2741; x_wconf 75' lang='lat' dir='ltr'>etc?</span> 
     </span>
    </p>

    <p class='ocr_par' dir='ltr' id='par_1_10' title="bbox 120 2767 1395 3200">
     <span class='ocr_line' id='line_1_28' title="bbox 163 2767 1394 2856; baseline 0.007 -28"><span class='ocrx_word' id='word_1_236' title='bbox 163 2767 252 2850; x_wconf 82' lang='lat' dir='ltr'>Resp.</span> <span class='ocrx_word' id='word_1_237' title='bbox 271 2767 396 2849; x_wconf 65' lang='lat' dir='ltr'>Aspim.</span> <span class='ocrx_word' id='word_1_238' title='bbox 410 2772 488 2833; x_wconf 85' lang='lat' dir='ltr'>Nam</span> <span class='ocrx_word' id='word_1_239' title='bbox 502 2768 532 2830; x_wconf 87' lang='lat' dir='ltr'>S.</span> <span class='ocrx_word' id='word_1_240' title='bbox 546 2769 580 2830; x_wconf 83' lang='lat' dir='ltr'>C.</span> <span class='ocrx_word' id='word_1_241' title='bbox 595 2767 727 2832; x_wconf 86' lang='lat' dir='ltr'>Rituum</span> <span class='ocrx_word' id='word_1_242' title='bbox 749 2768 787 2829; x_wconf 86' lang='lat' dir='ltr'>ad</span> <span class='ocrx_word' id='word_1_243' title='bbox 804 2767 1025 2847; x_wconf 75' lang='lat' dir='ltr'>questionem:</span> <span class='ocrx_word' id='word_1_244' title='bbox 1041 2770 1105 2845; x_wconf 84' lang='lat' dir='ltr'>An,</span> <span class='ocrx_word' id='word_1_245' title='bbox 1121 2772 1252 2852; x_wconf 81' lang='lat' dir='ltr'>infestis</span> <span class='ocrx_word' id='word_1_246' title='bbox 1267 2794 1394 2856; x_wconf 82' lang='lat' dir='ltr'>quoram</span> 
     </span>
     <span class='ocr_line' id='line_1_29' title="bbox 120 2856 1395 2945; baseline 0.006 -29"><span class='ocrx_word' id='word_1_247' title='bbox 120 2856 291 2920; x_wconf 74' lang='lat' dir='ltr'>solemnitas</span> <span class='ocrx_word' id='word_1_248' title='bbox 304 2856 446 2938; x_wconf 73' lang='lat' dir='ltr'>deffertur</span> <span class='ocrx_word' id='word_1_249' title='bbox 462 2857 493 2917; x_wconf 88' lang='lat' dir='ltr'>in</span> <span class='ocrx_word' id='word_1_250' title='bbox 508 2864 708 2918; x_wconf 80' lang='lat' dir='ltr'>occurrentem</span> <span class='ocrx_word' id='word_1_251' title='bbox 723 2859 895 2938; x_wconf 78' lang='lat' dir='ltr'>proximam</span> <span class='ocrx_word' id='word_1_252' title='bbox 914 2856 1120 2937; x_wconf 86' lang='lat' dir='ltr'>Dominicom,</span> <span class='ocrx_word' id='word_1_253' title='bbox 1139 2859 1281 2941; x_wconf 77' lang='lat' dir='ltr'>Officium</span> <span class='ocrx_word' id='word_1_254' title='bbox 1288 2864 1395 2945; x_wconf 82' lang='lat' dir='ltr'>pubii-</span> 
     </span>
     <span class='ocr_line' id='line_1_30' title="bbox 120 2943 1393 3026; baseline 0.005 -19"><span class='ocrx_word' id='word_1_255' title='bbox 120 2964 188 3007; x_wconf 85' lang='lat' dir='ltr'>cum</span> <span class='ocrx_word' id='word_1_256' title='bbox 203 2955 267 3008; x_wconf 88' lang='lat' dir='ltr'>tom</span> <span class='ocrx_word' id='word_1_257' title='bbox 281 2948 464 3006; x_wconf 84' lang='lat' dir='ltr'>matutinam</span> <span class='ocrx_word' id='word_1_258' title='bbox 476 2963 563 3026; x_wconf 85' lang='lat' dir='ltr'>qaam</span> <span class='ocrx_word' id='word_1_259' title='bbox 577 2947 777 3026; x_wconf 82' lang='lat' dir='ltr'>vespertinum</span> <span class='ocrx_word' id='word_1_260' title='bbox 790 2943 992 3024; x_wconf 81' lang='lat' dir='ltr'>perapendnm</span> <span class='ocrx_word' id='word_1_261' title='bbox 1010 2949 1051 3007; x_wconf 85' lang='lat' dir='ltr'>sit</span> <span class='ocrx_word' id='word_1_262' title='bbox 1069 2949 1147 3010; x_wconf 74' lang='lat' dir='ltr'>sitast</span> <span class='ocrx_word' id='word_1_263' title='bbox 1159 2959 1228 3013; x_wconf 85' lang='lat' dir='ltr'>ante</span> <span class='ocrx_word' id='word_1_264' title='bbox 1240 2951 1393 3014; x_wconf 82' lang='lat' dir='ltr'>redactio-</span> 
     </span>
     <span class='ocr_line' id='line_1_31' title="bbox 120 3031 1393 3115; baseline 0.009 -21"><span class='ocrx_word' id='word_1_265' title='bbox 120 3032 209 3096; x_wconf 83' lang='lat' dir='ltr'>nem?</span> <span class='ocrx_word' id='word_1_266' title='bbox 221 3034 377 3115; x_wconf 86' lang='lat' dir='ltr'>respondit</span> <span class='ocrx_word' id='word_1_267' title='bbox 389 3052 396 3095; x_wconf 93' lang='lat'>:</span> <span class='ocrx_word' id='word_1_268' title='bbox 408 3031 622 3114; x_wconf 76' lang='lat' dir='ltr'>Affirmotioe,</span> <span class='ocrx_word' id='word_1_269' title='bbox 636 3037 676 3095; x_wconf 73' lang='lat'>23</span> <span class='ocrx_word' id='word_1_270' title='bbox 689 3031 762 3096; x_wconf 83' lang='lat' dir='ltr'>Maii</span> <span class='ocrx_word' id='word_1_271' title='bbox 777 3037 871 3109; x_wconf 81' lang='lat'>1835,</span> <span class='ocrx_word' id='word_1_272' title='bbox 888 3032 923 3096; x_wconf 91' lang='lat' dir='ltr'>in</span> <span class='ocrx_word' id='word_1_273' title='bbox 936 3032 1128 3098; x_wconf 85' lang='lat' dir='ltr'>Nomorcom.</span> <span class='ocrx_word' id='word_1_274' title='bbox 1145 3072 1185 3084; x_wconf 94' lang='lat'><em>-</em></span> <span class='ocrx_word' id='word_1_275' title='bbox 1196 3040 1280 3104; x_wconf 84' lang='lat' dir='ltr'>idem</span> <span class='ocrx_word' id='word_1_276' title='bbox 1295 3041 1393 3106; x_wconf 89' lang='lat' dir='ltr'>decre·</span> 
     </span>
     <span class='ocr_line' id='line_1_32' title="bbox 121 3119 832 3200; baseline -0.006 -14"><span class='ocrx_word' id='word_1_277' title='bbox 121 3128 208 3186; x_wconf 82' lang='lat' dir='ltr'>verat</span> <span class='ocrx_word' id='word_1_278' title='bbox 222 3125 251 3186; x_wconf 89' lang='lat' dir='ltr'>S.</span> <span class='ocrx_word' id='word_1_279' title='bbox 266 3126 298 3187; x_wconf 84' lang='lat' dir='ltr'>G.</span> <span class='ocrx_word' id='word_1_280' title='bbox 314 3122 349 3185; x_wconf 91' lang='lat' dir='ltr'>in</span> <span class='ocrx_word' id='word_1_281' title='bbox 365 3119 584 3200; x_wconf 76' lang='lat' dir='ltr'>Cenomanem,</span> <span class='ocrx_word' id='word_1_282' title='bbox 599 3123 638 3184; x_wconf 73' lang='lat' dir='ltr'>it)</span> <span class='ocrx_word' id='word_1_283' title='bbox 649 3125 725 3185; x_wconf 90' lang='lat' dir='ltr'>Nov.</span> <span class='ocrx_word' id='word_1_284' title='bbox 743 3125 832 3186; x_wconf 88' lang='grc'><strong>1831.</strong></span> 
     </span>
    </p>
   </div>
   <div class='ocr_carea' id='block_1_5' title="bbox 400 3299 1079 3425">
    <p class='ocr_par' dir='ltr' id='par_1_11' title="bbox 400 3299 1079 3425">
     <span class='ocr_line' id='line_1_33' title="bbox 400 3299 1079 3425; baseline 0.004 -3"><span class='ocrx_word' id='word_1_285' title='bbox 400 3299 484 3423; x_wconf 69' lang='grc' dir='ltr'>’σε</span> <span class='ocrx_word' id='word_1_286' title='bbox 511 3347 562 3424; x_wconf 90' lang='grc' dir='ltr'>ιιι</span> <span class='ocrx_word' id='word_1_287' title='bbox 594 3345 819 3424; x_wconf 69' lang='lat' dir='ltr'>[ociosis</span> <span class='ocrx_word' id='word_1_288' title='bbox 847 3346 1079 3425; x_wconf 72' lang='lat' dir='ltr'>enecuere</span> 
     </span>
    </p>
   </div>
   <div class='ocr_carea' id='block_1_6' title="bbox 495 3508 1021 3678">
    <p class='ocr_par' dir='ltr' id='par_1_12' title="bbox 495 3508 1021 3678">
     <span class='ocr_line' id='line_1_34' title="bbox 729 3508 785 3546; baseline 0 0"><span class='ocrx_word' id='word_1_289' title='bbox 729 3508 785 3546; x_wconf 81' lang='lat' dir='ltr'>ssu</span> 
     </span>
     <span class='ocr_line' id='line_1_35' title="bbox 495 3617 1021 3678; baseline 0.006 -5"><span class='ocrx_word' id='word_1_290' title='bbox 495 3617 547 3674; x_wconf 87' lang='lat' dir='ltr'>DE</span> <span class='ocrx_word' id='word_1_291' title='bbox 570 3617 711 3676; x_wconf 75' lang='lat' dir='ltr'>Annon</span> <span class='ocrx_word' id='word_1_292' title='bbox 734 3617 1021 3678; x_wconf 88' lang='lat' dir='ltr'>CONFESSIONE</span> 
     </span>
    </p>
   </div>
   <div class='ocr_carea' id='block_1_7' title="bbox 115 3784 1393 4575">
    <p class='ocr_par' dir='ltr' id='par_1_13' title="bbox 115 3784 1393 4312">
     <span class='ocr_line' id='line_1_36' title="bbox 158 3784 1392 3866; baseline -0.001 -16"><span class='ocrx_word' id='word_1_293' title='bbox 158 3791 229 3850; x_wconf 74' lang='lat' dir='ltr'>tta.</span> <span class='ocrx_word' id='word_1_294' title='bbox 243 3821 283 3832; x_wconf 96' lang='lat'><em>—</em></span> <span class='ocrx_word' id='word_1_295' title='bbox 295 3791 481 3866; x_wconf 86' lang='lat' dir='ltr'>Praeoeptum</span> <span class='ocrx_word' id='word_1_296' title='bbox 498 3784 556 3849; x_wconf 91' lang='lat' dir='ltr'>hoo</span> <span class='ocrx_word' id='word_1_297' title='bbox 576 3784 750 3848; x_wconf 80' lang='lat' dir='ltr'>continetur</span> <span class='ocrx_word' id='word_1_298' title='bbox 769 3785 806 3848; x_wconf 93' lang='lat' dir='ltr'>in</span> <span class='ocrx_word' id='word_1_299' title='bbox 829 3785 960 3850; x_wconf 85' lang='lat' dir='ltr'>coneilio</span> <span class='ocrx_word' id='word_1_300' title='bbox 979 3789 1080 3849; x_wconf 83' lang='lat' dir='ltr'>Later.</span> <span class='ocrx_word' id='word_1_301' title='bbox 1098 3787 1148 3860; x_wconf 87' lang='lat' dir='ltr'>IV,</span> <span class='ocrx_word' id='word_1_302' title='bbox 1165 3784 1223 3847; x_wconf 93' lang='lat' dir='ltr'>sub</span> <span class='ocrx_word' id='word_1_303' title='bbox 1246 3787 1392 3849; x_wconf 90' lang='lat' dir='ltr'>Innocen-</span> 
     </span>
     <span class='ocr_line' id='line_1_37' title="bbox 117 3872 1393 3956; baseline 0 -19"><span class='ocrx_word' id='word_1_304' title='bbox 117 3875 163 3937; x_wconf 90' lang='lat' dir='ltr'>tio</span> <span class='ocrx_word' id='word_1_305' title='bbox 177 3877 217 3937; x_wconf 89' lang='lat' dir='ltr'>Ill</span> <span class='ocrx_word' id='word_1_306' title='bbox 230 3874 335 3938; x_wconf 83' lang='lat' dir='ltr'>habito</span> <span class='ocrx_word' id='word_1_307' title='bbox 349 3892 400 3936; x_wconf 85' lang='lat' dir='ltr'>en.</span> <span class='ocrx_word' id='word_1_308' title='bbox 418 3879 512 3949; x_wconf 73' lang='grc'><strong>1118,</strong></span> <span class='ocrx_word' id='word_1_309' title='bbox 528 3891 642 3936; x_wconf 87' lang='lat' dir='ltr'>canone</span> <span class='ocrx_word' id='word_1_310' title='bbox 654 3879 704 3948; x_wconf 73' lang='lat'>21,</span> <span class='ocrx_word' id='word_1_311' title='bbox 721 3872 776 3954; x_wconf 87' lang='lat' dir='ltr'>qui</span> <span class='ocrx_word' id='word_1_312' title='bbox 788 3873 831 3936; x_wconf 90' lang='lat' dir='ltr'>sic</span> <span class='ocrx_word' id='word_1_313' title='bbox 845 3892 877 3936; x_wconf 92' lang='lat' dir='ltr'>se</span> <span class='ocrx_word' id='word_1_314' title='bbox 888 3874 981 3938; x_wconf 82' lang='lat' dir='ltr'>hebet</span> <span class='ocrx_word' id='word_1_315' title='bbox 995 3893 1002 3936; x_wconf 91' lang='lat'><strong>:</strong></span> <span class='ocrx_word' id='word_1_316' title='bbox 1022 3875 1125 3937; x_wconf 85' lang='lat' dir='ltr'>Omnis</span> <span class='ocrx_word' id='word_1_317' title='bbox 1139 3876 1295 3956; x_wconf 80' lang='lat' dir='ltr'>utriusque</span> <span class='ocrx_word' id='word_1_318' title='bbox 1305 3893 1393 3937; x_wconf 78' lang='lat' dir='ltr'>renos</span> 
     </span>
     <span class='ocr_line' id='line_1_38' title="bbox 116 3961 1392 4047; baseline -0.001 -21"><span class='ocrx_word' id='word_1_319' title='bbox 116 3964 233 4046; x_wconf 65' lang='lat' dir='ltr'>fideti,</span> <span class='ocrx_word' id='word_1_320' title='bbox 249 3973 409 4047; x_wconf 77' lang='lat' dir='ltr'>postquam</span> <span class='ocrx_word' id='word_1_321' title='bbox 426 3963 469 4025; x_wconf 83' lang='lat' dir='ltr'>od</span> <span class='ocrx_word' id='word_1_322' title='bbox 482 3983 575 4024; x_wconf 86' lang='lat' dir='ltr'>annos</span> <span class='ocrx_word' id='word_1_323' title='bbox 592 3961 781 4025; x_wconf 69' lang='lat' dir='ltr'>discretionis</span> <span class='ocrx_word' id='word_1_324' title='bbox 797 3967 984 4046; x_wconf 83' lang='lat' dir='ltr'>pervenerit,</span> <span class='ocrx_word' id='word_1_325' title='bbox 999 3965 1100 4024; x_wconf 86' lang='lat' dir='ltr'>omnio</span> <span class='ocrx_word' id='word_1_326' title='bbox 1113 3982 1168 4024; x_wconf 81' lang='lat' dir='ltr'>sata</span> <span class='ocrx_word' id='word_1_327' title='bbox 1180 3970 1302 4043; x_wconf 85' lang='lat' dir='ltr'>peccata</span> <span class='ocrx_word' id='word_1_328' title='bbox 1314 3964 1392 4026; x_wconf 86' lang='lat' dir='ltr'>solas</span> 
     </span>
     <span class='ocr_line' id='line_1_39' title="bbox 116 4049 1390 4135; baseline 0.002 -21"><span class='ocrx_word' id='word_1_329' title='bbox 116 4053 299 4135; x_wconf 82' lang='lat' dir='ltr'>confiteatur</span> <span class='ocrx_word' id='word_1_330' title='bbox 312 4051 456 4134; x_wconf 78' lang='lat' dir='ltr'>fideliter,</span> <span class='ocrx_word' id='word_1_331' title='bbox 469 4052 573 4114; x_wconf 86' lang='lat' dir='ltr'>saltem</span> <span class='ocrx_word' id='word_1_332' title='bbox 588 4051 677 4114; x_wconf 85' lang='lat' dir='ltr'>semet</span> <span class='ocrx_word' id='word_1_333' title='bbox 688 4052 721 4113; x_wconf 88' lang='lat' dir='ltr'>in</span> <span class='ocrx_word' id='word_1_334' title='bbox 736 4069 826 4128; x_wconf 89' lang='lat' dir='ltr'>anno,</span> <span class='ocrx_word' id='word_1_335' title='bbox 841 4056 970 4134; x_wconf 82' lang='lat' dir='ltr'>proprio</span> <span class='ocrx_word' id='word_1_336' title='bbox 983 4049 1155 4126; x_wconf 82' lang='lat' dir='ltr'>Sacerdoti,</span> <span class='ocrx_word' id='word_1_337' title='bbox 1168 4050 1280 4114; x_wconf 87' lang='lat' dir='ltr'>scilieet</span> <span class='ocrx_word' id='word_1_338' title='bbox 1292 4057 1390 4134; x_wconf 76' lang='lat' dir='ltr'>Papo,</span> 
     </span>
     <span class='ocr_line' id='line_1_40' title="bbox 115 4138 1393 4222; baseline 0.001 -19"><span class='ocrx_word' id='word_1_339' title='bbox 115 4141 275 4222; x_wconf 79' lang='lat' dir='ltr'>Episcopo,</span> <span class='ocrx_word' id='word_1_340' title='bbox 292 4141 432 4214; x_wconf 86' lang='lat' dir='ltr'>Parooho,</span> <span class='ocrx_word' id='word_1_341' title='bbox 447 4140 495 4204; x_wconf 84' lang='lat' dir='ltr'>vei</span> <span class='ocrx_word' id='word_1_342' title='bbox 508 4138 660 4204; x_wconf 80' lang='lat' dir='ltr'>Sacerdoti</span> <span class='ocrx_word' id='word_1_343' title='bbox 674 4139 712 4202; x_wconf 81' lang='lat' dir='ltr'>ab</span> <span class='ocrx_word' id='word_1_344' title='bbox 726 4139 872 4222; x_wconf 85' lang='lat' dir='ltr'>Episcopo</span> <span class='ocrx_word' id='word_1_345' title='bbox 886 4141 1059 4222; x_wconf 85' lang='lat' dir='ltr'>approbato.</span> <span class='ocrx_word' id='word_1_346' title='bbox 1074 4174 1114 4184; x_wconf 97' lang='lat'>—</span> <span class='ocrx_word' id='word_1_347' title='bbox 1125 4138 1239 4202; x_wconf 84' lang='lat' dir='ltr'>Bened.</span> <span class='ocrx_word' id='word_1_348' title='bbox 1254 4139 1306 4203; x_wconf 86' lang='lat' dir='ltr'>XI</span> <span class='ocrx_word' id='word_1_349' title='bbox 1310 4141 1343 4222; x_wconf 91' lang='lat' dir='ltr'>V,</span> <span class='ocrx_word' id='word_1_350' title='bbox 1357 4141 1393 4204; x_wconf 82' lang='lat' dir='ltr'>de</span> 
     </span>
     <span class='ocr_line' id='line_1_41' title="bbox 115 4227 560 4312; baseline -0.002 -21"><span class='ocrx_word' id='word_1_351' title='bbox 115 4227 195 4312; x_wconf 79' lang='lat' dir='ltr'>Syn.</span> <span class='ocrx_word' id='word_1_352' title='bbox 214 4231 233 4293; x_wconf 85' lang='lat' dir='ltr'>l.</span> <span class='ocrx_word' id='word_1_353' title='bbox 248 4232 423 4304; x_wconf 82' lang='lat' dir='ltr'>XI,c.x1v,</span> <span class='ocrx_word' id='word_1_354' title='bbox 439 4249 470 4290; x_wconf 84' lang='lat' dir='ltr'>n.</span> <span class='ocrx_word' id='word_1_355' title='bbox 485 4233 560 4292; x_wconf 76' lang='grc'><strong>8-6.</strong></span> 
     </span>
    </p>

    <p class='ocr_par' dir='ltr' id='par_1_14' title="bbox 115 4315 1392 4575">
     <span class='ocr_line' id='line_1_42' title="bbox 159 4315 1392 4401; baseline 0 -19"><span class='ocrx_word' id='word_1_356' title='bbox 159 4319 225 4382; x_wconf 94' lang='lat' dir='ltr'>Non</span> <span class='ocrx_word' id='word_1_357' title='bbox 239 4315 425 4382; x_wconf 83' lang='lat' dir='ltr'>conveniunt</span> <span class='ocrx_word' id='word_1_358' title='bbox 439 4319 586 4380; x_wconf 83' lang='lat' dir='ltr'>Auctores</span> <span class='ocrx_word' id='word_1_359' title='bbox 597 4317 697 4398; x_wconf 85' lang='lat' dir='ltr'>quoad</span> <span class='ocrx_word' id='word_1_360' title='bbox 712 4316 841 4380; x_wconf 89' lang='lat' dir='ltr'>modum</span> <span class='ocrx_word' id='word_1_361' title='bbox 855 4317 1054 4398; x_wconf 82' lang='lat' dir='ltr'>computandi</span> <span class='ocrx_word' id='word_1_362' title='bbox 1068 4335 1188 4380; x_wconf 83' lang='lat' dir='ltr'>anuum</span> <span class='ocrx_word' id='word_1_363' title='bbox 1202 4317 1286 4382; x_wconf 84' lang='lat' dir='ltr'>intra</span> <span class='ocrx_word' id='word_1_364' title='bbox 1300 4335 1392 4401; x_wconf 89' lang='lat' dir='ltr'>quem</span> 
     </span>
     <span class='ocr_line' id='line_1_43' title="bbox 115 4403 1388 4491; baseline 0 -23"><span class='ocrx_word' id='word_1_365' title='bbox 115 4413 303 4488; x_wconf 81' lang='lat' dir='ltr'>praeceptum</span> <span class='ocrx_word' id='word_1_366' title='bbox 327 4403 485 4486; x_wconf 83' lang='lat' dir='ltr'>adimpleri</span> <span class='ocrx_word' id='word_1_367' title='bbox 507 4406 622 4468; x_wconf 76' lang='lat' dir='ltr'>dehent.</span> <span class='ocrx_word' id='word_1_368' title='bbox 649 4405 753 4488; x_wconf 79' lang='lat' dir='ltr'>Lupo,</span> <span class='ocrx_word' id='word_1_369' title='bbox 773 4405 811 4468; x_wconf 86' lang='lat' dir='ltr'>de</span> <span class='ocrx_word' id='word_1_370' title='bbox 827 4407 950 4484; x_wconf 80' lang='lat' dir='ltr'>Ponit,</span> <span class='ocrx_word' id='word_1_371' title='bbox 972 4404 1002 4467; x_wconf 86' lang='lat' dir='ltr'>d.</span> <span class='ocrx_word' id='word_1_372' title='bbox 1026 4423 1078 4482; x_wconf 85' lang='lat' dir='ltr'>xv,</span> <span class='ocrx_word' id='word_1_373' title='bbox 1098 4426 1129 4469; x_wconf 87' lang='lat' dir='ltr'>n.</span> <span class='ocrx_word' id='word_1_374' title='bbox 1149 4410 1218 4482; x_wconf 78' lang='grc'><strong>187,</strong></span> <span class='ocrx_word' id='word_1_375' title='bbox 1241 4407 1388 4491; x_wconf 84' lang='lat' dir='ltr'>Vosqoez,</span> 
     </span>
     <span class='ocr_line' id='line_1_44' title="bbox 123 4493 1388 4575; baseline 0.001 -15"><span class='ocrx_word' id='word_1_376' title='bbox 123 4495 214 4575; x_wconf 86' lang='lat' dir='ltr'>Vivo,</span> <span class='ocrx_word' id='word_1_377' title='bbox 234 4503 304 4571; x_wconf 83' lang='lat' dir='ltr'>etc,</span> <span class='ocrx_word' id='word_1_378' title='bbox 325 4513 397 4558; x_wconf 88' lang='lat' dir='ltr'>enm</span> <span class='ocrx_word' id='word_1_379' title='bbox 417 4501 621 4558; x_wconf 85' lang='lat' dir='ltr'>numerante</span> <span class='ocrx_word' id='word_1_380' title='bbox 639 4493 740 4575; x_wconf 86' lang='lat' dir='ltr'>prima</span> <span class='ocrx_word' id='word_1_381' title='bbox 758 4493 808 4558; x_wconf 88' lang='lat' dir='ltr'>die</span> <span class='ocrx_word' id='word_1_382' title='bbox 824 4494 964 4558; x_wconf 80' lang='lat' dir='ltr'>ianuarii</span> <span class='ocrx_word' id='word_1_383' title='bbox 982 4495 1021 4558; x_wconf 88' lang='lat' dir='ltr'>nd</span> <span class='ocrx_word' id='word_1_384' title='bbox 1040 4495 1183 4560; x_wconf 83' lang='lat' dir='ltr'>ultimam</span> <span class='ocrx_word' id='word_1_385' title='bbox 1200 4497 1388 4572; x_wconf 81' lang='lat' dir='ltr'>Decembris3</span> 
     </span>
    </p>
   </div>
   <div class='ocr_carea' id='block_1_8' title="bbox 213 4601 1281 4655">
    <p class='ocr_par' dir='ltr' id='par_1_15' title="bbox 213 4601 1281 4655">
     <span class='ocr_line' id='line_1_45' title="bbox 213 4601 1281 4655; baseline -0.007 -1"><span class='ocrx_word' id='word_1_386' title='bbox 213 4611 391 4655; x_wconf 67' lang='lat' dir='ltr'>(tom-Tor.</span> <span class='ocrx_word' id='word_1_387' title='bbox 407 4609 426 4653; x_wconf 91' lang='lat'>1.</span> <span class='ocrx_word' id='word_1_388' title='bbox 1251 4601 1281 4653; x_wconf 78' lang='grc'>23</span> 
     </span>
    </p>
   </div>
   <div class='ocr_carea' id='block_1_9' title="bbox 0 0 1608 5024">
    <p class='ocr_par' dir='ltr' id='par_1_16' title="bbox 0 0 1608 5024">
     <span class='ocr_line' id='line_1_46' title="bbox 0 0 1608 5024; baseline 0 0"><span class='ocrx_word' id='word_1_389' title='bbox 0 0 1608 5024; x_wconf 95' lang='lat' dir='ltr'> </span> 
     </span>
    </p>
   </div>
  </div>
 </body>
</html>
