3202 5020
561 156 604 200 na
626 155 777 201 acrinus
800 155 961 200 uuuunrs
1334 143 1396 204 loa

111 265 237 327 directe
250 267 279 326 ει
293 263 423 344 positive
434 265 501 328 vult
511 264 627 344 aliquid
641 264 790 346 ignorare,
801 265 865 327 sive
875 272 912 327 ut
921 265 1048 328 liberius
1061 270 1170 345 peccet,
1181 264 1245 328 sive
1259 271 1295 327 nt
1306 284 1396 328 excu-

35 380 39 390 ·
107 353 272 415 sationem
285 350 397 414 habeat
411 370 429 414 a
442 353 587 432 peccatis,
603 352 666 417 sive
680 359 803 434 propter
817 352 912 415 aliud.

158 443 211 504 Ad
230 439 436 522 ignorantiam
456 441 667 504 invincibilem
686 441 841 504 referenda
859 446 905 504 est
919 441 1031 504 oblivio
1050 441 1194 522 perlecta,
1210 448 1240 504 ει
1254 440 1397 504 inadver-

108 531 216 591 tentia
230 529 330 610 plena.
347 530 400 592 flae
414 535 535 604 autem,
554 529 580 592 si
596 548 658 592 non
672 530 736 592 sint
750 529 902 610 perfectae,
919 534 999 592 etex
1012 528 1197 610 negligentia
1214 530 1393 611 procedant,

111 619 157 680 ad
173 615 383 698 ignorantiam
398 617 575 680 vincibilem
590 624 738 698 spectant.

242 755 468 834 Prinpria.

153 890 204 948 lt.
220 919 262 929 —
280 886 304 946 I.
335 883 512 963 Ignorantia
531 883 721 947 invincibilis
745 883 869 964 penitus
888 885 968 948 tollit
987 884 1212 960 voluntarium,
1236 889 1306 948 tum
1320 885 1394 966 quia

113 972 186 1055 ipsa
199 991 262 1036 non
276 976 323 1035 est
339 971 522 1046 voluntaria,
539 977 609 1035 tum
623 973 698 1052 qnia
711 972 791 1035 nihil
804 991 869 1035 esse
882 979 981 1053 potest
996 973 1222 1049 voluntarium,
1236 973 1294 1036 ‘ubi
1309 974 1395 1036 nudla

114 1067 165 1124 εει
179 1061 324 1142 cognitio.
342 1060 451 1124 Nullus
466 1059 563 1141 igitur
579 1067 665 1123 actus
679 1080 716 1124 ex
730 1060 907 1141 ignorantia
919 1061 1094 1124 invincibili
1107 1061 1270 1141 procedens
1290 1061 1393 1142 impu-

116 1150 178 1213 tari
192 1149 298 1232 agenti
310 1153 420 1229 potest.

158 1238 208 1302 Sic
222 1237 336 1318 pariter
350 1237 387 1299 de
401 1236 553 1300 oblivione
567 1242 598 1300 et
611 1237 836 1302 inadvertentia
848 1236 977 1320 perlecta
987 1239 1198 1313 statuendum,
1207 1257 1279 1301 oum
1289 1240 1394 1301 eadem

114 1326 198 1389 ratic
212 1331 359 1388 recurrat.

161 1417 200 1476 Π.
219 1413 397 1494 Ignorantia
415 1413 570 1477 vincibilis
588 1433 651 1478 non
669 1413 750 1477 tollit
768 1414 990 1478 voluntarium.
1012 1415 1094 1476 Talis
1112 1415 1197 1479 enim
1220 1415 1394 1496 ignorantia

117 1503 184 1566 sive
198 1501 322 1578 directe,
340 1501 404 1564 sive
423 1502 571 1566 indirecte
590 1510 636 1566 est
655 1521 724 1566 vere
738 1501 920 1566 voluntaria.
938 1503 1085 1564 Attamen
1103 1502 1315 1566 voluntarium
1332 1505 1393 1566 nui-

116 1591 200 1666 nuit,
217 1591 342 1672 quando
357 1594 403 1652 est
416 1607 507 1653 causa
521 1590 599 1654 illud
613 1591 745 1666 volendi,
762 1592 854 1673 quod,
871 1611 906 1653 ea
920 1591 1055 1663 absente,
1072 1591 1142 1671 quis
1156 1609 1317 1671 nunquam
1332 1593 1393 1654 vel-

115 1678 174 1754 let,
190 1679 222 1744 id
237 1683 297 1754 εει,
315 1679 437 1759 quando
456 1685 502 1741 est
516 1697 715 1760 consequens.
732 1681 817 1742 Idem
837 1697 958 1761 quoque
976 1679 1013 1741 ob
1032 1679 1192 1759 paritatem
1211 1678 1338 1742 rationis
1356 1680 1394 1742 de

114 1767 267 1830 oblivione
281 1771 311 1830 ει
324 1767 552 1830 inadvertentia
566 1768 741 1848 imperfecta
755 1767 857 1830 dicito.

155 1859 208 1918 III.
238 1855 417 1936 Ignorantia¹
440 1874 540 1918 crassa
565 1861 595 1918 ει
619 1856 794 1937 ignorantia
822 1856 961 1918 affectata
987 1855 1085 1918 multo
1110 1857 1216 1918 minus
1245 1855 1395 1918 minuunt

117 1943 345 2018 voluntarium,
369 1961 403 2006 ac
429 1943 555 2024 proinde
575 1948 744 2026 peccatum.
767 1944 856 2009 Ratio
882 1948 942 2020 est,
966 1944 1040 2025 quia
1064 1944 1148 2025 prior
1167 1963 1204 2006 ex
1225 1944 1311 2026 gravi
1332 1944 1392 2006 ori-

116 2041 168 2094 tur
186 2031 384 2112 negligentia,
405 2032 553 2112 posterior
572 2051 642 2096 vero
661 2034 698 2095 de
715 2033 872 2098 industria
895 2033 934 2095 ad
952 2031 1080 2096 liberius
1106 2033 1293 2114 peccandum
1318 2032 1391 2094 reti-

115 2125 220 2183 netur.

242 2226 457 2291 Resolves

157 2358 195 2416 ιο
209 2355 326 2434 conjnx
343 2373 466 2435 peccans
485 2371 557 2417 cum
575 2355 718 2431 muliere,
734 2371 830 2436 quam
848 2353 1072 2418 invincibiliter
1085 2353 1208 2435 ignorat
1227 2372 1290 2416 esse
1310 2371 1390 2416 soro-

114 2459 184 2504 rem
204 2440 309 2503 uxoris
323 2461 399 2517 suae,
416 2461 486 2506 reus
505 2446 551 2506 est
568 2443 725 2518 adulterii,
742 2461 805 2506 nou
823 2448 928 2506 tamen
947 2442 1081 2506 incestus
1101 2450 1207 2523 utpote
1226 2440 1392 2504 invincibi-

116 2528 189 2592 liter
202 2529 345 2610 ignorati.

157 2618 192 2680 2⁰
206 2617 312 2693 Pueri,
329 2620 383 2700 qui
398 2625 526 2700 egerunt
544 2621 581 2682 de
600 2639 631 2684 se
645 2618 750 2682 illicita
769 2621 836 2683 siue
849 2621 911 2684 ullo
925 2639 1037 2701 angore
1055 2619 1248 2683 conscientie
1262 2619 1309 2682 vel
1324 2637 1390 2680 sus-

117 2705 237 2785 picione
250 2707 389 2783 malitia,
406 2708 506 2788 reipsa
519 2708 688 2771 formaliter
701 2727 765 2772 non
778 2714 956 2790 peccarunt,
969 2708 1025 2771 etsi
1040 2727 1133 2771 usum
1145 2707 1274 2770 rationis
1288 2706 1391 2786 adepti

111 2797 182 2874 jam
195 2794 326 2871 fuerint3
343 2802 375 2858 ει
388 2795 516 2876 proinde
528 2803 634 2878 postea
648 2814 709 2858 non
728 2802 874 2860 tenentur
888 2815 923 2859 ea
936 2796 1088 2870 confiteri,
1106 2796 1182 2857 dum
1200 2813 1265 2857 esse
1283 2795 1391 2857 illicita

114 2881 309 2962 intelligunt,
327 2902 398 2947 cum
409 2891 533 2965 peccata
545 2883 717 2948 materialia
731 2903 792 2947 nou
806 2885 870 2948 sint
885 2885 1014 2948 materia
1027 2883 1233 2948 confessionis.

156 2973 191 3035 3ο
205 2971 238 3034 Si
251 2971 453 3035 confessarius
472 2974 519 3036 vel
534 2974 631 3054 judex
650 2973 789 3036 advertat
808 2972 867 3036 sibi
889 2975 992 3036 deesse
1011 2971 1212 3036 sufficientem
1231 2971 1391 3034 scientiam

115 3060 154 3122 ad
170 3059 374 3140 fungendum,
391 3068 428 3124 ut
415 3061 439 3123 ti
453 3079 508 3162 par
522 3065 577 3138 est,
595 3060 690 3125 officio
705 3080 770 3136 suo,
785 3069 817 3125 et
830 3061 964 3143 negligat
978 3061 1138 3126 scientiam
1152 3060 1318 3141 acquirere,
1335 3069 1391 3124 aut

113 3151 282 3228 antequam
297 3147 381 3211 illam
396 3149 548 3231 acquirat,
564 3155 671 3231 pergat
685 3168 802 3213 munus
817 3167 910 3212 suurn
924 3168 1074 3225 exercere,
1089 3149 1204 3212 tenebit
1192 3155 1243 3212 tur
1257 3151 1294 3211 de
1308 3167 1389 3211 erro-

114 3236 219 3386 rilpus,
213 3238 426 3340 ,qucpaliquo
441 3239 549 3300 saltem
563 3240 654 3302 modo
668 3238 825 3319 previdit,
841 3239 914 3320 quia
932 3238 1009 3318 ipsi,
1021 3238 1153 3301 saltem'
1143 3256 1179 3300 m
1193 3256 1298 3313 causa,
1315 3243 1390 3298 sunt

114 3341 154 3386 vo
168 3325 295 3388 antarii.

154 3417 190 3476 ιε
204 3413 237 3476 Si
251 3414 484 3496 negligentiam
499 3416 700 3496 deponenda'
691 3420 835 3496 1gnorant
835 3417 866 3480 ia
880 3415 922 3479 sit
909 3419 1064 3479 ttantum
1078 3414 1240 3479 venialiter
1253 3413 1388 3493 culpabi-

115 3500 169 3578 lis,
184 3500 303 3564 lactum
316 3521 354 3566 ex
367 3521 402 3566 ea
416 3521 545 3585 sequens
559 3504 598 3566 ad
612 3504 734 3584 culpam
748 3510 873 3568 tantum
886 3503 1037 3567 venialem
1052 3503 1109 3566 erit
1122 3501 1312 3584 imputabile.
1330 3506 1388 3565 Ra-

112 3588 173 3664 tio,
190 3589 265 3670 quia
282 3593 434 3674 ejusmodi
450 3599 537 3655 actus
556 3598 632 3655 sunt
650 3591 818 3655 voluntarii
839 3599 931 3673 atque
945 3593 1017 3654 adeo
1035 3591 1199 3673 culpabiles
1217 3595 1340 3652 tanturn
1353 3588 1388 3650 ln

113 3695 221 3754 eausa3
239 3697 310 3741 cum
325 3697 395 3761 ergo
409 3699 515 3757 eausa,
531 3679 707 3761 ignorantia
721 3679 849 3757 scilicet,
867 3682 905 3743 ad
919 3698 1044 3761 gravem
1056 3681 1178 3762 culpam
1192 3696 1255 3742 non
1271 3676 1387 3758 pertin-

111 3773 182 3846 gat,
198 3766 323 3830 effectus
337 3785 459 3851 qnoque
472 3769 572 3832 levem
589 3769 712 3850 culpam
726 3770 867 3832 excedere
880 3788 943 3832 non
957 3775 1068 3850 potest.

151 3853 200 3916 De
214 3857 395 3936 ignorantia
405 3855 500 3940 plura
514 3856 578 3920 alia
591 3856 660 3920 υιιιε
676 3855 755 3918 atili
763 3862 896 3940 passim,
908 3858 1058 3941 ampra'mis
1070 3859 1103 3920 ιἰι
1115 3863 1248 3918 tractata
1262 3853 1298 3916 ιιι
1310 3851 1389 3916 Con-

111 3945 256 4022 scentia,
274 3943 310 4006 de
324 3944 471 4028 Legibus,
490 3946 527 4008 de
543 3946 680 4009 Peccattr
699 3946 781 4010 etde
798 3945 1057 4010 Contractibtam
1074 3961 1181 4028 ponere
1185 3990 1196 4022 ,
1217 3941 1273 4004 uba
1287 3943 1321 4006 de
1339 3962 1388 4034 er-

18 4051 19 4056 ¹
112 4022 744 4110 meffl-v.casus,t.1,n.reetseq.

527 4188 612 4274 §11
637 4189 986 4279 Deconeaptacentio.

18 4369 20 4408 ,
155 4322 711 4404 rs.-nmu1uo.concupisoenna
729 4325 780 4388 hie
799 4325 985 4405 intelligitur
1003 4323 1105 4384 motus
1121 4320 1274 4402 appetitus
1294 4318 1389 4384 sensi-

18 4467 19 4482 ,
116 4405 175 4472 tivi
183 4428 269 4492 ,quo
283 4411 427 4476 voluntas
441 4411 540 4476 fertur
553 4412 592 4475 ad
606 4412 725 4478 bonum
740 4413 893 4477 sensibile
