3168 5002
201 190 245 250 16
631 203 756 248 senius
783 200 1060 247 111010101111

201 330 257 388 que
277 314 343 370 data
364 315 548 387 praestantius
572 334 579 370 :
603 313 641 374 de
666 315 768 372 1151010
794 327 851 370 non
875 312 984 382 lacere,
1009 328 1123 368 summa
1148 312 1323 386 paenitentia
1347 335 1354 371 :
1377 317 1481 389 optima
1576 293 1577 298 ἵ

202 394 386 470 poenitentia,
401 410 475 450 nova
488 394 558 451 vita.

237 480 263 538 8.
280 480 365 539 Nullo
380 483 462 538 modo
479 497 638 554 praesumas
653 481 783 538 comitari
801 481 918 554 peccata
933 479 1073 548 venialia,
1090 479 1139 536 sed
1153 495 1206 536 nec
1218 480 1315 537 omnia
1328 483 1474 553 mortalia,
1576 489 1577 540 l

201 564 269 634 quia
281 561 459 634 impossibile
473 564 518 618 est
527 564 560 618 ut
571 562 668 618 omnia
677 560 810 618 mortalia
819 575 984 631 cognoscas.
996 559 1076 618 Unde
1085 560 1232 633 primitiva
1242 563 1370 618 Ecclesia
1383 562 1475 620 solum
1576 569 1577 636 f

201 643 352 698 manifesta
366 642 497 699 mortalia
510 641 707 700 confitebatur.

237 729 264 785 9.
285 731 358 786 Dum
370 729 503 787 volumus
516 731 613 787 omnia
625 746 696 802 pure
710 728 854 796 confiteri,
868 726 942 784 nihil
956 727 1036 785 aliud
1050 728 1187 798 iacimus,
1202 745 1288 802 quam
1302 731 1379 802 quod
1394 731 1479 788 mise-
1576 717 1577 720 ¹

202 809 332 866 ricordiae
345 810 396 866 Dei
410 809 484 866 nibil
498 810 630 866 volumus
646 809 806 881 relinquere
822 807 1038 879 ignoscendum.

238 903 281 961 10.
302 906 421 962 Peccata
446 921 503 961 non
524 906 592 962 sunt
614 905 667 962 ulli
696 906 833 975 remissa,
858 905 916 962 nisi
940 905 1103 960 remittente
1129 905 1275 962 sacerdote
1297 906 1395 964 credat
1423 907 1480 962 sibi
1576 895 1577 932 ⁷

202 985 324 1054 remitti,
345 986 402 1041 imo
425 988 572 1058 peccatum
597 988 738 1054 maneret,
762 986 820 1042 nisi
840 987 993 1043 remissum
1013 984 1142 1040 crederet
1167 987 1350 1042 :nonenim
1373 986 1481 1042 suflicit
1576 989 1577 1048 ξ

201 1064 335 1122 remissio
361 1067 471 1139 peccati
491 1067 519 1121 et
542 1066 642 1138 gratiae
666 1065 797 1137 donatio,
825 1066 875 1122 sed
901 1064 1011 1138 oportet
1039 1063 1126 1120 etiam
1145 1065 1260 1122 credere
1286 1082 1355 1122 esse
1381 1065 1483 1123 remis·
1576 1071 1577 1078 ’

202 1161 278 1202 sum.

238 1232 281 1288 11.
298 1231 383 1288 Ν1110
399 1231 482 1288 modo
495 1232 621 1289 confidas
636 1232 746 1290 absolvi
767 1233 880 1308 propter
896 1234 974 1288 tuem
991 1232 1203 1300 contritionem,
1221 1233 1271 1288 sed
1285 1233 1405 1306 propter
1419 1249 1485 1290 ver-

202 1312 271 1369 bum
284 1311 390 1369 Christi
405 1312 618 1384 Quodcumque
631 1311 770 1382 solveris,
784 1320 838 1369 etc.
856 1312 968 1385 (blattb.
984 1311 1052 1382 xvi.)
1069 1313 1154 1382 ilinc,
1170 1315 1304 1385 inquam,
1318 1313 1443 1382 confide,
1456 1314 1483 1370 si

203 1391 362 1449 sacerdotis
376 1392 534 1449 obtinueris
549 1393 772 1460 absolutionem,
788 1394 816 1451 et
830 1393 913 1450 crede
928 1392 1039 1449 10111151
1050 1394 1079 1449 10
1091 1393 1271 1462 absolutum,
1283 1395 1316 1450 et
1331 1393 1483 1450 absolutus

203 1489 269 1530 vere
284 1473 357 1542 1115,
373 1472 513 1545 quidquid
529 1474 567 1529 sit
581 1472 616 1528 de
631 1473 810 1530 contritione.

239 1559 282 1615 m.
304 1561 334 1616 Si
349 1576 400 1632 per
413 1559 592 1634 impossibile
607 1561 755 1617 consessus
769 1577 826 1618 non
841 1560 918 1617 esset
937 1560 1094 1629 contritus,
1110 1559 1160 1616 aut
1179 1561 1315 1618 sacerdos
1335 1578 1393 1618 non
1410 1561 1484 1617 serio

203 1640 254 1696 scd
265 1641 329 1711 joco
342 1639 521 1710 absolveret3
536 1641 561 1697 si
574 1643 669 1696 1111511
684 1640 781 1698 credat
793 1657 824 1698 se
836 1640 1016 1710 absolutum,
1030 1641 1182 1697 verissime
1197 1643 1242 1698 est
1253 1639 1421 1699 absolutus.

238 1733 283 1792 13.
304 1738 336 1792 ln
351 1739 526 1794 sacramento
540 1736 720 1793 Paenitentia
734 1752 767 1793 ac
782 1736 952 1792 remissione
973 1735 1065 1810 culpae
1083 1751 1140 1792 non
1160 1736 1226 1810 plus
1246 1737 1318 1792 lacit
1336 1739 1415 1810 Papa
1438 1736 1488 1792 aut

113 1817 116 1828 ’
202 1816 375 1890 Episcopus,
392 1834 477 1889 quam
495 1816 612 1873 infimus
628 1816 761 1874 sacerdos
783 1816 878 1886 timo,
900 1816 949 1873 ubi
970 1833 1026 1872 non
1046 1818 1090 1872 est
1108 1817 1257 1888 sacerdos,
1272 1833 1361 1890 aequc
1376 1817 1488 1876 tantum
1576 1815 1577 1864 ἶ

204 1895 325 1968 quilibet
340 1897 531 1967 christianus,
545 1897 660 1954 etiamsi
673 1896 778 1954 mulier
792 1899 842 1954 aut
855 1913 927 1970 puer
941 1899 1027 1954 essct.
1576 1889 1577 1902 ¹

240 1991 284 2047 11.
298 1991 401 2050 Ν11115
414 1993 497 2050 debet
512 1993 653 2050 secerdoti
668 1991 839 2066 respondere
855 2009 886 2050 se
900 2009 966 2050 esse
984 1994 1152 2065 contritum,
1165 2008 1218 2050 aec
1233 1994 1373 2052 sacerdos
1390 1991 1490 2066 requi-

205 2087 277 2127 rere.
1576 2095 1577 2102 ¹

241 2159 286 2216 15.
301 2161 420 2230 Magnus
433 2162 477 2218 est
489 2177 568 2218 error
579 2178 691 2231 eorum,
706 2163 756 2236 qui
771 2161 807 2219 ad
822 2163 1031 2220 sacramentum
1045 2161 1233 2219 Eucharistiae
1247 2162 1407 2231 accedunt,
1421 2160 1489 2218 huic
1576 2207 1577 2232 3

206 2239 310 2310 innixi,
324 2240 398 2312 quod
418 2241 477 2296 sint
491 2241 631 2311 confessi,
648 2242 721 2315 quod
737 2258 793 2298 non
809 2241 868 2298 sint
879 2241 936 2298 sibi
949 2242 1057 2298 conscii
1072 2241 1194 2314 alicujus
1209 2241 1322 2314 peccati
1340 2241 1489 2311 mortalis,
1576 2235 1577 2294 ἶ

206 2318 280 2390 quod
296 2319 487 2392 praemiserint
501 2321 643 2379 orationes
657 2339 725 2380 suas
740 2325 768 2379 et
783 2321 1005 2396 praeparatoria:
1020 2338 1118 2379 omnes
1129 2321 1327 2394 illijudicium
1340 2322 1490 2380 5111111111-
1576 2335 1577 2386 j

207 2398 312 2456 ducant
326 2402 354 2456 et
368 2400 478 2458 bibunt.
494 2402 548 2460 Sed
566 2404 591 2459 si
603 2403 720 2460 credant
734 2405 763 2460 et
777 2402 921 2460 confidant
937 2418 969 2458 55
984 2403 1106 2474 gratiam
1128 2401 1169 2458 ibi
1189 2405 1415 2475 consecuturos,
1430 2402 1491 2459 haec
1576 2467 1577 2478 ,

207 2478 269 2535 sola
284 2479 355 2535 tides
370 2480 438 2537 lacit
452 2499 501 2538 eos
515 2499 602 2557 puros
612 2485 641 2542 et
654 2483 768 2554 dignos.

240 2564 284 2622 16.
306 2566 471 2624 Consultum
486 2570 608 2641 videtur,
625 2570 698 2643 quod
721 2569 849 2628 Ecclesia
870 2571 900 2626 in
919 2569 1063 2626 communi
1082 2569 1208 2626 Concilio
1231 2568 1375 2626 statueret
1396 2567 1493 2626 laicos

207 2645 260 2703 suh
280 2647 400 2720 utraque
424 2651 520 2722 specie
538 2651 789 2708 communicandos
805 2671 812 2707 ε
828 2665 881 2707 nec
894 2649 1012 2707 Bohemi
1025 2650 1268 2706 communicantes
1287 2649 1346 2706 sub
1367 2651 1494 2722 utraque

206 2727 301 2800 specie
314 2730 381 2784 sunt
395 2729 538 2801 haeretici,
553 2731 603 2787 sed
618 2729 807 2788 schismatici.
1576 2739 1577 2746 ’

223 2807 285 2942 tll.
306 2809 444 2944 Ttbesauri
462 2811 611 2880 Ecclesiae,
628 2811 704 2868 unde
719 2813 795 2886 Papa
809 2810 858 2868 dat
876 2809 1085 2882 indulgentias,
1099 2825 1154 2866 non
1172 2811 1241 2868 sunt
1258 2811 1366 2867 merita
1381 2811 1494 2869 Christi

205 2903 316 2944 esanc
330 2905 421 2945 orum.
552 2923 564 2954 ,

240 2973 284 3031 18.
303 2975 489 3048 Indulgentiae
513 2979 581 3036 sunt
604 2980 659 3051 piae
684 2978 799 3035 lraudes
819 2978 964 3046 fidelium,
990 2979 1019 3034 et
1041 2977 1227 3034 remissiones
1250 2976 1395 3033 bonorum
1420 2995 1495 3051 ope·
1576 2943 1577 3006 ἶ

204 3069 269 3189 ἕξω
278 3058 428 3190 effhesum
447 3058 482 3114 de
504 3075 622 3116 numero
641 3075 740 3116 eorum
759 3075 823 3131 quaa
844 3059 946 3127 licent,
968 3059 997 3115 et
1021 3074 1077 3115 non
1098 3058 1134 3115 de
1155 3072 1273 3114 numero
1293 3071 1399 3112 eorum
1426 3075 1494 3131 quae
1576 3127 1577 3130 Ἴ

240 3149 285 3277 hg.
305 3179 493 3296 Indulgentiae
506 3224 553 3282 his
566 3227 615 3300 qui
630 3227 769 3284 veraciter
785 3241 835 3283 eas
855 3226 1079 3298 consequuntur,
1094 3239 1150 3280 non
1165 3223 1262 3280 ualent
1278 3221 1316 3279 ad
1332 3225 1496 3284 remissio·
1576 3263 1577 3274 ,

204 3317 269 3358 nem
282 3317 373 3375 poenac
388 3320 438 3378 pro
452 3307 578 3379 peccatis
592 3307 755 3364 actualibus
770 3306 874 3364 11511115
888 3307 964 3380 apud
978 3307 1105 3362 divinam
1115 3304 1270 3378 justitiam.

225 3387 285 3526 ttiti.
306 3391 488 3450 seducuntur
502 3394 649 3452 credentes
671 3393 867 3466 indulgentias
888 3410 953 3452 esse
972 3393 1114 3452 salutares
1132 3391 1162 3450 et
1181 3391 1218 3448 ad
1237 3391 1352 3449 tructus
1369 3395 1499 3468 spiritus
1576 3355 1577 3422 1

204 3485 223 3527 u
237 3487 246 3526 1
260 3487 301 3527 es.
1576 3479 1577 3498 ¹

239 3557 284 3616 11.
305 3557 861 3630 11111351111005550111115111501111
875 3561 1001 3636 publicis
1013 3561 1199 3631 criminibus,
1215 3561 1244 3617 51
1258 3560 1379 3634 proprie
1395 3577 1505 3618 conce·
1576 3573 1577 3590 ³

204 3637 310 3696 duntur
326 3639 406 3698 duris
417 3641 595 3701 solummodo
610 3646 638 3700 et
651 3643 881 3718 impatientibus.

239 3726 286 3785 11.
305 3730 361 3787 Sex
384 3729 538 3800 generibus
562 3731 710 3788 hominum
732 3731 919 3804 indulgentiae
937 3745 989 3786 nec
1013 3729 1079 3786 sunt
1101 3728 1272 3786 necessariae
1292 3743 1349 3783 nec
1372 3729 1468 3786 utiles
1492 3747 1500 3783 ε

204 3806 339 3865 uidelicet
353 3808 476 3866 mortuis
488 3827 540 3868 seu
554 3812 715 3880 morituris,
730 3812 866 3880 infirmis,
882 3810 1013 3881 legitime
1028 3809 1193 3882 impeditis,
1208 3806 1255 3864 his
1272 3807 1321 3879 qui
1338 3823 1401 3864 nou
1418 3825 1500 3866 com-

204 3886 345 4023 miserupt
356 3890 477 3946 crimina
487 3935 494 3959 ,
504 3888 551 3946 his
566 3892 615 3966 qui
630 3891 751 3948 crimina
761 3891 964 3949 commiserunt
973 3889 1024 3946 sed
1036 3903 1093 3946 non
1103 3889 1232 3964 publica,
1245 3885 1292 3942 bis
1306 3888 1360 3958 qui
1369 3889 1502 3947 meliora
1576 3915 1577 3918 ¹

205 3980 310 4039 operan
323 3985 368 4028 ur.

241 4052 286 4110 13.
302 4056 615 4117 Excommunicationes
639 4061 706 4116 sunt
728 4060 839 4116 tantum
860 4059 985 4115 externae
1008 4074 1115 4132 poenae,
1132 4071 1185 4114 nec
1203 4053 1318 4130 privant
1339 4053 1503 4114 hominem
1576 4111 1577 4114 ,

206 4135 406 4196 communibus
417 4139 619 4214 spiritualibus
630 4137 766 4196 Ecclesiae
781 4138 969 4196 orationihus.

242 4222 287 4279 at.
303 4223 429 4284 Docendi
456 4230 524 4286 sunt
553 4227 703 4286 christiani
728 4226 795 4301 plus
823 4227 946 4300 diligere
967 4223 1309 4310 excommunicationem,
1339 4237 1436 4296 quem
1462 4226 1509 4281 11-

206 4317 295 4362 mere.

242 4389 286 4447 15.
308 4391 451 4451 Romanus
466 4396 611 4464 Pontifex,
624 4394 701 4452 Petri
717 4411 876 4466 successor,
890 4411 949 4452 non
964 4398 1009 4453 est
1023 4393 1129 4453 Christi
1144 4390 1271 4450 vicarius
1287 4405 1380 4462 super
1393 4405 1505 4450 ornnes
1576 4389 1577 4396 ³

205 4469 294 4530 101115
310 4474 409 4531 mundi
423 4476 567 4536 Ecclesiae
583 4477 619 4536 ab
634 4477 697 4552 ipso
712 4476 823 4536 Christo
836 4477 867 4536 in
881 4477 964 4536 beata
975 4477 1057 4535 Petro
1071 4473 1234 4532 1151111115.
