3156 5026
169 163 238 225 111
696 173 900 218 rancreros

169 290 263 363 laem,
280 303 318 350 ex
329 288 402 348 lure
412 289 548 349 Romano
562 283 662 347 valida
675 287 735 360 est;
752 287 782 348 et
799 282 943 365 quamvis
958 303 1020 348 non
1035 284 1196 349 transferat
1207 285 1385 351 dominium
1395 291 1444 354 rei

168 379 203 441 in
219 379 401 456 emptorem,
417 372 559 436 transfert
576 379 680 436 temen
700 373 873 436 dominium
890 373 981 454 pretii
999 373 1036 437 in
1052 375 1253 438 venditorem.
1271 377 1327 440 llio
1344 377 1445 458 igitur

168 467 303 549 pretium
317 462 467 545 ejusmodi
480 467 629 542 tanquam
640 480 733 525 suum
747 463 878 526 retinere
886 466 999 543 potest;
1010 481 1112 544 neque
1124 465 1310 545 quidquam,
1319 467 1444 532 radone

168 556 291 640 injuria
304 556 412 631 illctae,
428 554 532 629 debet,
546 554 610 617 sire
622 554 757 629 domino,
774 558 861 636 cnjus
873 573 939 617 rem
948 555 1132 630 nonhabet,
1146 563 1224 619 etex
1236 561 1325 638 cujus
1334 577 1444 624 senon

169 653 215 710 est
227 646 324 708 lactus
338 643 442 719 ditior,
459 642 523 705 sive
536 643 682 724 emptori,
697 643 751 724 qui
762 643 885 706 nullum
895 645 1045 706 danmum
1054 663 1092 707 ex
1101 645 1317 726 teliemptiona
1330 667 1442 728 possm

168 743 225 800 est.
239 738 286 798 lix
302 751 362 815 quo
374 731 503 795 ulterius
517 731 568 806 fit,
585 738 634 806 ut,
650 732 771 796 etiamsi
790 733 898 795 deinde
916 734 1038 813 deteget
1055 752 1121 796 rem
1133 735 1291 798 venditam
1305 737 1442 802 alienam

168 844 246 900 esse,
263 841 325 886 non
338 829 443 884 tamer
456 826 599 883 teneatur
612 825 666 884 ant
684 837 807 884 monere
822 822 1001 898 dominum,
1020 829 1056 885 ut
1074 841 1140 886 rem
1153 841 1243 886 suam
1262 843 1442 905 recuperare

167 917 277 998 possit,
291 921 346 978 aut
355 912 489 976 indicare
500 912 631 993 emptori
644 931 710 975 rem
723 931 788 976 esse
800 913 943 976 alienam.
956 949 998 960 -
1011 913 1061 976 [n
1075 916 1271 977 conmunics.
1285 951 1328 964 -
1339 917 1438 1000 Lupo,

168 1007 242 1068 diss.
263 1023 343 1078 xrrr,
364 1022 395 1064 n.
416 1006 476 1065 108
496 1007 527 1064 ει
546 1006 616 1065 110.
637 1037 677 1048 -
697 1001 808 1077 Solm„
829 1020 854 1065 c.
880 1021 907 1078 1,
930 1023 962 1065 n.
983 1008 1032 1068 88.
1047 1039 1087 1050 —·
1109 1003 1224 1086 Voqlcr,
1246 1009 1316 1080 eto,
1337 1012 1442 1070 eontra

168 1094 316 1172 Billnort,
338 1111 368 1154 α.
384 1096 438 1165 10,
454 1100 482 1152 et
498 1088 574 1152 alios
594 1090 650 1171 qui
663 1090 853 1153 venditorem
865 1089 1002 1172 obligant
1020 1093 1058 1155 ad
1076 1093 1212 1173 pretinm
1233 1094 1359 1157 domino
1374 1096 1441 1157 red·

168 1184 322 1256 dendum;
338 1180 412 1261 quia
426 1179 543 1260 (aiunt)
558 1178 693 1242 venditio
705 1178 751 1242 rei
763 1179 869 1243 alienae
880 1185 926 1242 est
938 1197 1061 1261 prorsus
1072 1181 1218 1256 invalida,
1229 1182 1359 1264 ideoque
1369 1202 1442 1247 ren·

170 1272 252 1336 ditor
269 1270 417 1352 pretium,
435 1268 517 1348 quod
531 1285 624 1330 suum
642 1275 781 1343 nonest,
797 1269 939 1349 quodque
949 1273 1146 1350 representat
1162 1287 1228 1332 rem
1244 1289 1308 1334 non
1322 1275 1443 1334 exstem

171 1366 247 1435 tem,
265 1360 311 1422 vel
326 1376 393 1438 quae
403 1356 573 1436 recuperari
587 1356 708 1437 nequit,
725 1357 849 1420 domino
860 1357 1017 1421 restituere
1028 1358 1127 1421 debet.

210 1455 243 1512 2⁰
258 1449 313 1509 Ec
328 1447 404 1508 June
420 1443 534 1510 Gallico
549 1444 840 1520 crescitdiiiioultaS,
851 1445 926 1526 quia
937 1465 974 1508 ex
987 1457 1048 1508 art.
1061 1451 1139 1511 1599
1151 1447 1186 1510 C.
1200 1447 1236 1512 C.
1247 1447 1338 1511 irrita
1346 1449 1442 1513 deela-

170 1543 258 1602 retur
275 1533 410 1598 venditio
424 1533 469 1594 rei
485 1533 602 1596 alienae.
624 1533 654 1595 Si
671 1533 766 1613 igitur
781 1534 900 1616 (aiunt)
919 1540 1090 1598 contractus
1104 1535 1193 1616 plene
1207 1535 1318 1599 irritus
1334 1537 1440 1613 inerit,

171 1633 290 1708 emptor
303 1623 393 1705 pretii
407 1622 581 1685 dominium
591 1621 627 1683 in
639 1623 828 1685 venditorem
843 1641 905 1686 non
914 1625 1088 1699 transtulit,
1100 1643 1157 1687 nec
1167 1625 1294 1704 proinde
1304 1627 1443 1690 venditor

169 1719 221 1798 jus
235 1714 334 1777 ullum
347 1713 439 1775 habet
453 1711 492 1773 od
503 1711 636 1791 pretium
650 1710 726 1773 illud
744 1713 939 1775 serrandum.
959 1717 1037 1793 Ergo
1052 1713 1189 1794 pretium
1204 1713 1328 1778 ridetur
1342 1715 1443 1778 relun

86 1845 94 1858 ·
173 1805 308 1868 dendum
320 1802 356 1863 in
370 1799 548 1874 dominum,
565 1798 592 1861 si
603 1799 653 1862 ille
667 1817 733 1861 rem
746 1819 834 1863 suam
844 1800 882 1863 ab
896 1807 1031 1883 emptore
1042 1805 1173 1882 repetere
1183 1809 1329 1883 nequeat.
1340 1839 1379 1852 -
1391 1805 1442 1868 lta

175 1892 331 1969 Curriere,
348 1910 379 1950 n.
393 1893 482 1962 lost,
496 1908 561 1950 crem
576 1888 659 1950 eliis.

214 1985 358 2044 Attamen
368 1977 477 2042 merito
487 1977 697 2042 contradicunt
713 1979 780 2052 elii,
793 1996 925 2059 quorum
941 1980 1092 2043 sententia
1105 1989 1154 2042 rat
1163 1979 1334 2062 probabiles
1347 1980 1441 2044 rideri

176 2072 274 2136 dehet.
290 2074 392 2149 Neque
406 2066 490 2129 enirn
511 2065 599 2146 plane
620 2071 749 2140 constat,
769 2067 861 2130 etiam
879 2087 918 2131 ex
936 2071 1009 2131 lure
1025 2069 1152 2144 Gallico,
1173 2069 1380 2134 venditionem
1394 2070 1441 2132 rei

176 2162 281 2224 eliense
302 2158 401 2219 nullos
420 2155 546 2218 omnino
560 2153 684 2217 effectus
697 2155 817 2219 hahere.
836 2161 881 2219 Ex
895 2158 984 2220 citato
999 2176 1132 2238 namque
1145 2159 1273 2220 articulo
1288 2159 1353 2223 haec
1362 2176 1442 2222 mere

176 2247 284 2313 deduci
297 2249 445 2326 possunt:
464 2251 497 2306 1ο
515 2243 678 2306 dominum
695 2245 740 2308 rei
754 2247 806 2325 jus
826 2264 919 2308 sumn
940 2246 974 2309 in
993 2265 1060 2308 earn
1080 2265 1214 2321 servare;
1228 2251 1261 2308 2⁰
1275 2255 1445 2328 emptorem

177 2336 287 2418 subjici
299 2334 457 2408 evictioni3
472 2337 504 2397 3ο
514 2332 706 2395 venditorem
717 2333 751 2395 in
765 2353 837 2396 oasu
851 2334 1009 2397 evictionis
1023 2339 1078 2398 aut
1091 2335 1294 2398 restitutionis
1308 2355 1346 2398 ex
1357 2341 1446 2415 parte

176 2423 321 2506 emptoris
335 2422 462 2502 obligari
474 2423 513 2485 ad
528 2421 660 2502 pretium
674 2423 804 2504 emptori
818 2423 1053 2486 restituendum.
1068 2424 1150 2488 Nihil
1162 2427 1268 2504 prester
1280 2423 1346 2485 haee
1356 2424 1445 2486 aliud

176 2534 214 2580 ex
226 2511 313 2596 praui
326 2511 529 2574 tribrmalirnn
538 2510 645 2572 deduci
660 2515 768 2591 potest.
782 2512 1019 2592 Ceterum-quid
1032 2512 1259 2575 causaehabetur
1270 2511 1355 2573 inter
1363 2529 1443 2573 uen-

177 2605 308 2666 ditorem
320 2606 350 2663 et
365 2600 527 2662 dominum
541 2599 606 2660 rei?
620 2601 746 2674 Qualem
764 2618 923 2663 recursum
940 2600 990 2662 hic
1006 2600 1042 2663 in
1060 2602 1146 2664 illum
1165 2599 1221 2661 sihi
1239 2597 1373 2660 tribuere
1385 2616 1441 2678 po-

177 2695 257 2756 test?
271 2694 399 2770 Insuper
410 2687 615 2750 durissimum
626 2688 718 2764 foret,
732 2707 818 2764 eum,
836 2690 890 2770 qui
904 2708 959 2752 nec
972 2709 1038 2752 rem
1051 2691 1181 2752 alienam
1194 2687 1323 2768 amplius
1335 2687 1444 2761 habet,

177 2801 233 2844 nec
255 2798 293 2841 ex
311 2797 346 2840 ea
370 2777 461 2840 ditior
477 2776 573 2838 faetus
592 2783 652 2852 est,
668 2779 706 2841 ad
731 2785 856 2841 tantum
877 2779 1108 2842 incommodum
1128 2783 1231 2858 monte
1250 2775 1449 2838 subeundum

179 2867 317 2946 obligari.
338 2865 467 2928 Domino
481 2865 586 2946 itaque
599 2867 638 2928 ad
654 2869 707 2947 jus
724 2885 817 2929 suum
835 2871 889 2929 aut
903 2867 1006 2930 violati
1017 2867 1097 2949 juris
1115 2865 1334 2947 reparationem
1349 2882 1450 2927 eonse-

180 2955 338 3037 quendrnn
351 2954 386 3015 in
400 2953 548 3017 actualem
558 2954 684 3035 quidem
692 2956 737 3018 rei
747 2974 961 3036 possessorem,
972 2963 1027 3018 aut
1037 2956 1181 3018 irrfrrrem
1193 2971 1333 3017 recursus
1346 2971 1447 3034 super-

180 3050 239 3119 est,
253 3044 287 3106 in
301 3043 375 3105 alios
387 3050 492 3106 autern
502 3045 587 3106 nullo
602 3047 700 3108 modo.
714 3081 753 3092 -
767 3047 817 3108 llo
833 3045 966 3124 Gonsset,
982 3047 1017 3106 in
1032 3055 1091 3105 arc.
1106 3047 1197 3118 1889,
1214 3053 1243 3106 et
1255 3043 1322 3104 olii.

221 3136 291 3197 639.
306 3165 347 3177 -
360 3135 462 3207 Qunn.
480 3137 513 3194 5⁰
530 3131 581 3193 Aa
597 3134 672 3214 quid
687 3143 801 3196 tenetur
811 3154 958 3217 possessor
980 3135 1062 3195 bonae
1080 3131 1173 3215 fidei,
1189 3137 1218 3193 si
1238 3152 1301 3194 rem
1319 3131 1447 3193 alienum

181 3221 313 3307 promito
328 3229 480 3301 acceptam
494 3221 584 3282 alleri
598 3221 788 3284 vendiderit?

222 3313 312 3393 Hesp.
331 3315 362 3372 1ο
377 3309 416 3369 In
434 3327 505 3369 cosa
527 3310 683 3371 coactionis
703 3316 824 3375 tenetur
846 3312 978 3393 emptori
994 3314 1146 3376 damnum
1168 3311 1352 3392 rependere,
1370 3315 1406 3371 ut
1417 3307 1448 3368 in

183 3419 255 3465 essu
269 3397 461 3482 praecedenti.

223 3490 311 3571 Resp.
325 3493 358 3550 80
372 3487 476 3548 Extra
490 3505 591 3548 casnm
605 3490 773 3564 evico'onis,
789 3491 911 3571 quando
926 3487 1039 3552 scilicet
1052 3507 1129 3552 resa
1142 3489 1269 3552 domino
1284 3483 1451 3567 recuperari

185 3577 304 3658 nequit,
317 3577 380 3638 sive
391 3576 464 3656 quia
480 3575 610 3639 ultimus
624 3595 776 3657 possessor
788 3597 855 3641 eom
869 3579 1069 3659 consumpsit,
1084 3579 1148 3640 sive
1163 3579 1237 3658 quia
1248 3578 1309 3640 iste
1323 3573 1451 3654 amplius

185 3685 248 3729 non
262 3669 430 3745 comparet,
446 3665 587 3728 venditor
604 3668 694 3745 juxta
715 3685 910 3749 communem
934 3667 1117 3729 sententiam
1137 3671 1238 3728 lotum
1259 3664 1395 3745 pretium
1415 3659 1450 3721 ab

185 3761 320 3833 emptore
333 3758 488 3832 receptum
505 3753 540 3815 in
554 3754 714 3818 dominum
728 3756 886 3818 refundere
902 3756 999 3818 debet.
1016 3755 1103 3819 Ren'o
1117 3760 1174 3829 est,
1190 3753 1263 3834 quie
1273 3771 1313 3815 ex
1326 3757 1389 3814 toto
1402 3749 1451 3810 illo

186 3842 282 3923 pretio
300 3861 367 3906 vere
378 3841 471 3904 ditior
485 3840 583 3904 lactus
600 3849 660 3918 est,
678 3846 753 3907 dum
775 3863 791 3906 ε
814 3843 963 3907 contrario
983 3843 1128 3906 dominus
1140 3861 1173 3905 re
1188 3861 1244 3904 sua
1257 3841 1375 3922 injuste
1388 3855 1451 3918 spo·

185 3931 279 3992 lictus
295 3935 393 3993 totum
407 3930 452 3993 rei
466 3932 617 3993 damnum
631 3932 735 3995 subire
748 3934 875 4014 cogitur.
891 3936 960 3994 lam
977 3951 1048 3995 vero
1061 3933 1192 3994 minime
1206 3947 1332 4012 equum
1344 3933 1406 4002 est,
1420 3931 1453 3986 ut

187 4038 269 4081 unus
282 4037 354 4082 oum
368 4019 495 4083 alterius
503 4021 623 4100 jactura
630 4039 668 4083 ex
677 4022 768 4084 rebus
783 4026 848 4104 ejus
857 4022 1065 4101 locupletetur.
1075 4021 1162 4084 Unde
1176 4020 1226 4083 hio
1234 4016 1391 4083 indemnis
1400 4031 1455 4076 ser·

188 4109 308 4170 raudus
321 4114 416 4170 estex
428 4110 510 4171 luero
525 4111 607 4190 quod
619 4111 760 4173 venditor
773 4109 958 4191 percepit-
965 4109 1085 4192 Vopler,
1097 4113 1175 4173 η.88
1186 4119 1215 4172 el
1225 4108 1284 4171 olii
1294 4101 1453 4168 innumeri.

228 4196 360 4272 Quidam
382 4204 485 4259 tamen
503 4197 690 4261 venditorem
709 4199 747 4262 ab
766 4199 851 4262 omni
872 4198 1053 4278 obligatione
1074 4197 1221 4272 liberent,
1238 4195 1312 4279 quis
1331 4194 1366 4257 in
1385 4207 1456 4254 enm

188 4284 310 4346 nullum
333 4303 492 4348 recursum
515 4287 625 4350 habere
643 4293 742 4367 potest
765 4288 923 4361 dominus,
940 4287 1024 4350 haud
1043 4303 1181 4350 socusac
1200 4287 1235 4349 in
1256 4303 1328 4349 casu
1350 4297 1458 4364 praece

190 4371 286 4522 (ιεῦεῢιέ.
302 4373 404 4522 {Ito
424 4375 564 4454 Gousset,
581 4397 612 4437 n.
628 4380 698 4440 930.
714 4413 754 4423 -
770 4379 913 4440 Attamen
936 4395 954 4439 a
974 4375 1132 4438 communi
1154 4375 1307 4440 sententia
1330 4390 1393 4435 non
1414 4373 1459 4432 est

190 4478 222 4522 rc
277 4479 315 4522 en
335 4480 401 4524 um.
