3168 5002
454 283 747 330 raorosrrrouusr
770 283 1022 332 nsussrsnuu
1329 274 1374 336 59

102 399 192 458 riores
207 397 403 455 ordinationes
417 396 580 471 spectantes
596 396 656 452 sive
669 394 703 452 ad
716 394 814 452 Fidem
827 397 856 452 et
869 411 974 464 mores,
991 395 1052 452 sive
1062 394 1098 452 ad
1113 394 1275 468 generalem
1290 399 1376 456 disci-

101 482 221 556 plinam,
237 493 357 551 quarum
369 477 418 550 Jus
431 478 476 533 est
492 492 580 550 penes
594 491 721 534 summos
735 475 888 532 Pontifices
903 478 931 533 et
946 475 1073 534 Consilia
1088 477 1231 548 generalia
1244 494 1294 550 pro
1309 479 1375 535 nni-

103 577 185 621 versa
196 558 346 617 Ecclesia:
787 606 791 615 .

482 627 686 698 Schismatica‚
702 627 738 684 ad
755 627 852 684 minus
868 643 996 684 erronea.

135 751 164 808 7.
178 754 261 819 item,
275 749 306 805 iu
320 765 355 805 eo
367 748 443 821 quod
456 747 588 806 hortatur
600 748 773 823 Episcopum
786 747 827 804 cot
839 749 1078 821 prosequendam
1091 746 1211 804 mutter
1218 748 1378 823 perfectio-

103 849 167 889 rem
180 829 387 888 sedeciasts'aae
398 827 570 902 discipliuae
585 827 829 885 constitutionem
834 846 845 895 ;
861 827 957 902 idque,
968 835 1073 885 contra
1090 844 1194 885 omues
1207 831 1377 886 contrarias

15 925 16 948 ³
104 909 344 976 cmuaetudines,
353 909 568 984 sumptiones,
576 908 802 976 resouatioues
813 925 879 982 quse
892 909 1178 967 adversanturbouc
1190 909 1295 967 ordini
1307 909 1379 968 ctioe·

15 1001 16 1024 ³
104 990 190 1058 essu,
203 989 319 1064 majori
329 988 435 1063 quus
446 989 517 1054 Dei,
532 994 560 1044 et
575 989 690 1063 majori
701 988 897 1062 edificationi
909 988 1066 1061 fidetium:

138 1074 190 1128 Per
205 1071 234 1127 id
251 1069 325 1144 quod
341 1070 490 1145 supponit,
505 1070 644 1143 Episcopo
664 1069 707 1126 las
725 1085 789 1126 esse
804 1070 918 1143 proprio
938 1085 991 1126 sno
1001 1070 1112 1142 judicio
1125 1071 1155 1127 et
1167 1069 1307 1127 arbitratu
1323 1073 1379 1127 sta-

104 1154 183 1210 tuere
198 1154 228 1209 et
242 1151 396 1208 decernere
408 1153 505 1207 contra
520 1149 759 1218 consuetudines,
775 1151 986 1223 exemptiones,
1002 1151 1227 1218 mercationes,
1243 1151 1380 1223 sineque

104 1232 134 1290 in
152 1231 292 1288 universa
311 1231 455 1301 Ecclesia,
472 1231 534 1287 sive
552 1231 640 1286 etiam
662 1231 692 1286 in
714 1245 884 1303 unaquaque
903 1231 1050 1305 provincia
1065 1231 1164 1287 locum
1179 1230 1301 1300 habent,
1319 1233 1379 1288 sive

104 1312 189 1370 renis
203 1313 232 1369 et
246 1313 411 1368 interventu
425 1310 600 1384 Superioris,
616 1309 800 1367 hierarchicae
819 1312 987 1383 potestatis,
1002 1327 1019 1368 a
1037 1327 1093 1384 qua
1107 1311 1231 1368 inductae
1249 1313 1316 1368 sunt
1330 1314 1380 1368 aut

105 1391 246 1466 probatae,
260 1394 289 1449 et
300 1393 360 1449 vim
372 1391 446 1462 legis
460 1391 609 1448 obtinent:

142 1480 284 1537 inducens
299 1479 331 1535 in
349 1478 475 1535 schisma
489 1480 519 1535 et
531 1477 747 1536 subversionem
760 1477 930 1534 hierarchici
944 1478 1110 1548 regiminis,
1126 1494 1255 1535 erronea.

140 1607 167 1666 8.
178 1609 261 1678 lum,
276 1607 353 1681 quod
366 1609 395 1664 et
408 1606 464 1664 sibi
479 1622 650 1681 persuasum
663 1623 728 1663 esso
740 1606 792 1674 ait,
800 1606 878 1679 jura
890 1604 1034 1680 Episcopi
1047 1623 1068 1662 a
1078 1605 1151 1662 Jcsu
1170 1605 1287 1664 Christo
1301 1623 1381 1662 acce-

106 1693 155 1763 pta
167 1705 225 1761 pro
237 1687 439 1762 quberaauda
458 1685 593 1744 Ecclesia
608 1705 662 1744 uec
678 1685 805 1743 alterari
819 1703 872 1743 aea
891 1684 1037 1758 impediri
1049 1701 1151 1760 posse,
1163 1691 1205 1753 et,
1216 1685 1271 1742 ubi
1285 1685 1367 1742 couti
1375 1717 1383 1728 ·

108 1769 183 1842 perit
201 1767 314 1826 horum
328 1767 451 1841 jeriau
469 1767 652 1825 exercitium
664 1767 772 1840 quavis
789 1767 825 1824 de
841 1783 933 1823 causa
951 1763 1047 1840 fuisse
1063 1765 1285 1838 iutcmuptum,
1297 1781 1383 1838 posse

107 1865 222 1922 semper
232 1848 418 1922 Episcopum
429 1865 465 1904 ac
477 1848 582 1905 debers
597 1847 632 1903 ia
646 1846 821 1922 oriqinaria
834 1864 892 1903 sua
902 1847 977 1919 jura
992 1845 1128 1920 aequasti,
1141 1849 1384 1920 quotiescumque

108 1929 141 1986 id
156 1928 255 2002 atqie
269 1927 373 2001 suajus
387 1928 499 1986 bonum
514 1945 578 1985 suae
593 1927 750 1995 Ecclesiae3

146 2011 179 2066 ln
191 2025 226 2065 co
238 2008 313 2082 quod
328 2008 437 2077 innuit,
449 2009 559 2082 jurium
578 2008 786 2084 episcopalium
803 2007 970 2065 exercitium
988 2003 1070 2062 nulla
1089 2005 1229 2081 superiori
1244 2005 1384 2080 potestate

112 2089 265 2164 praepediri
275 2089 325 2145 aut
338 2089 461 2146 coerceri
471 2105 567 2164 posse,
577 2088 814 2163 quandocumque
823 2088 981 2162 Episcopus
992 2088 1106 2160 proprio
1117 2085 1226 2158 judicio
1241 2085 1386 2144 censuerit

113 2171 212 2227 minus
224 2169 255 2226 id
267 2168 401 2242 expedire
415 2170 515 2243 majori
531 2170 604 2228 bono
617 2187 677 2228 suae
692 2169 846 2227 Ecclesiae:

149 2257 292 2316 inducens
305 2257 335 2312 in
348 2256 475 2316 schisma
489 2259 518 2316 et
530 2258 746 2316 subversionem
762 2254 932 2314 hierarchici
951 2253 1117 2327 regiminis,
1132 2270 1261 2312 erronea.

303 2457 348 2501 JUS
364 2459 510 2502 PERPERAM
529 2459 673 2502 salsurus!
692 2457 851 2502 insanionis
869 2455 979 2500 caumas
997 2454 1202 2498 SACERDOTlBUS

500 2541 528 2583 nt
548 2539 681 2583 nscaffls
699 2538 775 2582 EIDEI
792 2539 826 2581 ΕΤ
845 2537 1005 2580 prememus

262 2653 355 2726 Epist.
367 2669 486 2710 mauce.

151 2743 177 2800 9.
200 2743 349 2810 Doctrina,
374 2757 437 2813 quae
461 2741 578 2808 statuit,
598 2737 848 2814 reformationem
872 2736 1023 2794 macarem
1049 2734 1132 2791 circa
1157 2731 1388 2791 acclamastiaam

118 2821 314 2896 disciplinam
329 2821 365 2876 iu
378 2820 510 2895 Synodis
528 2819 707 2878 dioecesauis
721 2819 758 2874 ab
778 2817 925 2891 Episcopo
942 2822 970 2873 et
983 2814 1127 2890 parocbia
1145 2813 1300 2887 sequatiter
1316 2829 1390 2885 peu·

120 2903 187 2960 dere
206 2921 243 2960 ac
260 2900 394 2959 stabit-iai
416 2901 536 2969 debere,
554 2917 589 2958 ae
606 2899 673 2956 siue
689 2896 824 2956 libertate
846 2895 1008 2954 decisionis
1025 2893 1193 2952 indebitam
1208 2895 1274 2966 fore
1293 2891 1389 2966 subje-

119 2985 246 3042 ctionem
260 2981 500 3058 suqqestionibus
515 2985 543 3038 et
551 2979 745 3055 jussionibus
761 2978 1007 3051 Episcoporum:

151 3063 250 3133 Falsa,
265 3063 431 3130 temeraria,
445 3062 626 3135 Episcopalis
642 3059 823 3117 auctoritatis
837 3059 953 3126 laesiua,
967 3055 1119 3128 regiminis
1133 3053 1303 3111 hierarchici
1320 3052 1390 3111 sub-

185 3145 316 3215 sersira,
327 3145 425 3201 larena
438 3142 541 3198 haeresi
556 3142 664 3198 arianae
678 3157 696 3196 a
710 3139 827 3198 Calvino
842 3138 995 3195 innovatae.

260 3273 312 3331 Eae
332 3271 416 3348 epist.
435 3287 568 3340 concae„
582 3287 623 3328 ea
636 3269 720 3345 epist.
738 3268 780 3326 aci
797 3269 897 3326 Vicae.
912 3267 987 3342 sor„
1000 3282 1040 3324 erc
1059 3269 1135 3324 orat.
1152 3266 1192 3324 ad
1207 3263 1319 3338 Squad.
1331 3261 1350 3334 ἓ
1363 3261 1390 3328 8,

297 3371 338 3410 eac
349 3369 419 3410 sess.
436 3369 483 3410 ur.

155 3459 530 3531 10.1uem‚doctrina‚qua
548 3456 664 3532 parochi
676 3455 770 3532 ¹aliiue
790 3453 951 3512 sacerdotes
973 3453 1003 3509 in
1020 3450 1132 3524 Synodo
1150 3446 1312 3521 congregati
1331 3463 1393 3519 pro-

121 3542 290 3598 nuntiantur
311 3555 367 3597 una
388 3555 454 3595 cum
474 3539 614 3612 Episcopo
634 3535 748 3609 judices
768 3533 865 3603 Fidei,
889 3535 918 3590 et
943 3531 1030 3590 simul
1051 3530 1183 3588 innuitur
1199 3527 1340 3601 judicium
1362 3527 1392 3582 in

121 3622 217 3680 causis
236 3619 317 3678 Fidei
338 3619 412 3693 ipsis
430 3619 591 3694 competere
606 3617 670 3692 J'ure
690 3615 818 3691 proprio,
838 3615 867 3671 et
885 3611 1001 3686 quidem
1014 3612 1103 3669 etiam
1119 3607 1394 3685 perordinationem

123 3703 257 3851 aegeam}
270 3781 434 3850 temeraria,
445 3779 555 3838 ordinis
569 3776 739 3837 hierarchici
752 3773 931 3843 subversus,
943 3772 1097 3832 detrahens
1111 3767 1239 3828 firmitati
1254 3765 1395 3824 definitio·

192 3879 262 3920 num
273 3861 486 3936 judiciorumre
496 3858 721 3933 dramaticorum
736 3855 887 3925 Ecclesia,
902 3855 938 3912 ad
952 3854 1050 3912 minus
1063 3866 1192 3911 erronea.

158 4081 204 4142 ll.
220 4080 399 4139 Sententiam
422 4079 594 4146 enuntians,
613 4075 705 4134 reteri
726 4076 866 4148 majorum
889 4072 1037 4141 instituto,
1059 4068 1095 4125 ab
1116 4063 1282 4140 apostolicis
1305 4080 1396 4137 usque

123 4162 302 4236 temporibus
323 4159 424 4229 ducto,
438 4175 489 4233 per
510 4157 629 4215 meliora
649 4155 787 4214 Ecclesia
808 4153 913 4212 saeeula
934 4151 1061 4218 serrato,
1078 4146 1224 4220 receptum
1242 4145 1348 4214 tuisse,
1363 4149 1397 4200 ut

123 4244 253 4311 decute,
268 4245 323 4299 cut
334 4237 539 4312 definitiones,
550 4241 604 4294 aut
616 4235 771 4295 sentesdae
787 4234 880 4292 stiam
889 4232 1045 4306 „sajorum
1058 4225 1176 4285 sedium
1190 4243 1254 4284 mou
1267 4227 1399 4299 accepta·

122 4329 246 4391 rentur,
259 4320 325 4379 uisi
336 4318 497 4394 recoquitur
508 4316 640 4392 fussent
654 4321 680 4373 et
696 4315 869 4391 approbata
884 4309 1037 4386 asparso
1052 4306 1240 4365 dissessum:

159 4402 259 4472 Falsa,
274 4401 441 4470 temeraria,
457 4399 598 4470 derogans
615 4413 667 4472 pro
686 4412 739 4453 sua
752 4394 939 4468 generalitate
957 4387 1127 4447 obedtentiae
1143 4387 1246 4445 dehita
1259 4385 1399 4443 constitu-

198 4483 326 4541 tionibus
340 4481 507 4556 apostolicis
519 4481 580 4536 tum
589 4481 619 4535 et
631 4475 783 4534 sentsmiis
795 4474 830 4532 ab
840 4471 1016 4531 hierarchica
1027 4469 1174 4546 superiore
1184 4466 1312 4540 legitima
1323 4466 1399 4538 pote-

201 4565 275 4623 state
290 4559 488 4632 manantibus,
504 4557 630 4617 schisma
642 4558 742 4615 fovens
755 4557 784 4614 et
798 4550 941 4612 heresim.
