3156 5026
201 217 270 280 426
734 228 940 274 rnnorsrus

201 349 263 416 est,
276 341 350 422 quia
367 347 440 404 tunc
454 340 574 404 furtum
588 359 651 403 non
672 339 734 403 fuit
754 359 844 404 causa
864 339 985 414 damni,
1001 341 1052 402 sed
1067 358 1114 402 res
1126 357 1212 420 aeque
1223 346 1255 401 et
1266 341 1372 403 eodem
1385 345 1478 406 modo

201 439 233 494 et
251 438 386 511 tempore
403 429 553 510 periisset.
568 430 669 492 -lta
683 433 887 492 communiter.
899 465 939 476 -
951 427 985 490 S.
1002 429 1086 510 Lip„
1100 449 1131 490 n.
1152 431 1227 502 620;
1242 427 1337 490 Hom.
1356 431 1476 513 Apost,

200 520 238 582 de
257 525 290 582 ’1ο
308 530 471 601 praeopto,
487 539 518 580 n.
536 523 586 581 79.
602 555 643 564 -
659 519 762 600 Lupo,
782 518 860 601 disp.
884 537 980 593 nuru,
1003 539 1035 581 o.
1057 521 1126 580 111.
1142 551 1183 562 -
1207 515 1326 598 Vopler,
1346 539 1378 580 n.
1400 525 1476 594 501,

201 612 306 672 contro
318 607 468 686 Conona,
484 611 540 670 etc.

242 697 319 760 Dici
339 701 371 760 l⁰
388 697 416 757 si
433 715 481 758 res
497 699 635 777 perituro
650 695 758 775 scisset
778 695 877 757 eodem
899 704 1030 776 tempore
1051 694 1136 778 apud
1154 693 1334 768 Bonosum
1353 697 1430 777 quis
1452 697 1478 761 si

201 786 339 867 peritma
351 784 459 846 fuisset
472 791 577 859 antea,
591 791 622 847 et
642 783 724 847 furto
745 784 981 846 adscribendum
1000 791 1062 857 est,
1077 784 1158 864 quod
1171 802 1235 845 non
1251 783 1400 863 perierit:
1412 789 1478 866 jam

205 875 244 937 ad
257 874 433 946 dominum,
449 873 525 934 dum
539 892 630 952 penes
643 871 744 935 furem
760 873 918 946 manebat,
936 890 1054 952 semper
1068 871 1235 946 clamabat,
1247 877 1304 934 nec
1319 872 1476 952 periisset,

205 963 231 1026 si
241 967 308 1044 jam
326 961 436 1023 luisset
452 962 610 1036 restituta;
627 979 696 1042 ergo
719 960 769 1024 fur
786 962 824 1024 ad
843 959 1070 1024 restitutionem
1089 965 1211 1022 tenetur
1226 979 1233 1020 :
1248 959 1274 1022 si
1289 979 1361 1023 vero
1375 971 1479 1043 postea

202 1051 340 1132 peritura
356 1049 464 1112 fuisset
485 1050 565 1130 apud
584 1050 761 1124 dominum,
782 1055 871 1130 urget
896 1049 1000 1112 eadem
1025 1048 1168 1128 obligatio
1195 1048 1403 1112 restitutionis
1422 1071 1478 1132 pro

204 1140 285 1214 iure,
306 1137 360 1220 qui
381 1158 414 1200 oo
436 1137 583 1213 instanti,
607 1157 668 1221 quo
691 1156 739 1202 res
759 1157 851 1220 penes
870 1157 901 1201 se
923 1138 1029 1218 periit,
1052 1137 1267 1217 obligationem
1293 1138 1477 1202 restituendi

202 1227 364 1292 contraxit.

244 1317 321 1378 Daoi
330 1319 363 1378 2⁰
375 1315 475 1379 codem
491 1315 628 1398 periculo
631 1334 645 1395 ,·
660 1317 734 1398 quia
747 1315 802 1378 ubi
817 1315 987 1398 periculum
1001 1321 1048 1377 cst
1061 1313 1189 1378 omnino
1209 1315 1384 1393 diversum,
1402 1317 1477 1380 bene

204 1412 304 1486 potest
316 1406 465 1485 imputari
475 1404 538 1468 furi
550 1407 631 1486 quod
643 1410 755 1486 pereat,
765 1405 838 1486 quia
850 1405 916 1467 sine
927 1407 993 1487 ejus
1006 1403 1087 1466 lurtc
1099 1421 1147 1466 res
1159 1403 1232 1466 huic
1244 1403 1377 1484 periculo
1389 1425 1478 1486 expo-

202 1494 263 1556 sita
282 1512 345 1556 non
360 1493 483 1570 luisset,
497 1494 640 1574 quamvis
655 1494 739 1557 aliud
759 1492 923 1556 discrimen
942 1493 1098 1555 subiisset.
1113 1529 1152 1537 -
1168 1492 1204 1554 S.
1221 1493 1292 1574 Lip.
1304 1513 1336 1554 n.
1353 1498 1425 1559 620.
1438 1531 1478 1540 -

205 1583 309 1663 Aliqui
329 1589 431 1644 tamen
451 1581 676 1658 contradicunt,
692 1581 765 1663 quia
779 1581 901 1663 (aiunt)
913 1581 1037 1662 perinde
1055 1587 1116 1656 est,
1133 1580 1197 1643 siva
1212 1599 1260 1643 res
1271 1580 1305 1643 in
1320 1581 1398 1658 isto,
1414 1583 1478 1647 siro

204 1671 238 1733 in
251 1671 308 1733 olio
323 1670 454 1752 periculo
467 1672 613 1746 intereat,
630 1671 752 1751 quondo
769 1678 938 1751 utriunque
952 1669 1118 1733 discrimen
1132 1669 1226 1732 simul
1238 1669 1395 1734 coexistat.

246 1763 291 1820 Ex
310 1763 383 1822 ture
405 1759 488 1821 civili
502 1764 589 1824 Rom.
610 1766 641 1822 et
659 1758 748 1833 Gall,
766 1777 959 1842 quocumque
976 1759 1066 1820 modo
1079 1775 1126 1820 res
1140 1757 1268 1838 perierit
1282 1757 1317 1820 in
1333 1760 1478 1822 manilius

205 1849 384 1928 possessoris
397 1849 485 1912 malac
499 1849 580 1922 fidei,
597 1850 636 1912 ad
649 1849 879 1911 restitutionem
890 1847 941 1910 hic
952 1853 1085 1910 tenetur.
1101 1848 1249 1909 Attamen
1272 1864 1334 1909 non
1353 1849 1476 1911 ridetur

207 1939 244 2000 ad
257 1937 485 1999 restitutionem
501 1937 681 2018 obligandus
694 1944 765 1999 anto
780 1935 894 2019 judicis
910 1936 1114 2010 sententiam,
1129 1934 1192 1997 nisi
1204 1934 1296 1998 illum
1305 1938 1373 2016 jure
1383 1944 1475 2000 natu-

206 2025 261 2088 rali
276 2025 402 2106 obligari
417 2031 543 2088 constet.
558 2061 598 2071 -
614 2025 770 2104 Carrio-e,
788 2046 819 2085 n.
835 2028 926 2089 1011.
940 2059 980 2070 -
996 2022 1132 2102 chsset,
1144 2045 1175 2084 o.
1192 2027 1265 2087 933.

208 2101 215 2118 ’
245 2118 364 2178 uta-
382 2118 484 2190 Quinc.
510 2118 543 2178 3ο
563 2115 616 2176 Ad
637 2114 713 2197 quid
735 2123 871 2176 teneatur
886 2133 1040 2196 possessor
1062 2112 1150 2177 males
1173 2113 1262 2195 fidei,
1284 2113 1400 2195 qamtdo
1425 2135 1475 2176 res
1565 2087 1566 2090 Ἴ

204 2206 323 2264 corium
336 2202 442 2264 tabuit
452 2203 581 2266 calorem
596 2213 727 2286 tempore
742 2203 939 2265 detentionis?

246 2292 334 2373 [ἔαρ.
350 2297 400 2354 1⁰:
416 2295 576 2373 Tanquam
590 2296 671 2355 certa
682 2292 823 2354 habenda
835 2299 908 2355 sunt
919 2309 989 2372 quaa
1002 2295 1193 2372 sequuntur:

248 2386 279 2442 1ο
300 2379 332 2443 Si
355 2399 403 2442 res
426 2381 508 2462 apud
532 2382 632 2444 furem
652 2381 783 2443 deterior
803 2379 881 2443 iacta
902 2380 1010 2455 merit,
1034 2379 1221 2442 restituenda
1241 2383 1287 2440 ost
1308 2382 1477 2442 secundum
1566 2389 1567 2424 l

207 2468 340 2530 valorem
354 2487 447 2548 quom
460 2470 591 2532 habebat
605 2488 665 2550 quo
679 2477 814 2550 tempore
831 2469 951 2532 sublata
965 2475 1023 2531 est.
1039 2471 1130 2530 Sccus
1148 2467 1229 2530 enim
1248 2465 1394 2530 donnaus
1413 2487 1478 2531 non

206 2556 351 2637 reciperet
363 2557 396 2620 id
408 2575 498 2620 omno
511 2559 592 2639 quod
604 2575 697 2621 suurn
712 2565 788 2620 erat.

247 2651 281 2710 2⁰
292 2647 325 2710 si
338 2665 385 2709 res
398 2649 479 2728 apud
494 2647 594 2710 iurem
608 2647 719 2721 orarit,
734 2646 854 2710 restitui
867 2647 957 2709 debet
970 2664 1040 2709 cum
1054 2645 1194 2709 omnihus
1205 2643 1407 2705 incrementis
1421 2643 1477 2706 hic

205 2740 236 2798 st
256 2754 339 2798 nunc
360 2736 582 2813 existentibus;
600 2736 673 2818 quia
695 2753 743 2798 ros
764 2753 883 2816 semper
899 2736 938 2798 ad
957 2735 1121 2798 dominum
1139 2732 1281 2815 pertinet,
1294 2737 1326 2793 ot
1338 2749 1395 2812 pro
1408 2731 1480 2812 ipso

203 2825 322 2886 crescit.

247 2917 279 2975 3ο
300 2913 331 2974 Si
352 2915 496 2977 dominus
519 2933 585 2977 rem
608 2931 696 2977 suam
716 2914 825 2978 luisset
845 2914 1028 2977 venditurus
1051 2931 1085 2976 eo
1107 2919 1242 2994 tempore
1261 2930 1322 2993 quo
1338 2909 1400 2974 luit
1420 2909 1477 2972 sihi

204 3001 323 3076 ablata,
344 3009 375 3064 et
394 3003 443 3065 sur
464 3006 568 3066 codem
590 3011 724 3085 tempore
742 3023 809 3066 cam
828 3003 1000 3066 vendiderit
1017 3010 1073 3065 aut
1093 3001 1336 3083 consumpserit,
1358 3005 1478 3062 tenetur

209 3096 332 3152 tantum
344 3092 504 3154 restituere
517 3094 650 3155 valorem
662 3111 754 3174 quem
761 3092 893 3155 habebat
904 3093 1026 3172 quando
1037 3091 1124 3154 illam
1139 3090 1303 3170 surripuit.

247 3183 279 3242 1ο
291 3178 323 3242 Si
334 3197 382 3241 res
396 3182 476 3260 apud
488 3181 587 3243 iurem
602 3182 729 3244 creverit
745 3187 775 3243 et
794 3188 898 3262 posteo
916 3179 1098 3254 decreverit,
1118 3184 1149 3241 ct
1166 3184 1285 3241 constet
1298 3177 1473 3248 dominum,

207 3285 241 3330 co
256 3274 407 3348 tempore,
425 3288 485 3349 quo
496 3271 620 3351 majoris
639 3276 704 3333 crat
721 3271 829 3351 pretii,
844 3270 1045 3332 venditurum
1058 3269 1143 3330 illam
1157 3267 1255 3330 fuisse
1271 3273 1327 3329 aut
1338 3282 1476 3329 consom-

208 3362 352 3436 pturum,
366 3356 416 3418 fur
426 3358 465 3418 ad
477 3363 578 3420 totum
593 3362 693 3440 majus
705 3359 839 3438 pretium
854 3359 1042 3420 reddendum
1057 3362 1188 3419 tenetur.

248 3451 282 3509 5⁰
298 3447 330 3508 Si
351 3445 400 3509 fur
420 3465 487 3510 rem
509 3465 527 3508 a
548 3447 672 3510 domino
689 3465 751 3509 non
770 3448 951 3510 servandam
964 3445 1187 3527 consumpserit
1201 3449 1337 3525 tempore
1351 3441 1478 3505 minoris

210 3535 314 3614 pretii,
331 3554 393 3598 non
409 3542 530 3598 tenetur
546 3537 584 3598 ad
603 3536 832 3598 restitutionem
847 3535 1044 3610 incrementi,
1061 3536 1169 3598 saltem
1184 3532 1396 3616 procacitas·
1408 3529 1478 3611 quia

209 3639 273 3683 non
290 3624 413 3686 ditescit
432 3643 468 3686 ex
489 3624 650 3699 malicus,
665 3643 720 3687 nec
735 3624 884 3707 injuriam
904 3624 998 3687 infert
1011 3623 1145 3687 domino.
1162 3659 1202 3668 -
1220 3621 1268 3684 lto
1283 3623 1476 3692 mmmmm,

209 3716 313 3773 contra
330 3713 459 3792 aliquos.
478 3749 517 3760 --
538 3713 663 3793 Excipe,
680 3714 707 3774 si
728 3713 872 3776 dominus
889 3731 988 3775 emere
1008 3731 1071 3775 non
1091 3711 1243 3792 potuisset
1259 3712 1367 3773 eodem
1385 3706 1478 3789 pretio

209 3817 274 3861 rem
288 3807 475 3880 consumpte
489 3802 634 3863 similem.
649 3837 688 3848 -
702 3801 739 3864 S.
755 3802 825 3883 Lip.
843 3821 874 3862 n.
893 3807 964 3866 unt.

248 3893 282 3951 6ο
303 3889 335 3951 Si
353 3889 403 3952 lur
421 3908 485 3952 rem
504 3909 521 3952 a
543 3890 667 3953 domino
688 3909 750 3953 non
771 3893 952 3954 servandam
973 3889 1114 3954 vendidit
1130 3891 1177 3952 vcl
1192 3887 1387 3968 consumpsit
1399 3893 1479 3948 tem·

209 3994 280 4056 pore
293 3979 418 4059 majoris
428 3978 529 4060 pretii,
544 3985 667 4040 tenetur
677 3979 754 4042 illud
768 3979 902 4059 prolium
917 3979 1041 4042 domino
1053 3980 1187 4051 reddero,
1200 3978 1270 4040 licet
1284 3976 1369 4039 aliud
1384 3971 1480 4036 domi-

210 4083 269 4127 nus
283 4067 319 4128 de
337 4085 370 4129 re
385 4067 520 4131 facturus
536 4067 658 4143 luisset3
674 4069 809 4148 quiores
828 4067 952 4131 domino
967 4087 1023 4130 suo
1034 4067 1215 4150 fructificat.
1232 4064 1338 4127 -Ito
1354 4080 1481 4125 monce

209 4156 299 4217 niter.
315 4191 355 4202 -
369 4158 405 4219 S.
420 4159 491 4238 Liq.
508 4177 539 4220 n.
553 4161 624 4220 om.

248 4244 339 4326 Καρ.
362 4249 414 4307 1οῑ
432 4245 675 4308 Controvertitur
692 4263 764 4308 vero
782 4253 891 4309 utrum
908 4245 959 4308 lor
976 4245 1139 4309 restituere
1157 4249 1299 4308 teneatur
1312 4259 1379 4305 rem
1394 4237 1483 4302 furti-

210 4349 281 4394 vam
289 4337 380 4413 juxta
393 4337 549 4414 majorem,
563 4339 656 4416 que'm
670 4335 834 4415 aliquando
846 4335 966 4410 habuit,
984 4337 1128 4410 valorem,
1143 4333 1172 4397 si
1185 4333 1331 4396 dominus
1342 4329 1485 4394 eamdem

209 4437 275 4480 rem
294 4441 391 4502 usque
407 4423 446 4485 ad
464 4431 585 4503 tempus
603 4423 732 4486 minoris
748 4425 841 4504 pretii
860 4432 1038 4488 servaturus
1052 4424 1177 4498 fnisset,
1192 4421 1240 4485 vol
1256 4419 1383 4496 sicam,
1398 4423 1484 4481 anto-

209 4525 303 4589 quam
314 4511 447 4589 pretium
462 4513 597 4592 ejusdcm
612 4513 770 4588 crevisset,
782 4513 891 4576 fuisset
902 4520 1153 4594 consumpturus.
