3156 5026
202 198 271 261 131
736 205 942 252 renarrans

202 328 249 387 est
272 320 408 384 dicende.
430 317 531 394 Unde,
555 318 582 380 si
603 318 705 380 tradas
721 316 858 397 gladium
881 315 964 380 'litio
987 316 1101 398 absque
1120 315 1301 397 praevisione
1323 319 1477 399 probabili

201 415 267 494 ejus
290 409 419 483 abusus,
444 425 506 469 non
525 424 556 470 55
579 405 743 487 injustitiae
763 423 848 481 reus,
874 404 901 468 si
928 405 979 468 ille
999 404 1202 469 homicidium
1225 423 1297 470 cum
1321 425 1357 472 co
1377 409 1478 488 gladio

224 497 383 564 atraverit.

203 520 274 652 p3⁰
300 583 480 667 Tbeolopiee
501 582 675 666 culpabitis.
702 582 825 645 Etenim
841 581 909 645 dari
932 601 996 646 non
1011 587 1111 664 potest
1126 583 1311 648 restituendi
1331 585 1479 668 obligatio

202 678 237 740 in
258 676 321 738 loro
341 672 547 748 conscientia,
570 671 632 735 nisi
650 671 684 735 in
706 673 812 734 eodem
831 671 895 734 loro
913 670 1030 753 injuria
1053 671 1216 734 commissa
1241 671 1352 748 155511,
1376 693 1480 756 neque

202 762 387 829 conscientia
405 760 493 842 ligari
516 766 616 841 potest
635 759 820 840 obligatione
840 759 1003 840 reparandi
1020 759 1170 842 injuriam
1195 779 1289 841 quam
1313 761 1383 844 ipsa
1416 783 1493 828 555.

202 852 431 927 intabescens
453 849 547 912 etiam
570 848 756 912 dormientes
779 853 810 911 et
831 853 983 924 amentes,
1003 847 1030 911 si
1043 849 1194 912 damnum
1208 850 1374 931 quodpiam
1392 851 1481 916 intn·
1569 895 1570 916 2

203 943 310 1016 leniat,
333 940 372 1002 ad
394 937 620 1002 restituendum
643 937 678 1000 in
702 935 884 1000 conscientia
904 942 1092 1013 tenerentur,
1117 938 1199 1017 qnod
1225 937 1397 1002 absurdum
1418 947 1477 1005 est.

203 1034 296 1093 Porro
310 1029 395 1092 nulla
413 1032 460 1090 est
476 1025 591 1107 inJ'uria
608 1025 643 1088 in
661 1024 724 1088 foro
743 1025 880 1098 interno,
899 1025 954 1088 ubi
973 1025 1057 1088 nulla
1074 1032 1122 1088 est
1139 1025 1227 1106 culpa
1242 1025 1423 1107 theologiam
1438 1031 1480 1092 ad
1569 1015 1570 1030 ¹

204 1118 352 1201 injuriam
368 1115 453 1180 enim
471 1113 640 1196 requiritur
658 1113 802 1178 voluntas
815 1114 942 1177 nocendi
959 1114 1067 1178 saltem
1088 1113 1255 1190 indirecta,
1269 1133 1323 1178 seu
1337 1117 1480 1196 previsio

205 1206 310 1288 aliqua
331 1206 439 1268 saltem
457 1203 585 1284 confusa
605 1202 711 1265 damni
727 1202 848 1284 injusti.
870 1205 986 1283 Ergo...
1002 1237 1043 1250 --
1063 1203 1100 1266 S.
1116 1202 1201 1284 Ligu,
1214 1223 1246 1264 n.
1263 1206 1339 1279 556,
1356 1213 1387 1267 51
1401 1225 1480 1288 seq.,·

204 1295 296 1359 Hom.
312 1303 420 1377 apost,
437 1314 468 1354 n.
483 1295 522 1356 39
535 1296 626 1354 etll.

246 1388 317 1448 660.
335 1419 376 1430 —
398 1385 448 1445 111.
469 1384 586 1444 Tamen
606 1379 760 1443 51155155
781 1379 869 1461 culpa
889 1397 973 1443 mere
990 1379 1122 1462 juridica
1142 1379 1246 1442 adesse
1266 1387 1368 1462 potest
1389 1383 1480 1446 resti·

205 1470 314 1536 tuendi
327 1470 471 1551 obligatio
492 1469 526 1531 in
540 1468 724 1532 conscientia
741 1475 811 1549 post
825 1469 1010 1532 metentium
1027 1468 1150 1551 judicis.
1169 1467 1381 1534 Obediendum
1394 1473 1480 1535 enim
1569 1525 1570 1534 ,

207 1566 253 1624 551
263 1564 357 1642 justa
364 1558 478 1640 jndicis
490 1556 668 1633 sententiae;
685 1575 770 1620 secus
784 1557 862 1636 leges
877 1557 1032 1620 securitati
1046 1556 1174 1638 publicae
1188 1575 1251 1620 non
1265 1559 1478 1638 providerent,

206 1656 237 1712 51
255 1650 363 1712 inanes
382 1647 492 1711 forent.
512 1649 604 1710 Porro
623 1645 790 1720 sententia,
806 1646 843 1710 de
861 1663 922 1726 qua
940 1646 1054 1725 agitur,
1074 1652 1121 1708 est
1132 1647 1229 1727 justa.
1246 1647 1308 1708 lsta
1327 1647 1414 1711 enim
1431 1650 1482 1712 len

206 1739 303 1800 lertur
321 1754 376 1820 pro
399 1736 479 1799 bono
502 1734 660 1798 communi
682 1740 713 1797 et
735 1734 836 1797 tendit
855 1733 894 1798 ad
911 1733 1052 1798 homines
1071 1732 1221 1797 cautiores
1240 1735 1426 1811 reddendos,
1441 1756 1481 1800 55

207 1826 275 1888 51115
295 1827 447 1889 damnum
471 1823 614 1890 inferant.
636 1826 762 1904 Insuper
785 1829 856 1886 ante
879 1841 1004 1886 omnem
1023 1829 1171 1887 eventum
1191 1822 1337 1888 omnibus
1360 1826 1480 1890 civibus

207 1933 292 1996 aque
303 1913 395 1978 leret.
410 1917 505 1978 Nemo
521 1911 619 1993 igitur
632 1912 669 1974 de
685 1931 720 1975 ea
735 1911 880 1992 conqueri
893 1918 1003 1993 potest.
1019 1915 1135 1994 Ergo...
1147 1945 1189 1958 -
1202 1911 1255 1976 Ita
1271 1918 1477 1978 communiter.

208 2039 249 2050 -
261 2003 413 2080 Be'ltaart,
428 2003 500 2064 dae.
517 2011 663 2078 v111,art.
679 2005 710 2066 t.
724 2036 764 2046 -
778 2000 815 2064 S.
831 2001 901 2084 Liq.
917 2021 949 2064 n.
965 2005 1035 2066 551.

332 2148 526 2225 05555115.

247 2281 318 2341 661.
336 2313 376 2322 -
393 2278 494 2352 Quina.
515 2282 546 2338 {⁰
565 2276 614 2337 An
633 2275 807 2357 requiratur
820 2273 910 2358 cutpa
929 2274 1095 2356 theologica
1112 2275 1155 2338 ad
1172 2277 1374 2341 inducendam
1390 2277 1480 2341 resti·

209 2366 337 2428 tutionis
363 2365 580 2447 obligationem
603 2384 665 2446 pro
687 2363 797 2426 damno
820 2363 904 2426 illoto
928 2364 975 2426 rei
998 2363 1121 2440 aliena,
1144 2385 1211 2447 quea
1231 2367 1482 2430 montaneae

209 2471 381 2518 5555515555
400 2453 519 2535 aliquo,
535 2474 564 2516 5.
580 2473 643 2535 qr„
660 2452 832 2530 locationis,
849 2453 979 2535 depositi
991 2454 1039 2516 uel
1050 2455 1240 2532 commodati,
1258 2461 1314 2518 etc.

169 2597 174 2607 .
249 2543 337 2626 Reap.
350 2562 363 2605 .·
379 2543 494 2625 Duplex
508 2545 553 2604 551
567 2540 719 2605 sententia
732 2541 906 2621 probabilis.

248 2633 281 2694 Ια
299 2631 470 2708 Sententia,
488 2648 556 2712 quae
568 2629 761 2713 probabilior
773 2635 913 2710 apparet,
929 2631 1070 2712 affirmat
1084 2630 1211 2694 absolun
1224 2629 1337 2712 requiri
1351 2631 1481 2712 culpam

209 2721 417 2801 theologicam.
434 2720 522 2785 Ratio
538 2724 601 2794 est,
618 2717 766 2800 quianon
785 2717 896 2782 sufficit
913 2719 1004 2800 culpa
1019 2737 1103 2782 more
1116 2719 1244 2802 juridica
1261 2719 1300 2781 ad
1317 2719 1484 2799 obligatio·
1568 2785 1569 2804 χ

210 2829 281 2872 nem
295 2808 329 2871 in
342 2807 525 2872 conscientia
539 2807 757 2882 inducendam,
774 2813 812 2869 ut
822 2813 941 2870 constat
954 2825 992 2870 ex
1009 2826 1101 2889 supra
1119 2807 1207 2872 dictis
1221 2807 1256 2871 in
1270 2807 1421 2889 principio
1436 2810 1482 2884 ll,
1568 2807 1569 2880 l

210 2898 274 2960 nisi
291 2897 416 2978 speciale
439 2904 565 2977 pactum
586 2895 800 2960 intercesserit.
821 2897 912 2960 Porro
934 2897 972 2958 de
994 2896 1173 2978 hujusmodi
1197 2903 1284 2978 pacto
1304 2897 1483 2960 nullatenus

210 2992 346 3061 constat3
368 2985 431 3048 imo
454 3004 516 3048 non
537 2985 738 3066 presumitur
756 2985 986 3048 contrahentem
1008 2985 1142 3048 uoluisse
1165 2986 1200 3048 15
1220 2985 1404 3050 conscientia
1425 2985 1483 3047 sub

211 3073 296 3154 gravi
314 3079 434 3137 tantam
447 3074 598 3155 suscipere
612 3073 828 3153 obligationem
842 3090 913 3136 oum
930 3074 993 3136 sola
1006 3074 1093 3154 culpa
1101 3073 1245 3156 Jun‘dica.
1260 3110 1301 3120 -
1315 3073 1367 3136 Ita
1380 3075 1480 3155 Lupo,

210 3162 241 3224 d.
265 3181 388 3235 v111,n.
411 3166 480 3227 166.
498 3199 537 3208 -
559 3163 703 3240 Locrum,
726 3180 757 3224 n.
782 3166 909 3225 171-
933 3161 1120 3244 namaptu·
1142 3171 1173 3227 51
1196 3163 1276 3226 hane
1300 3162 1482 3226 sententiam

211 3257 299 3313 vocat
313 3250 399 3313 valde
412 3250 601 3331 probabilem
617 3251 653 3313 S.
670 3251 752 3332 Lep,
769 3271 799 3311 n.
816 3255 886 3314 551.

251 3340 303 3403 11⁶
318 3337 476 3402 Sententia
490 3347 580 3420 nepot
593 3357 668 3418 opus
682 3357 746 3402 esse
758 3339 923 3420 theologica
937 3340 1039 3420 culpa,
1051 3343 1088 3402 51
1101 3340 1171 3421 quis
1186 3339 1272 3404 oneri
1286 3340 1388 3403 subsit
1401 3339 1484 3402 resti·

212 3428 357 3503 tutionis;
371 3427 517 3508 additque
529 3427 645 3508 requiri
659 3428 780 3507 culpam
795 3428 902 3501 latam,
916 3428 942 3491 si
957 3433 1128 3492 5551555155
1142 3430 1228 3491 cedat
1241 3429 1277 3492 15
1289 3429 1483 3492 commodum
1567 3461 1568 3464 ¹

213 3516 306 3579 solius
318 3516 436 3593 dantis;
452 3515 586 3578 sufficere
597 3515 790 3593 leunsinem,
803 3517 830 3579 si
839 3517 924 3580 cedat
936 3516 969 3578 in
980 3518 1176 3580 commodum
1188 3517 1283 3580 solius
1295 3517 1481 3598 recipientis;
1567 3517 1568 3538 ¹

212 3605 329 3686 reqpiri
343 3611 374 3667 et
388 3603 521 3667 sufficere
537 3602 648 3683 leuen,
660 3604 686 3666 si
701 3605 786 3668 cedat
797 3605 831 3667 in
845 3606 1041 3668 commodum
1054 3606 1227 3686 utriusque.
1237 3639 1278 3652 -
1288 3606 1377 3669 Ratio
1391 3611 1417 3668 1Ι
1428 3611 1481 3678 est,

213 3691 296 3773 quia,
310 3710 382 3755 cum
395 3711 443 3755 res
459 3692 558 3756 aliena
569 3692 661 3756 alicui
675 3693 892 3769 committitur,
903 3693 1032 3775 aequitas
1046 3694 1180 3775 postulat
1194 3699 1229 3756 ut
1245 3711 1313 3756 eam
1327 3693 1485 3773 diligenter

213 3781 376 3843 custodiat.
398 3781 483 3844 Unde
504 3780 627 3843 videtur
640 3781 823 3845 intercedere
844 3789 969 3862 pactum
987 3782 1266 3864 implicitumque
1284 3781 1330 3844 rei
1348 3783 1486 3845 detentor

214 3887 245 3930 se
259 3868 373 3949 obligat
386 3869 424 3930 ad
438 3886 506 3930 eam
520 3868 641 3948 speciali
653 3888 726 3932 cura
738 3869 979 3944 custodiendam,
992 3870 1089 3934 velud
1101 3871 1305 3952 reparandum
1320 3870 1486 3932 detrimen·

216 3963 284 4019 tum
298 3957 379 4038 qnod
395 3975 433 4019 ex
447 3957 540 4039 thus
555 3975 635 4020 curae
654 3958 818 4021 omissione
832 3977 880 4021 res
893 3958 997 4022 subire
1012 3960 1117 4040 possit.
1132 3995 1171 4004 -
1189 3956 1489 4038 [15115115515515
1566 4037 1567 4040 Ἴ

214 4046 341 4125 aequitas
355 4045 449 4108 etiam
464 4046 596 4126 postulat
608 4051 658 4121 ut,
675 4046 729 4110 uhi
745 4048 846 4128 majus
859 4053 905 4110 551
917 4049 1128 4122 commodum,
1141 4050 1239 4128 maior
1251 4047 1436 4110 adhibeatur
1445 4045 1489 4107 di-

214 4132 545 4215 ligentia—Antoine,
559 4154 624 4218 cap.
638 4153 688 4210 111,
701 4140 834 4217 5555511
847 4146 876 4196 et
888 4139 961 4198 5.-
968 4133 1077 4212 Callet,
1092 4156 1117 4198 5.
1129 4154 1169 4213 11,
1182 4146 1244 4200 art.
1254 4140 1289 4210 d,
1304 4155 1335 4196 n.
1349 4138 1419 4207 119,
1429 4141 1486 4196 515.

254 4226 324 4286 661.
338 4257 378 4268 -
391 4225 491 4298 Quen.
507 4227 541 4286 1ο
553 4223 605 4286 An
619 4224 797 4306 requiretur
811 4223 901 4307 culpo
914 4223 1085 4307 tbeoioqica
1098 4225 1140 4288 ad
1153 4223 1354 4287 restitutionis
1369 4221 1488 4303 obliga-

215 4311 325 4374 tionem
345 4312 382 4374 ob
400 4311 543 4374 damnum
562 4313 656 4376 alteri
675 4311 794 4374 illatum
813 4313 846 4374 in
870 4314 975 4396 officio
995 4313 1166 4396 inplendo,
1188 4333 1239 4376 seu
1260 4313 1399 4383 1555555
1418 4327 1489 4372 555·-

215 4413 329 4462 555555
342 4399 511 4463 seruando?
524 4421 551 4463 o.
567 4421 629 4483 qr„
646 4405 672 4464 51
692 4401 824 4470 medicus
842 4421 880 4465 ee
898 4422 1000 4467 errore
1019 4401 1204 4486 inmlpabili
1219 4401 1386 4464 remedium
1403 4402 1489 4461 noci-

215 4504 284 4547 vum
297 4499 409 4569 eproto
418 4489 611 4572 prebuerit?

1331 4590 1346 4657 ξ

1346 4943 1351 4959 .
1374 4948 1388 4975 ,
1564 4963 1565 4990 3
