3136 5034
213 244 282 306 teo
743 252 950 299 rescissus

213 371 342 434 modum
362 367 535 432 donationis
559 369 638 430 inter
662 369 746 429 vivos
767 383 836 428 eam
856 367 1007 428 bonorum
1030 365 1237 446 quantitatem
1255 383 1380 444 erogare
1406 367 1491 438 aliis,

214 477 309 540 quam
331 476 384 539 per
401 457 499 536 legata
520 455 641 537 elargiri
666 461 780 535 potest,
799 455 853 535 qui
869 457 1091 517 testamentum
1109 453 1222 517 condit.
1237 454 1335 533 Igitur
1355 454 1491 518 conferas

213 547 340 612 dicenda
355 547 391 609 de
405 545 612 620 estamentis,
628 565 660 606 a.
676 547 746 606 895.
763 578 804 589 -
824 541 858 605 V.
875 541 983 621 Casas,
1000 563 1031 604 o.
1045 547 1106 607 802
1119 550 1218 625 etseq.

358 793 378 883 ξ
396 794 440 861 11.
465 794 511 860 Dc
530 793 665 861 casibus
682 793 723 859 io
741 791 867 878 quibas
886 789 1086 858 donationes
1107 811 1179 858 ooo
1194 791 1342 876 pteram

659 891 856 957 sortiuntur
873 889 1038 977 effectum.

254 1101 323 1162 896.
340 1131 380 1142 -
394 1095 426 1158 Si
440 1095 509 1177 quis
527 1095 580 1158 liat
593 1094 690 1157 heres
704 1097 770 1175 ejus
783 1111 803 1156 a
816 1111 877 1175 quo
890 1091 1008 1173 aliquid
1025 1097 1115 1154 antea
1128 1092 1255 1172 accepit,
1271 1097 1306 1154 et
1324 1091 1486 1156 defunctus

213 1185 292 1248 nihil
313 1202 451 1266 expresse
474 1183 630 1257 statuerit,
655 1201 716 1263 quo
737 1181 907 1264 aeqtmlitati
926 1181 1009 1243 inter
1031 1180 1165 1243 heredes
1183 1181 1361 1260 demiretur,
1382 1183 1487 1245 omnis

213 1274 384 1356 dispositio,
406 1273 470 1336 sive
493 1272 606 1336 directa
626 1271 691 1335 sive
704 1269 866 1346 indirecta,
884 1288 945 1352 qua
966 1269 1095 1333 laedatur
1110 1269 1163 1331 illa
1179 1269 1358 1350 equalitas
1375 1289 1485 1352 suppo-

212 1364 309 1438 nitur,
320 1362 356 1425 in
368 1362 539 1425 intentione
549 1364 616 1442 ejus
628 1360 843 1424 tantummodo
856 1357 951 1422 fuisse
961 1364 1156 1439 temporanea
1165 1358 1318 1421 concessio
1329 1358 1485 1422 inritimis

212 1452 257 1516 rei
276 1454 369 1528 datan
389 1450 499 1514 idcirco
517 1453 638 1512 mortuo
655 1450 800 1512 donatore
819 1467 867 1512 res
888 1448 955 1529 Ipsa
975 1446 1064 1510 debet
1080 1446 1116 1508 in
1138 1447 1363 1510 successionem
1383 1447 1484 1512 relerri

212 1541 260 1603 vel
274 1539 378 1604 reduci
391 1558 445 1622 pro
459 1544 527 1602 rata
532 1538 613 1620 juris
624 1538 699 1612 Iasi,
711 1537 774 1600 nisi
787 1544 891 1600 tamen
898 1535 1076 1599 donatarius
1088 1553 1124 1598 ea
1137 1541 1301 1598 contentus
1314 1535 1485 1602 haereditati

212 1629 390 1693 renuntiare
404 1628 509 1690 malit:
525 1627 581 1690 hoc
592 1634 654 1702 est,
671 1626 752 1708 quod
768 1626 818 1689 lex
836 1633 924 1690 vocat
941 1624 1133 1688 collationem
1151 1624 1287 1706 (gallicez
1305 1625 1453 1708 Rapport
1464 1629 1485 1704 l.

210 1721 309 1782 —Ita
322 1720 378 1782 Jus
391 1715 552 1790 Gallicirm,
569 1725 630 1778 ort.
647 1719 707 1780 819
720 1723 750 1777 et
762 1733 823 1797 seq.
839 1715 953 1777 Statarii
968 1717 1071 1776 autem
1084 1715 1140 1776 Jus
1151 1717 1337 1790 Romanum,
1347 1719 1381 1777 ut
1392 1715 1484 1779 liberi

210 1811 335 1870 tantum
349 1805 496 1880 defuncti,
510 1809 578 1886 post
590 1803 701 1867 laetam
713 1803 795 1866 inter
808 1821 913 1867 omnes
922 1803 1056 1866 heredes
1071 1801 1269 1865 successionis
1282 1803 1477 1876 divisimem,

211 1895 327 1958 interse
337 1894 490 1957 conferant
500 1911 534 1956 ac
543 1892 684 1956 dividant
692 1892 773 1955 bona
787 1911 854 1974 qua
864 1897 1015 1972 aparente
1025 1891 1188 1972 aliquando
1198 1891 1277 1954 dono
1291 1899 1480 1974 accepemnt.

251 1984 376 2048 collatio
387 1983 484 2063 igitur
498 2000 535 2044 ex
552 1983 615 2062 lege
631 1982 745 2044 GaIIIca
760 1987 806 2044 est
821 1987 907 2044 actus
921 1998 981 2060 quo
1000 1997 1082 2042 unus
1101 1997 1138 2042 ex
1156 1980 1330 2044 haeredibus
1344 1982 1381 2044 ad
1395 1999 1483 2044 sum·

211 2090 296 2135 mam
309 2071 476 2146 bonorum,
492 2087 588 2153 quam
603 2074 728 2132 testator
741 2069 822 2132 inter
834 2069 969 2133 haeredes
983 2067 1181 2131 dividendam
1196 2068 1335 2150 relicpuit,
1350 2088 1384 2132 ea
1396 2069 1478 2131 bona

210 2161 300 2224 refert
314 2179 383 2243 quae
395 2179 413 2224 a
427 2161 570 2223 donatore
584 2159 713 2240 accepit,
730 2163 766 2221 ut
780 2158 862 2221 inter
878 2175 982 2220 omnes
997 2175 1035 2219 ex
1052 2175 1140 2238 aequo
1154 2157 1350 2234 dividantur;
1364 2177 1402 2220 ex
1416 2159 1482 2238 lege

211 2254 362 2326 Romana,
385 2253 431 2312 est
450 2255 537 2311 actus
557 2267 618 2330 quo
639 2266 722 2310 unus
744 2265 782 2309 ex
802 2245 1054 2309 descendentibus
1077 2245 1230 2308 institutis
1251 2246 1384 2310 defuncti
1400 2246 1483 2309 bona

210 2337 302 2400 refert
329 2356 349 2401 a
372 2344 498 2418 parente
522 2336 670 2418 privatim
693 2340 826 2415 accepta,
850 2340 885 2398 ut
911 2353 949 2398 ex
970 2351 1056 2416 aequo
1074 2333 1253 2397 dividantur
1272 2335 1357 2398 inter
1378 2354 1483 2398 omnes

210 2427 424 2489 descendentes
438 2425 553 2506 pariter
568 2425 737 2488 institutos.

249 2513 394 2578 Reductio
416 2532 502 2587 vere,
528 2518 565 2575 ut
585 2513 692 2588 aiunt,
718 2513 889 2576 donationis
912 2513 960 2575 vel
982 2511 1092 2591 legati,
1117 2519 1163 2576 est
1183 2513 1315 2594 ejusdcm
1338 2513 1485 2576 rescissio

209 2621 262 2684 pro
280 2608 348 2664 rata
364 2619 505 2664 excessus
524 2619 616 2682 supra
633 2601 840 2684 quantitatem
858 2599 1090 2682 disponibilem;
1113 2619 1177 2682 que
1193 2599 1316 2680 quidem
1333 2601 1482 2663 rescissio

210 2691 387 2756 auctoritate
402 2689 607 2771 publicabat,
624 2696 753 2770 oportet.

331 2861 557 2942 Prlnclpla.

251 3022 375 3082 80¹1.-
387 3019 410 3080 I.
425 3017 531 3080 Omnis
546 3017 669 3080 cobator
683 3015 792 3079 relerre
803 3015 892 3078 debet
906 3032 1107 3096 quacumque
1120 3013 1234 3096 accepit
1248 3034 1267 3078 a
1280 3015 1424 3081 defuneto
1435 3038 1482 3100 per

211 3106 442 3188 dispositionem
455 3105 623 3186 gratuitam
635 3107 821 3183 intercisos,
835 3103 897 3166 nisi
909 3103 988 3167 adsit
999 3122 1141 3184 expressa
1153 3104 1342 3186 dispensatio
1354 3125 1392 3169 ex
1402 3117 1481 3188 parte

211 3195 376 3259 donatoris.
394 3195 442 3258 Sic
456 3214 495 3258 ex
505 3193 579 3257 lore
591 3193 728 3256 Romano
742 3200 773 3256 et
789 3191 917 3257 Gallico.
929 3227 970 3238 -
983 3193 1019 3256 S.
1036 3192 1108 3274 Lep.
1121 3213 1154 3255 o.
1171 3195 1242 3257 set.

251 3287 289 3348 II.
305 3284 429 3350 Collatio
443 3283 557 3365 duplici
571 3284 661 3346 modo
676 3283 742 3346 fieri
756 3285 875 3362 potest:
895 3287 928 3344 1ο
942 3285 976 3344 in
993 3283 1101 3364 specte,
1121 3281 1154 3344 id
1172 3287 1233 3359 est,
1250 3283 1405 3348 referendo
1418 3303 1481 3348 mm

212 3374 313 3457 ipsam
326 3374 487 3449 donatam;
504 3377 536 3434 2⁰
549 3372 656 3436 minus
670 3371 854 3452 accipiendo.
868 3369 1008 3434 —Prior
1030 3370 1140 3434 modus
1153 3371 1190 3434 fit
1207 3371 1360 3436 ordinarie
1372 3373 1405 3435 in
1422 3373 1483 3434 im-

212 3462 395 3538 mobilibus,
412 3461 559 3544 posterior
572 3465 676 3525 autem
692 3459 726 3523 in
739 3459 916 3523 mobilibus.
932 3494 972 3506 -
987 3457 1063 3523 Cod.
1078 3464 1150 3538 1111,
1164 3464 1226 3524 858
1239 3470 1342 3544 etseq.

252 3554 303 3614 III.
318 3551 509 3615 Eximuntur
520 3570 539 3613 a
552 3549 709 3613 collatione
723 3548 816 3613 varia
830 3549 1026 3624 donationes,
1041 3547 1172 3612 scilicet:
1187 3553 1220 3612 1ο
1235 3549 1262 3612 si
1278 3569 1346 3631 que
1358 3555 1484 3616 testator

175 3690 177 3694 .
213 3639 297 3703 dedit
310 3640 491 3702 heredema
505 3639 662 3704 collatione
682 3637 869 3702 nominatim
887 3637 1062 3712 eximendo,
1077 3639 1125 3701 vel
1141 3638 1232 3701 titulo
1243 3633 1482 3723 proecipuijari's

212 3730 297 3793 intra
310 3727 424 3791 limites
439 3729 547 3809 partis,
564 3727 600 3792 de
614 3746 676 3810 qua
689 3726 848 3810 disponere
862 3732 995 3808 poterat;
1008 3731 1042 3790 2⁰
1058 3727 1085 3788 si
1099 3745 1238 3808 expensas
1252 3726 1342 3792 lactas
1358 3747 1379 3791 a
1393 3729 1484 3792 dona-

213 3824 277 3880 tore
291 3816 408 3880 luerint
425 3817 460 3880 in
475 3816 603 3899 alicujus
621 3816 771 3892 favorem,
790 3835 820 3879 v.
837 3834 896 3896 gn,
911 3816 945 3878 in
959 3817 1121 3890 alimenta,
1142 3823 1257 3892 vestes,
1272 3834 1406 3880 munera
1416 3836 1483 3880 con-

214 3911 313 3982 sueta,
330 3912 388 3969 etc.
408 3907 484 3970 Item
503 3925 642 3987 expensae
658 3904 851 3980 nutritionis
869 3904 1074 3980 educationis,
1093 3904 1293 3985 nuptiarum,
1313 3906 1390 3968 artis
1402 3905 1483 3968 addi-

214 3995 346 4070 scenda,
360 4000 391 4058 et
403 3995 528 4058 similla.
544 4031 584 4041 —
597 3995 632 4058 S.
644 3995 728 4078 Lep,
740 4016 771 4055 a.
785 3997 856 4058 955.
872 4031 911 4040 -
927 3993 1003 4056 Cod.
1018 3992 1076 4056 cio.
1092 3992 1186 4070 Gall,
1200 3997 1275 4069 8t3,
1290 3999 1364 4059 852.

253 4087 313 4148 Nee
333 4090 407 4147 sunt
428 4083 595 4148 necessario
613 4083 776 4147 referenda
800 4083 977 4147 donationes
995 4083 1168 4158 manuales
1194 4081 1255 4146 nisi
1274 4084 1408 4147 maximi
1425 4085 1484 4146 sint

214 4173 376 4236 momenti.
389 4209 430 4220 —
445 4173 583 4252 deesset,
600 4195 630 4236 n.
648 4175 793 4249 799111.

253 4265 324 4327 808.
335 4297 375 4308 -
386 4263 487 4338 Quas.
502 4268 534 4326 1⁰
546 4263 596 4326 Ao
610 4261 762 4344 referendi
775 4264 837 4323 sint
847 4261 968 4343 froctae
982 4281 1083 4323 rerum
1097 4261 1321 4344 rescribile'um,
1340 4283 1414 4346 quos
1420 4281 1486 4346 per-

213 4355 292 4430 cepit
303 4351 478 4414 donatarius
491 4361 560 4414 oote
573 4361 698 4414 mortem
713 4351 889 4413 testatoris?

254 4437 347 4518 Resp.
366 4439 456 4519 Nep,
479 4441 553 4520 quia
573 4459 636 4504 non
656 4440 863 4522 subjiciuntur
879 4440 1047 4516 collationi,
1068 4441 1131 4506 alsi
1151 4461 1169 4506 a
1190 4444 1238 4506 die
1257 4461 1319 4525 qua
1338 4441 1486 4506 sumussic

215 4527 318 4599 aperta
332 4521 405 4596 luia
420 4543 506 4586 secus
517 4529 643 4591 omnino
654 4529 826 4592 frustranea
838 4528 947 4592 flasset
958 4529 1092 4593 donatio.
1110 4567 1149 4578 -
1163 4529 1238 4595 Cod.
1255 4533 1324 4608 cio,
1339 4535 1414 4596 856.
