3206 5024
483 251 528 294 DE
548 247 749 294 PRAECEPTIS
770 247 945 292 DEGALOGI

587 473 761 548 CAPUT
794 472 857 546 111

615 677 661 726 DE
687 675 830 726 DUELLO

133 892 269 956 Duellum
290 889 324 952 in
342 906 452 968 genere
469 893 517 950 est
539 905 642 967 pugna
662 887 797 950 duorum
811 887 858 948 vel
877 905 1043 967 paucorum
1061 885 1143 950 inter
1160 907 1201 950 se.
1219 869 1363 952 ln'sensu

93 979 234 1044 strictiori
246 984 292 1078 est
303 976 471 1058 periculosa
488 976 621 1038 duorum
636 992 739 1055 pugna
754 994 794 1038 ex
806 975 987 1056 precedenti
998 975 1136 1040 condicto
1150 977 1187 1039 de
1198 977 1276 1050 1000,
1288 983 1365 1040 tem-

91 1074 348 1220 porllirziliarsmmgt:
371 1159 402 1218 l⁰
416 1153 594 1236 publicone,
611 1151 660 1215 vel
678 1155 957 1234 praeacceptant
975 1154 1011 1216 fit
1031 1154 1213 1218 auctoritate
1226 1155 1364 1236 publica,

94 1246 139 1310 rel
148 1264 227 1324 non;
242 1249 275 1308 2⁰
288 1243 438 1320 solemne,
455 1243 503 1306 vel
516 1240 664 1325 simplos,
680 1247 772 1322 prout
785 1241 821 1304 fit
833 1259 937 1306 coram
952 1243 1098 1320 testibus,
1114 1244 1162 1306 vel
1176 1243 1216 1308 iis
1230 1244 1364 1308 omissis

208 1407 438 1490 Principia.

132 1555 292 1620 tot-1.
308 1551 450 1616 Duellum
462 1549 643 1614 auctoritate
662 1547 784 1634 publica
799 1557 976 1630 susceptrun
992 1555 1039 1628 est
1056 1549 1195 1624 licitruu,
1218 1551 1245 1614 si
1264 1552 1318 1614 fiat
1331 1553 1370 1615 ad

94 1641 207 1706 bonum
221 1659 400 1715 commune,
418 1660 448 1704 v.
466 1658 525 1720 gr„
546 1644 584 1700 ut
603 1637 719 1700 bellum
741 1637 934 1714 conficiatur3
956 1655 1057 1714 00000,
1083 1637 1110 1700 si
1126 1638 1195 1701 aliis
1215 1641 1251 1701 dc
1270 1639 1369 1702 causis

96 1730 261 1812 imperetur
274 1737 330 1792 aut
340 1728 551 1809 permittatur.
568 1726 657 1790 Ratio
672 1725 835 1806 utriusque
849 1733 957 1806 patens
971 1732 1027 1788 est.

133 1823 168 1882 11.
187 1820 330 1883 Duellum
349 1817 527 1880 auctoritate
545 1813 666 1896 privata
680 1820 856 1895 susceptum
871 1833 1035 1895 nunquam
1051 1813 1171 1878 licitrun
1183 1835 1246 1879 esse
1261 1820 1369 1897 potest.

96 1909 181 1972 ltatio
205 1915 266 1982 est,
295 1907 369 1988 quia
388 1909 539 1986 repugnat
564 1923 572 1966 :
598 1909 630 1966 l⁰
646 1903 721 1984 juri
742 1903 895 1979 naturali,
915 1921 987 1966 cum
1008 1905 1087 1965 Deus
1109 1904 1186 1966 nulli
1206 1904 1372 1968 hominum

97 1997 271 2059 dominium
281 1995 399 2058 dederit
413 1993 447 2055 in
458 2009 547 2056 suam
558 1995 612 2054 aut
623 1991 748 2054 alterius
758 1991 871 2067 vitam,
885 2009 939 2054 nee
953 1992 987 2054 in
1002 1993 1156 2067 membra,
1168 1997 1254 2056 extra
1267 2012 1372 2058 casum

96 2083 279 2148 delensicnis
302 2087 406 2144 contra
419 2082 569 2143 actualem
590 2097 810 2161 aggressoren13
833 2084 866 2144 2⁰
882 2079 951 2159 juri
969 2083 1317 2157 cononice,11t’constat
1334 2101 1373 2146 ex

95 2173 244 2250 Trident,
262 2191 333 2232 sess.
350 2173 442 2245 XXV,
459 2189 524 2252 cop.
541 2187 608 2243 xcx,
626 2169 680 2231 ubi
695 2169 832 2231 duellum
853 2169 988 2232 dicitur:
1005 2169 1200 2232 Detestabilis
1216 2192 1307 2248 usus,
1325 2172 1374 2254 sa·

92 2259 384 2332 meconeediatolo,
403 2258 606 2320 introductus.
618 2292 658 2304 -
671 2257 705 2320 S.
721 2257 789 2339 Le'p.
806 2278 837 2322 rr.
854 2261 924 2332 399,
941 2263 1011 2323 100.

221 2415 431 2479 Resolves.

135 2562 209 2624 005.
232 2595 271 2604 -
290 2563 322 2622 1ο
338 2564 405 2623 Νο0
427 2558 497 2622 licet
519 2561 671 2638 acceptare
690 2557 828 2620 duellum
848 2556 998 2622 etiamad
1026 2561 1225 2624 avertendam
1243 2560 1374 2640 ignomi-

99 2648 200 2723 niam3
217 2646 290 2728 quia
301 2653 452 2730 repugnat
465 2645 578 2710 rationi
592 2644 677 2708 istud
698 2645 838 2708 medium
857 2647 976 2710 crudele
992 2647 1137 2712 adhihere
1151 2667 1222 2712 cum
1240 2649 1377 2716 evidenti

99 2755 160 2800 suae
172 2741 228 2798 aut
242 2736 376 2816 proximi
389 2735 462 2800 vitos
475 2733 626 2818 periculo,
642 2733 706 2798 imo
718 2741 750 2798 et
765 2734 875 2798 salutis
888 2742 1025 2810 aeterna,
1040 2736 1078 2799 01)
1090 2736 1185 2800 finem
1198 2756 1261 2802 non
1275 2757 1375 2804 noces-

100 2824 215 2888 sarium
232 2825 278 2887 vel
296 2823 392 2887 etiam
412 2823 568 2888 inutilem.
584 2827 663 2886 Vera
681 2822 861 2896 estimatio,
880 2823 947 2886 laus
963 2830 995 2886 et
1008 2825 1099 2888 decus
1113 2825 1213 2905 posita
1227 2845 1290 2892 000
1305 2831 1378 2892 suut

99 2913 134 2975 in
147 2932 226 2976 rane
241 2911 382 2994 opinione
396 2911 490 2996 hujus
504 2909 631 2985 mundi,
650 2912 740 2990 cujus
754 2910 902 2992 sapientia
911 2911 993 2992 apud
1011 2915 1109 2976 Deum
1121 2915 1253 2980 stultitia
1266 2921 1323 2980 est
1337 2953 1378 2962 -

101 2999 135 3062 S.
150 2999 233 3084 Lep„
250 2997 343 3064 Hom.
357 3010 468 3084 apost,
481 3021 512 3060 n.
528 3003 578 3064 at.

139 3093 171 3153 0ο
180 3095 249 3154 Νο0
262 3089 493 3170 licetacceptare
505 3087 642 3150 duellum
655 3086 723 3151 viro
736 3086 881 3162 militari,
893 3088 1017 3152 etiamsi
1031 3091 1135 3154 cedere
1148 3091 1259 3158 idcirco
1271 3094 1380 3161 debeat

103 3177 194 3244 officio
215 3179 257 3242 ad
279 3178 536 3242 sustentationem
557 3193 647 3240 suam
670 3180 700 3238 et
720 3195 849 3240 suorum
870 3177 1048 3242 necessario.
1073 3180 1162 3246 Ratio
1181 3182 1324 3263 sequitur
1341 3201 1380 3246 ex

103 3267 188 3331 dictis
208 3287 217 3331 ι
238 3267 347 3331 occisio
364 3265 448 3331 enim
465 3265 591 3330 alterius
612 3263 731 3346 privata
752 3264 934 3330 auctoritate
952 3285 1116 3349 nunquam
1132 3269 1216 3334 licita
1234 3277 1296 3346 est,
1317 3270 1380 3334 nisi

102 3363 204 3420 contra
215 3357 368 3419 actualem
381 3373 587 3436 aggressorem
602 3372 673 3416 cum
688 3353 891 3416 moderamine
904 3354 1065 3438 rirculpota
1078 3357 1200 3436 101010,
1213 3376 1380 3442 provocans

105 3453 206 3509 autern
220 3445 260 3508 ad
274 3445 411 3507 duellum
423 3463 486 3507 nou
498 3451 545 3505 est
557 3441 686 3505 actualis
698 3460 864 3522 aggressor.
878 3445 1004 3506 Constat
1017 3445 1111 3508 etiam
1126 3466 1164 3508 err
1177 3445 1381 3527 propositione

104 3537 160 3596 Ita
175 3533 332 3598 Benedict.
347 3535 415 3597 XIV
425 3533 581 3595 damnata.
596 3519 674 3592 Hinc
685 3530 897 3611 improbabilis
911 3533 1008 3596 evasit
1020 3535 1171 3597 sententia
1185 3535 1291 3612 Lessie',
1301 3533 1381 3596 Sen-

106 3621 188 3701 0100,
205 3621 314 3700 Είῠεὶ,
332 3622 386 3703 qui
406 3621 542 3683 duellum
560 3619 649 3681 licere
665 3618 699 3682 in
716 3619 772 3682 hoc
791 3638 863 3682 casu
881 3621 1067 3684 asserebant.
1083 3659 1122 3668 —
1136 3621 1170 3686 S.
1187 3624 1270 3705 Lep„
1287 3623 1379 3686 Hom.

105 3721 212 3792 apost,
228 3709 304 3772 ibid.

143 3804 176 3864 3⁰
197 3805 266 3864 Non
278 3799 349 3862 licet
360 3799 496 3862 duellum
507 3796 658 3878 suscipere
669 3815 705 3859 ea
716 3795 794 3877 lege,
806 3803 843 3860 ut
854 3816 917 3860 uno
928 3799 1087 3863 vulnerato
1097 3803 1151 3863 aut
1162 3805 1241 3863 certo
1251 3819 1380 3864 numero

106 3886 225 3950 ictuum
240 3889 403 3968 completo,
419 3906 523 3970 pugna
537 3891 631 3949 cesset
645 3905 652 3947 :
670 3891 703 3948 1⁰
713 3884 787 3965 quia
801 3884 894 3947 etiam
908 3885 941 3948 in
956 3885 1012 3950 hoc
1027 3888 1202 3952 maximum
1216 3890 1300 3952 adest
1314 3891 1382 3952 vul-

37 4049 38 4056 ,
108 3976 188 4040 neris
205 3975 328 4040 lethalis
347 3976 531 4059 periculum;
552 3979 585 4040 2⁰
597 3972 672 4056 quia
687 3973 827 4038 Clemens
840 3975 908 4038 VIII
921 3975 1081 4056 prohibuit
1094 3976 1191 4042 etiam
1204 3978 1307 4044 duodo
1320 3997 1383 4043 non

109 4061 225 4143 latalia;
240 4069 273 4128 3⁰
283 4065 358 4146 quia
369 4065 454 4128 istud
466 4063 558 4126 duelli
571 4081 667 4144 genus
679 4063 862 4126 scandalum
874 4067 968 4138 creat,
980 4071 1012 4128 et
1023 4064 1132 4130 duellis
1143 4065 1288 4132 1000111)οε
1301 4086 1383 4136 oom-

38 4155 41 4214 t
108 4153 226 4218 sionem
239 4154 365 4238 prabet.

146 4247 180 4308 l‘·
201 4247 269 4310 Non
287 4243 357 4308 licet
375 4241 514 4306 duellum
533 4239 700 4321 suscipere,
715 4238 810 4302 etiam
824 4241 981 4306 accedente
995 4241 1178 4308 auctoritate
1192 4244 1331 4325 publico,
1346 4247 1385 4312 ed

114 4333 296 4396 noscendam
310 4331 487 4405 veritatem,
503 4330 542 4392 ad
561 4328 751 4410 probandam
767 4327 977 4393 innocentiam
995 4333 1050 4392 sut
1063 4329 1102 4394 ad
1116 4331 1285 4398 flammam
1298 4335 1385 4403 litem

112 4418 277 4498 privatam3
293 4419 368 4504 quia
382 4437 443 4483 non
457 4424 503 4482 est
519 4416 660 4480 medium
673 4417 712 4479 ad
725 4415 781 4480 hos
796 4417 872 4482 fines
886 4417 1074 4482 ordinatum.
1086 4455 1128 4466 -
1142 4419 1177 4486 S.
1196 4423 1280 4505 Lip„
1294 4423 1384 4488 Hom.

113 4509 252 4588 apostol,
276 4509 350 4572 ilict.
374 4544 413 4554 -
434 4509 492 4570 Nec
513 4506 577 4588 cogi
598 4505 642 4568 rei
663 4511 793 4586 possunt
816 4507 857 4570 ad
879 4505 1095 4586 duellaudum,
1119 4528 1171 4591 spe
1195 4510 1291 4578 etiam
1314 4513 1387 4580 vitm
