3216 5020
666 255 709 300 nn
733 255 905 300 renueris
1353 241 1417 302 201

188 373 223 431 2⁰
246 370 374 429 Peemnt
391 364 534 446 graviter,
556 365 627 446 qui,
653 384 706 446 per
724 365 944 447 experientiam
967 365 1097 427 seientes
1117 383 1148 426 se
1163 364 1310 428 inebriari
1323 366 1358 429 in
1371 365 1422 428 his

145 458 199 520 uel
213 455 275 518 illis
288 453 464 528 musenim,
481 453 686 517 nibilominus
700 453 735 516 in
748 453 859 516 iisdem
871 459 1043 516 versentur.
1060 455 1137 514 Item
1152 452 1206 534 qui
1219 452 1301 516 inter
1314 452 1422 518 biben-
1528 514 1537 539 ,

147 548 228 610 dum
242 545 281 605 ad
293 542 463 624 periculum
477 541 633 605 ebrietatis
647 543 839 605 advertentes
852 591 858 617 ,
875 543 974 604 adhue
988 541 1091 604 bibere
1104 549 1247 622 pergunt.

191 639 225 698 3⁰
240 636 366 695 Peccant
390 631 484 694 etiam
509 631 652 711 graviter,
681 630 734 712 qui
753 631 826 693 adeo
844 629 960 694 bibunt
981 637 1017 692 ut
1038 629 1124 710 sequi
1145 630 1253 693 debeat
1274 631 1420 706 ebrietas,

146 720 295 804 quamvis
309 738 416 782 somno
430 739 462 782 se
476 719 673 782 committent
687 726 853 800 antequam
869 718 1010 782 sensibus
1025 725 1056 781 et
1068 710 1186 781 ratio'ne
1199 718 1420 796 destituantur,

146 811 225 893 quia
239 809 272 872 in
286 827 393 871 somno
407 826 469 871 non
483 808 599 871 hebent
613 807 782 890 potentiam
797 808 970 890 proximam
988 807 1027 870 ad
1040 825 1133 870 usum
1147 807 1286 871 rationis.

189 903 226 963 t⁰
247 903 307 962 Nee
320 904 507 960 excusantur
521 916 538 958 a
551 903 670 977 peceato
685 897 785 976 gravi,
805 897 859 978 qui
875 903 1026 978 praetextu
1039 895 1131 977 petrii
1154 896 1263 970 moriS,
1279 902 1335 959 aut
1349 897 1424 960 boni

147 987 294 1061 effeetus
311 986 359 1048 vel
380 985 582 1060 urbanitatis,
599 984 741 1048 eonvivas
762 991 875 1065 urgent
896 991 927 1047 et
947 984 1037 1066 (presi
1057 985 1241 1047 necessitant
1260 986 1298 1047 ad
1315 985 1422 1048 biben-

147 1078 228 1140 dum
251 1092 348 1154 usque
373 1075 412 1137 ad
439 1073 596 1137 ebrietatis
620 1073 805 1155 pericnlum;
827 1092 911 1136 secus
934 1081 1054 1148 eutem,
1075 1073 1100 1135 si
1122 1079 1247 1136 tentum
1271 1073 1424 1137 liberalior

147 1171 244 1246 potus
257 1163 403 1226 offeretur
417 1169 447 1225 et
462 1162 572 1244 sepius
586 1163 775 1243 propinetur,
788 1161 823 1224 in
834 1163 991 1225 moderata
1005 1169 1109 1224 tamen
1123 1163 1308 1243 quantitate.

192 1257 228 1317 5⁰
241 1255 308 1314 Non
326 1259 450 1332 peceant
473 1251 605 1331 graviter
618 1271 679 1334 per
692 1270 738 1325 se,
756 1249 810 1332 qui
832 1252 903 1313 adeo
922 1249 1031 1324 velidi,
1051 1251 1183 1332 uinoque
1197 1252 1312 1314 assueti
1331 1257 1419 1326 sunt,

149 1347 190 1405 nt
204 1359 367 1422 nunquam
383 1339 586 1414 inebrientur,
600 1341 658 1403 etsi
674 1339 790 1420 largius
802 1339 871 1402 aliis
883 1339 1006 1415 bibant,
1021 1339 1083 1401 nisi
1099 1339 1172 1402 adeo
1188 1339 1423 1420 temperantiam

152 1431 314 1504 excedant,
330 1435 367 1492 ut
382 1428 522 1492 sanitatis
535 1447 625 1510 grave
644 1429 865 1493 detrimentum
883 1427 986 1490 timeri
1001 1427 1111 1490 merite
1134 1428 1238 1509 possit.
1253 1464 1293 1473 -
1312 1429 1345 1492 V.
1361 1429 1421 1493 Ga-

149 1539 216 1599 ωε,
231 1540 261 1582 n.
273 1523 370 1582 tibet
383 1537 443 1600 seq.

550 2317 627 2360 ulnis
647 2315 820 2362 tnAcTnTus
840 2316 877 2361 DE
897 2315 1037 2361 ruccnrls
