3168 5002
203 197 247 258 '18
630 205 754 250 Siluius
780 203 1052 250 uuuoriouooics

203 322 286 381 sione
299 320 462 390 obsignare.
478 317 540 385 Quo
560 332 630 374 sane
645 332 702 372 non
722 313 815 372 solum
828 315 941 387 gravior
955 313 1039 387 longe
1053 331 1086 371 se
1103 315 1187 372 nobis
1202 316 1285 373 offert
1297 316 1333 374 de
1347 319 1474 391 synodo,

204 419 291 477 quam
305 397 567 476 predecessoribus
582 395 690 453 nostris
699 395 787 454 fuerit
801 396 836 452 de
848 395 975 453 comitiis
989 394 1052 452 illis
1067 395 1272 470 expostulandi
1286 398 1371 468 ratio,
1387 399 1438 456 sed
1448 403 1477 457 et

203 481 323 558 ipsimet
340 479 497 538 Gallicanae
506 475 644 534 Ecclesiae
664 491 721 532 uon
733 474 808 532 levis
823 475 930 548 injuria
943 475 1096 547 irrogatur,
1110 491 1195 548 quam
1214 475 1331 548 dignam
1344 479 1478 551 synodus
1569 487 1570 534 l

203 559 424 628 existimaverit,
436 559 518 631 cujus
533 556 689 614 auctoritas
703 556 735 613 in
749 556 940 630 patrocinium
957 557 1107 612 vocaretur
1120 571 1248 614 errorum
1261 601 1268 628 ,
1283 557 1389 631 quibus
1404 558 1478 617 illud

203 645 250 701 est
262 640 487 700 contaminatum
499 636 656 694 decretum.

241 720 442 792 Quamobrem,
458 733 522 791 quae
536 717 601 773 acta
612 717 769 774 conuentus
784 714 941 784 Gallicani,
956 731 1021 773 mox
1039 718 1072 774 ut
1085 717 1271 790 prodierunt,
1286 717 1479 792 predecessor

205 803 303 861 noster
319 797 492 858 venerabilis
516 797 700 854 Innocentius
720 797 779 867 Xl,
795 813 845 870 per
862 794 974 852 litteras
990 796 1022 852 in
1041 795 1132 854 forma
1152 797 1247 854 breuis
1268 798 1315 855 die
1332 799 1350 855 l
1369 799 1478 874 Aprilis

204 885 273 942 anni
286 880 365 950 1682,
378 879 547 955 postautem
559 876 726 950 expressius
736 875 897 934 Alexander
907 877 971 934 v111
981 875 1187 934 constitutione
1198 877 1283 935 luter
1293 877 1478 953 multiplices
1570 919 1571 940 r

204 964 252 1021 die
266 960 416 1034 ldugusti
429 957 498 1016 anni
513 956 584 1016 1690
598 972 649 1031 pro
663 954 816 1031 apostolici
831 955 877 1013 sui
891 956 1020 1013 muneris
1035 955 1146 1014 ratione
1160 957 1368 1031 improbarunt,
1389 960 1481 1016 resci-
1525 941 1538 973 Γ

205 1043 317 1112 derunt,
331 1040 454 1098 nullast
469 1037 551 1095 irrita
565 1036 761 1104 declararunt3
775 1035 867 1094 multo
881 1035 984 1094 fortius
996 1036 1087 1109 exigit
1101 1053 1119 1093 a
1136 1037 1219 1094 nobis
1232 1039 1385 1112 pastoralis
1398 1038 1481 1096 solli-

205 1123 301 1181 citudo
314 1121 457 1178 recentem
471 1118 573 1175 borum
592 1117 697 1173 factam
718 1116 749 1172 in
768 1116 881 1188 synodo
896 1118 938 1173 tot
954 1116 1032 1174 vitiis
1050 1117 1182 1174 affectam
1203 1117 1385 1191 adoptionem
1399 1117 1480 1176 velut

205 1203 404 1271 temerariam,
421 1197 635 1268 scandalosam,
650 1212 684 1253 ac
699 1197 859 1270 praesertim
876 1195 955 1271 (post
968 1197 1047 1253 edita
1058 1197 1300 1271 praedecessorum
1315 1199 1480 1256 nostrorum

206 1282 332 1355 decreta]
347 1282 415 1338 huic
435 1276 599 1352 apostolice
622 1277 690 1334 Sedi
712 1291 893 1350 summopere
912 1275 1081 1349 injuriosam
1104 1277 1257 1352 reprobare
1271 1293 1304 1335 ac
1324 1277 1479 1348 damnare,

206 1365 290 1439 prout
303 1378 367 1419 eam
382 1359 516 1435 praesenti
533 1357 587 1414 hac
601 1359 699 1414 nostra
711 1355 916 1414 constitutione
926 1356 1112 1430 reprobamus
1134 1359 1163 1414 et
1179 1357 1365 1430 damnamus,
1380 1374 1413 1416 ac
1427 1376 1480 1433 pro

206 1446 356 1520 reprobata
369 1444 398 1500 et
411 1441 545 1500 damnata
557 1440 657 1498 haberi
673 1439 817 1498 volumus.
1571 1453 1572 1514 3

241 1527 284 1584 Ad
306 1525 336 1582 id
359 1539 450 1596 genus
470 1520 580 1579 fraudis
601 1520 742 1595 pertinet,
756 1520 832 1593 quod
850 1520 983 1594 Synodus
1000 1521 1031 1577 in
1056 1521 1110 1578 hoc
1132 1519 1196 1595 ipso
1218 1521 1331 1579 decreto
1352 1521 1389 1579 de
1410 1521 1481 1580 Fide
1571 1527 1572 1594 f

205 1605 391 1681 quamplures
411 1601 548 1660 articulos
567 1600 714 1675 complexa
725 1642 733 1671 ,
746 1615 818 1674 quos
838 1601 1025 1658 Louaniensis
1040 1599 1188 1659 facultatis
1206 1600 1333 1674 theologi
1347 1601 1384 1658 ad
1398 1604 1482 1660 inno
1571 1617 1572 1622 ¹

206 1686 295 1745 centii
309 1687 347 1744 Xl
361 1683 503 1758 judicium
525 1681 705 1751 detulerunt,
720 1683 782 1738 tum
797 1682 825 1738 ct
837 1681 912 1738 alios
932 1681 1082 1738 duodecim
1095 1698 1112 1739 a
1126 1681 1271 1739 cardinali
1292 1681 1328 1738 dc
1350 1681 1482 1740 Noailles

206 1767 360 1825 Benedioto
382 1766 448 1822 xili
472 1761 600 1832 oblatos,
624 1777 681 1817 non
704 1761 879 1818 dubitaverit
899 1778 935 1818 ex
956 1761 1105 1836 reprobato
1126 1762 1253 1820 secundo
1275 1760 1482 1834 Ultrajectensi

206 1849 333 1909 Concilio
346 1863 452 1908 vanum
467 1846 608 1918 vetusque
618 1845 809 1902 commentum
828 1845 1005 1902 exsuscitare
1017 1846 1181 1918 temereque
1194 1845 1241 1902 his
1256 1845 1352 1902 verbis
1370 1846 1482 1918 jactare

205 1931 237 1988 in
250 1930 365 2002 vulgus,
381 1943 483 2000 nempe
497 1925 641 1983 universae
649 1927 769 1999 Europae
781 1925 966 1984 notissimum
978 1941 1053 1994 esse,
1065 1941 1115 1982 eos
1130 1924 1267 1982 articulos
1282 1927 1379 1982 Romae
1399 1939 1483 1983 seve·

206 2011 322 2068 rissimo
335 2006 461 2064 examini
478 2005 621 2078 subjectos
637 2005 745 2073 fuisse,
759 2006 788 2060 et
804 2020 861 2061 non
877 2004 971 2061 solum
984 2021 1002 2061 a
1016 2003 1218 2078 qualicumque
1234 2021 1356 2062 censura
1375 2005 1482 2064 immu-

206 2107 258 2147 nes
280 2089 404 2156 exiisse,
424 2084 474 2142 sed
493 2085 582 2142 etiam
600 2099 617 2140 a
638 2083 763 2141 laudatis
782 2084 917 2141 Romanis
931 2084 1118 2141 Pontificibus
1133 2084 1226 2141 fuisse
1244 2085 1478 2142 commendatos:
1572 2075 1573 2126 t

206 2172 290 2242 cujus
309 2171 406 2223 umen
431 2166 550 2221 assertae
573 2162 829 2220 commendationis
859 2179 915 2220 non
940 2163 1022 2220 modo
1044 2163 1156 2220 nullum
1178 2166 1256 2220 extat
1281 2164 1480 2222 authenticum
1572 2161 1573 2184 ³

206 2248 419 2315 documentum,
432 2244 502 2317 quin
516 2243 612 2319 potius
625 2242 719 2300 eidem
730 2243 909 2314 refragantur
929 2245 994 2300 acta
1012 2244 1154 2301 examinis
1173 2260 1237 2317 quae
1258 2245 1288 2300 in
1307 2245 1410 2302 nostrae
1431 2261 1483 2301 su·

206 2345 313 2404 premas
328 2325 528 2399 Inquisitionis
545 2322 654 2381 tabulis
667 2323 894 2393 asserventur,e
912 2323 1017 2396 quibus
1036 2323 1066 2380 id
1080 2325 1191 2381 tantum
1211 2328 1349 2399 apparet,
1365 2322 1483 2382 nullum

207 2426 294 2484 super
308 2408 345 2465 iis
357 2403 500 2481 prolatum
513 2405 606 2462 fuisse
617 2403 772 2475 iudicium.

243 2491 329 2548 llisce
344 2488 494 2562 propterea
508 2485 544 2541 de
558 2484 669 2554 causis,
686 2483 792 2540 librum
809 2484 886 2542 hunc
900 2483 1011 2558 ipsum,
1024 2485 1070 2540 cui
1087 2483 1191 2542 titulus
1206 2483 1269 2542 Aoi
1280 2502 1295 2540 e
1306 2483 1420 2542 decreti
1433 2485 1484 2542 det
1573 2492 1574 2530 l

208 2569 343 2634 Concilio
357 2569 517 2627 diocesano
531 2566 566 2625 aa·
577 2565 697 2625 Pistoia
708 2565 857 2624 dctl'ouno
871 2565 1089 2624 MDGGLXXX
1095 2567 1142 2634 VI,
1158 2567 1194 2622 ira
1207 2567 1326 2625 Plateia
1336 2583 1394 2640 per·
1406 2568 1483 2624 Atto
1573 2571 1574 2586 *

206 2651 348 2720 Bracoti,
363 2651 547 2723 stmupotorc
560 2646 717 2717 oescooile,
733 2663 789 2705 coro
803 2647 1039 2721 opprovezione,
1060 2647 1123 2706 sire
1138 2649 1287 2723 premisso
1299 2645 1360 2703 sive
1377 2649 1483 2719 quovis

207 2733 266 2790 alio
284 2730 369 2789 titulo
382 2729 569 2803 inscriptum,
588 2727 762 2800 ubicumque
772 2730 801 2784 et
815 2743 993 2800 quocumque
1008 2727 1161 2798 idiomate,
1174 2728 1275 2801 quavis
1290 2726 1418 2784 editione
1431 2731 1485 2784 aut

208 2813 339 2870 versione
355 2811 495 2868 hactenus
513 2809 685 2882 impressum
700 2809 750 2865 aut
765 2807 998 2880 imprimendum,
1020 2807 1189 2865 auctoritate
1210 2807 1367 2881 apostolica
1380 2809 1485 2864 tenore

208 2893 394 2966 praesentium
404 2888 589 2964 prohibemus
608 2890 637 2945 et
649 2888 829 2958 damnamus,
845 2887 1083 2961 quemadmodum
1098 2887 1184 2944 eliam
1194 2887 1268 2945 alios
1278 2903 1376 2945 omnes
1389 2885 1484 2944 libros

208 2973 239 3029 in
251 2973 313 3044 ejus
325 2973 386 3028 sive
398 2972 460 3043 ejus
471 2969 608 3026 doctrinae
622 2968 817 3024 defensionem
831 2969 890 3024 tam
903 2968 1009 3041 scripto
1018 2983 1103 3040 quam
1115 2969 1191 3042 typis
1205 2968 1302 3025 forsan
1313 2968 1373 3040 jam
1388 2967 1485 3024 editos

209 3067 262 3110 seu
277 3049 366 3125 [quod
378 3051 455 3106 Deus
475 3047 597 3122 auertat)
617 3048 758 3116 edendos,
777 3063 932 3120 eorumque
946 3045 1113 3117 lectionem,
1133 3049 1370 3122 descriptionem,
1388 3049 1486 3105 reten-

209 3132 336 3200 tionem,
355 3131 384 3186 et
400 3144 486 3185 usum
506 3127 639 3184 omnibus
651 3129 681 3184 et
700 3127 824 3198 singulis
836 3126 1091 3197 christifidelibus,
1113 3128 1168 3185 sub
1189 3143 1274 3202 poena
1292 3129 1486 3186 excommuni-

208 3210 332 3270 cationis
343 3225 393 3283 per
404 3206 641 3265 contrafacientes
655 3207 719 3280 ipso
731 3207 805 3264 facto
821 3207 1018 3276 incurrendae,
1033 3207 1218 3281 probibemus
1233 3209 1340 3282 pariter
1353 3209 1382 3264 et
1394 3207 1486 3264 inter-

208 3292 343 3351 dicimus.

244 3369 430 3444 Praecipimus
445 3367 565 3442 insuper
584 3365 798 3424 venerabilibus
813 3367 960 3425 Fratribus
979 3367 1168 3437 Patriarchis,
1183 3367 1435 3442 Archiepiscopis,
1456 3371 1486 3424 et

209 3449 375 3527 Episcopis,
392 3446 518 3520 aliisque
530 3445 655 3504 locorum
677 3447 855 3517 ordinariis,
876 3463 928 3504 nec
940 3464 996 3504 non
1008 3446 1152 3505 haereticae
1169 3448 1319 3522 pravitatis
1331 3447 1488 3520 Inquisito-

209 3535 308 3601 ribus,
325 3532 358 3588 ut
374 3528 598 3586 contradictores
620 3529 649 3585 et
667 3525 791 3584 rebelles
808 3543 1020 3601 quoscumque,
1035 3530 1282 3602 percensuisset
1300 3543 1400 3602 peenas
1413 3544 1487 3602 prae-

211 3613 283 3670 fatas
293 3610 406 3682 aliaque
414 3608 490 3682 juris
506 3610 535 3665 et
549 3607 616 3664 facti
633 3607 774 3678 remedia,
792 3608 921 3666 invocato
933 3609 1019 3665 etiam
1039 3607 1144 3664 adhoc
1159 3605 1200 3682 (si
1215 3623 1287 3680 opus
1304 3608 1404 3681 fuerit)
1420 3609 1488 3665 bra-

209 3693 269 3750 chii
282 3689 429 3749 saecularis
444 3687 568 3756 auxilio,
580 3688 697 3744 omnino
709 3689 859 3744 coerceant
870 3689 899 3745 et
908 3684 1091 3761 compellant.

245 3771 384 3831 Volumus
408 3769 522 3837 autem,
538 3769 570 3824 ut
588 3767 753 3825 earumdem
777 3768 962 3841 praesentium
986 3768 1193 3841 transumptis,
1209 3768 1296 3825 etiam
1316 3768 1485 3841 impressis,

211 3869 298 3908 manu
306 3851 430 3924 alicujus
443 3847 549 3906 notaui
564 3846 673 3921 publici
689 3846 878 3921 subscriptis,
894 3847 923 3904 et
938 3845 1036 3919 sigillo
1046 3863 1176 3920 personae
1191 3848 1222 3906 in
1237 3848 1377 3920 dignitate
1394 3848 1489 3905 eccle·

212 3932 329 3988 siastica
342 3930 505 3989 constitute
520 3929 652 3998 munitis,
664 3927 764 3984 eadem
776 3927 850 3984 fides
861 3943 980 4001 prorsus
995 3927 1175 3999 adhibeatur,
1191 3945 1254 4002 quae
1266 3928 1339 4001 ipsis
1355 3927 1488 3999 origina-

212 4010 289 4067 libus
303 4011 405 4068 litteris
420 4009 615 4078 adhiberetur,
628 4008 654 4064 si
665 4007 757 4064 forent
770 4007 906 4064 exhibitae
920 4005 966 4065 uel
977 4008 1112 4066 ostensae.

246 4088 325 4148 Nulli
352 4107 418 4163 ergo
445 4089 593 4150 bominum
616 4087 701 4144 liceat
728 4087 802 4144 hanc
829 4088 962 4162 paginam
992 4089 1096 4146 nostrae
1127 4086 1345 4157 declarationis,
1371 4088 1492 4146 damna·

212 4171 317 4240 tionis,
337 4171 475 4240 mandati,
494 4167 713 4244 prohibitionis,
733 4169 763 4224 et
777 4167 988 4226 interdictionis
1003 4168 1175 4240 infringere,
1195 4169 1242 4226 vel
1258 4169 1285 4226 ei
1300 4185 1374 4226 ausu
1392 4171 1490 4225 teme-

211 4250 287 4308 rario
312 4252 461 4308 contraire.
491 4251 522 4310 Si
548 4250 612 4323 quis
635 4249 731 4305 autem
755 4247 808 4304 hoc
833 4249 973 4306 attentare
999 4250 1234 4323 presumpserit,
1257 4248 1488 4321 indignationem

211 4331 414 4405 omnipotentis
440 4330 491 4388 Dei
519 4347 552 4389 ac
577 4331 724 4388 beatorum
752 4328 828 4384 Petri
856 4328 884 4386 et
913 4329 994 4387 Pauli
1017 4328 1210 4402 apostolorum
1233 4329 1296 4402 ejus
1318 4344 1350 4387 se
1373 4328 1490 4385 noverit

211 4425 409 4469 incursurum.

247 4493 351 4549 Datum
365 4491 476 4559 Romae,
487 4489 562 4563 apud
578 4490 706 4549 sanctam
720 4489 840 4548 Mariam
850 4491 996 4564 Maiorem,
1012 4505 1086 4548 anno
1101 4490 1310 4548 incarnationis
1326 4487 1486 4547 bominicaa
1572 4509 1573 4518 ¹
