3168 5002
336 947 750 1063 PRAEFATIO
795 947 856 1058 P·
905 847 1146 1061 GURY'

526 1245 596 1320 AD
627 1243 919 1322 LECTOREM

146 2029 261 2114 Habes,
288 2027 525 2098 humanissime
547 2028 673 2112 Lector,
699 2027 734 2096 in
756 2027 818 2096 hoc
842 2025 960 2116 exiguo
985 2026 1096 2096 libello
1121 2025 1251 2095 brevem
1277 2024 1369 2093 illam

108 2134 248 2224 quidem,
267 2145 302 2204 at
313 2135 490 2224 integram,
508 2133 571 2202 nisi
588 2133 695 2217 failor,
716 2133 764 2202 rei
779 2131 911 2202 moralis
923 2131 1111 2222 theologica
1126 2130 1367 2215 tractationem,

108 2261 143 2308 ex
159 2241 463 2331 pmbatissimcrum
481 2239 658 2308 Doctorum
677 2249 749 2308 tum
772 2248 934 2322 veterum,
961 2248 1033 2306 tum
1056 2237 1274 2306 recentiorum
1293 2236 1371 2304 dcc·

109 2346 190 2414 trina
202 2346 435 2416 concinnatam.
447 2344 529 2414 Cum
542 2355 652 2413 autem
666 2365 704 2413 ex
718 2363 873 2434 supremo
888 2343 919 2412 S.
937 2342 1029 2412 Sedis
1036 2342 1161 2434 judicio
1176 2342 1371 2432 praeclarum

108 2450 181 2519 huic
205 2452 346 2521 scientiae
369 2452 481 2519 lumen
503 2450 651 2541 proxima
679 2450 741 2518 hac
765 2457 858 2518 aetate
877 2448 1030 2517 effuderit
1053 2448 1085 2518 S.
1113 2449 1306 2516 Anrnousus
1329 2464 1372 2514 nn
1450 2465 1453 2470 ’
1533 2530 1538 2539 Ι

108 2557 251 2641 Lroonro,
280 2557 327 2625 nil
352 2556 461 2647 potius
484 2555 669 2644 certiusque
691 2554 796 2623 visum
822 2553 903 2621 mibi
928 2563 990 2636 est,
1016 2575 1114 2642 quam
1141 2563 1178 2621 ut
1202 2552 1373 2640 egregium
1416 2638 1421 2649 Ι

108 2660 188 2730 hunc
210 2662 329 2732 ducem
357 2681 523 2751 sequerer,
554 2660 689 2750 ejusque
718 2659 899 2729 doctrinam
927 2679 1008 2727 nova
1036 2658 1176 2748 quadam
1207 2657 1312 2725 forma
1335 2677 1372 2726 ac
1481 2751 1485 2760 Ι

109 2767 213 2837 ordine
229 2769 391 2857 digestam
410 2765 608 2836 exhiberem.
1228 2845 1231 2852 ¹

148 2871 254 2952 Quoad
288 2871 481 2941 methodum
503 2892 597 2956 vero,
624 2891 698 2961 quae
724 2869 854 2962 planior
874 2871 943 2938 visa
965 2879 1028 2954 est,
1050 2869 1134 2938 hanc
1154 2867 1373 2958 {libentissime

111 2989 227 3048 secutus
247 2999 337 3049 sum.
358 2978 471 3067 Itaque
493 2977 529 3045 in
547 2976 628 3067 ipsis
647 2975 788 3066 cujusvis
807 2974 1007 3045 tractationis
1030 2973 1169 3044 exordiis
1188 2973 1236 3042 rei
1255 2973 1372 3043 desmi-

112 3082 222 3154 tionem
237 3106 277 3154 ac
291 3082 626 3174 circumscriptionem
645 3080 796 3164 habebis;
818 3091 922 3171 utque
936 3079 1225 3150 eaaccuratissima
1241 3089 1324 3158 esset
1337 3099 1374 3147 ac

27 3210 36 3231 ·
112 3187 184 3258 bene
204 3191 240 3258 in
260 3210 332 3258 rem
350 3190 542 3279 quadraret,
564 3207 696 3256 omnem
714 3199 849 3277 operam
868 3185 1031 3256 collocavi.
1059 3185 1142 3254 Hinc
1159 3185 1263 3254 varias
1282 3205 1374 3274 repe

111 3293 167 3362 ries
183 3295 341 3386 subjectae
359 3292 503 3363 materiae
519 3293 708 3377 divisiones,
730 3313 787 3361 seu
806 3292 948 3361 diversas
967 3291 1067 3360 veluti
1086 3290 1200 3373 facies,
1222 3310 1304 3380 quas
1322 3308 1373 3355 va·

112 3397 159 3466 riis
173 3398 372 3490 expertibus
387 3409 529 3489 spectata
547 3419 598 3468 res
618 3399 723 3466 offert.
744 3399 790 3466 Re
808 3397 852 3465 ita
866 3397 901 3467 in
917 3396 1024 3466 medio
1043 3396 1235 3480 constituta,
1252 3393 1373 3482 gredau

114 3501 162 3572 iiet
181 3506 221 3574 ad
245 3503 425 3596 principia,
451 3503 571 3594 quibus
596 3513 751 3592 tanquam
776 3502 913 3572 totidem
932 3500 1119 3571 cardinibus
1139 3511 1205 3570 tota
1227 3508 1375 3568 versatur

113 3610 323 3696 quaestionum
347 3609 478 3679 solutio.
505 3609 581 3677 Haec
603 3627 670 3676 non
689 3607 792 3676 multa
816 3607 950 3696 quidem
975 3616 1088 3690 erunt,
1114 3607 1171 3676 sed
1191 3597 1227 3675 e'a
1246 3614 1371 3688 tamen,

112 3733 177 3802 quae
200 3725 302 3785 totam
328 3715 361 3782 in
386 3715 510 3784 serim
535 3713 735 3797 contineant,
765 3732 904 3802 quaeque
930 3734 949 3781 a
975 3712 1177 3801 gravioribus
1204 3707 1375 3798 Theologis

112 3821 247 3907 prolata,
270 3820 435 3890 communi
450 3819 606 3909 suffragio
625 3818 743 3889 sanciri
762 3819 954 3887 meruerint.
977 3817 1033 3886 His
1052 3814 1251 3897 constitutis,
1273 3813 1375 3884 facilis

112 3923 167 3993 erit
184 3935 215 3994 et
232 3925 429 4017 disputatio,
451 3935 482 3993 et
496 3925 536 3994 ad
563 3923 762 3994 consectaria
779 3925 973 4008 descensus,
994 3922 1028 3991 id
1049 3921 1156 3992 estad
1176 3919 1374 3990 solutionem

114 4030 339 4116 questionum,
364 4030 479 4120 quiin
503 4029 671 4100 nemoradi
696 4029 770 4098 finis
793 4028 1000 4098 immediatus
1024 4036 1083 4097 est.
1108 4027 1148 4094 nt
1165 4027 1322 4115 quoniam
1340 4025 1376 4093 in

113 4131 195 4204 bisce
212 4136 417 4205 consectariis
436 4155 539 4226 pauca
557 4135 701 4226 reperias
720 4143 929 4223 argumenta,
950 4133 985 4202 in
1007 4130 1126 4222 quibus
1142 4132 1192 4200 vel
1211 4131 1273 4222 ipsi
1292 4129 1378 4199 inter

114 4257 144 4308 se
166 4239 318 4312 Doctores
345 4241 581 4310 consentientes
608 4240 688 4324 sint,
717 4240 807 4308 locus
831 4239 893 4310 erit
917 4245 1122 4329 opportunus
1151 4233 1377 4306 controversiis

114 4343 315 4430 dirimendis,
341 4347 430 4436 quod
453 4347 494 4414 ad
517 4346 655 4415 modum
677 4345 896 4435 quaestionum
919 4341 1080 4434 prestabo
1105 4342 1270 4434 oppositas
1292 4340 1379 4409 inter

23 4461 31 4492 ⁵
116 4467 146 4517 se
164 4451 333 4521 sententias
355 4450 578 4562 committens,
604 4472 771 4542 quemque
796 4448 1067 4540 praestabiliorem
1091 4459 1148 4518 aut
1166 4469 1240 4518 vere
1262 4445 1379 4537 proba·

186 4573 290 4618 Oen·
307 4577 366 4620 'roas
376 4576 396 4620 1.
1241 4558 1253 4608 ¹
