3156 5026
201 197 271 258 tit
733 208 940 255 reserares

239 325 309 387 ote.
323 323 475 398 -Qoaa
495 326 529 386 8⁰
551 319 630 398 (laid
652 320 816 403 operatium,
834 320 863 382 si
881 322 962 383 inter
981 321 1083 382 varios
1100 339 1279 403 possessores
1298 321 1384 386 boooe
1400 321 1478 405 fidei

198 431 276 474 ursas
286 411 373 474 malas
388 410 464 493 fidei
479 411 634 492 adfuerit?

238 501 348 583 Hesp:
360 499 413 562 llla
426 498 658 562 oiroumstantia
671 497 749 560 mhil
763 516 887 578 prorsus
901 497 1014 562 oondit'
992 506 1108 562 tionem
1119 498 1250 563 aliorum
1261 517 1471 586 possessorum

200 589 360 664 immutat,
377 605 602 669 quemeumque
616 587 740 650 undem
758 587 886 652 looum
877 606 911 650 ιιι
928 587 1004 650 serie
1019 605 1227 668 possessorum
1241 588 1292 651 ille
1305 606 1470 670 oocupare

199 679 252 742 rit.
269 675 406 758 Singulis
420 677 505 739 enim
516 676 670 740 incumbit
684 675 790 738 eadem
801 676 944 756 obligatio
955 695 1026 756 erga
1039 675 1212 752 domiuum,
1227 695 1260 740 ao
1274 677 1301 739 si
1315 696 1470 758 possessor

197 766 249 828 ille
260 765 346 828 bonae
355 764 425 827 fidei
435 764 539 838 fuerit,
553 765 707 846 siquidem
720 764 839 826 mala
814 783 880 844 epus
894 765 990 828 fides'
980 783 1015 827 m
1029 765 1103 828 alios
1114 765 1288 828 nullatenus
1298 767 1464 829 redundat.

196 857 256 918 Iste
270 859 374 917 autem
389 855 564 917 tractandus
577 853 650 928 erit,
665 852 769 957 prouti
780 871 852 916 mox
863 854 900 916 de
911 853 1133 936 possessoribus
1144 854 1232 917 malae
1244 853 1315 916 fidei
1329 854 1460 917 dioetur.

238 945 338 1019 Quas.
354 947 389 1007 9⁰
405 941 484 1018 Quid
502 942 666 1023 spondam,
682 945 709 1002 si
723 961 877 1023 possessor
896 943 978 1006 bone
992 942 1070 1024 fido
1085 941 1202 1023 detepot
1221 943 1343 1025 quidem
1362 962 1424 1046 rem
1448 965 1467 1004 o

197 1051 227 1094 ss
239 1049 397 1114 possessam
409 1049 469 1094 esse
483 1030 625 1106 ola',eoam
641 1029 694 1093 sed
708 1030 842 1092 dominus
856 1051 915 1092 ooo
932 1029 1121 1112 compareat?

239 1121 347 1202 Respo
357 1123 398 1182 De
410 1119 467 1182 hoo
481 1123 527 1181 sta
529 1119 740 1184 tuendumt
694 1125 740 1180 est
754 1119 833 1180 siout
843 1119 880 1181 de
891 1139 924 1182 re
936 1120 1074 1182 inventa.
1091 1119 1280 1182 Probabilius
1294 1119 1390 1200 igitur
1399 1138 1467 1201 pos-

201 1227 298 1272 sessor
311 1226 377 1271 rem
389 1208 474 1270 illam
489 1225 608 1270 servare
622 1207 681 1270 sibi
693 1212 800 1287 potest.
816 1241 857 1254 —
870 1209 978 1270 Reoote
992 1208 1074 1270 dioto
1087 1229 1118 1268 ιι.
1134 1212 1203 1272 ιιὸ.

240 1301 310 1362 643.
326 1330 367 1344 -
380 1299 480 1371 Qum.
500 1301 552 1360 10⁰
571 1296 620 1356 Αιι
643 1314 794 1378 possessor
817 1296 899 1358 boos
921 1297 996 1379 fidei
1015 1296 1178 1360 subdocere
1199 1298 1297 1381 possit
1324 1316 1468 1381 espemos

200 1385 394 1463 moessorios,
412 1404 486 1466 quos
497 1385 528 1446 io
542 1405 575 1447 re
586 1385 788 1447 conservando
805 1385 851 1447 oet
862 1386 1000 1468 oopeodo
1010 1385 1123 1448 subiit?

243 1475 355 1558 Resp:
366 1475 515 1537 Deduoere
535 1477 633 1554 potest
652 1491 757 1537 omnes
778 1491 924 1554 expensas
947 1479 1140 1553 necesarias,
1154 1474 1217 1537 imo
1234 1481 1266 1537 et
1278 1475 1385 1550 atites,
1400 1496 1466 1558 que

169 1597 177 1608 ·
201 1581 311 1644 nempe
331 1581 396 1626 rem
419 1568 599 1626 conservant
617 1568 647 1624 ιι
668 1562 824 1624 meliorem
845 1561 994 1639 efficiunt;
1011 1582 1096 1626 seous
1115 1563 1199 1626 enim
1218 1564 1364 1627 domiuus
1382 1566 1465 1646 plus,

202 1669 296 1734 quam
316 1670 409 1715 suum
426 1656 486 1726 ιιι,
505 1652 660 1731 reciperet.
676 1651 757 1713 Nihil
779 1655 882 1714 autem
895 1659 1028 1732 repetere
1045 1659 1144 1732 potest
1159 1670 1213 1732 pro
1232 1653 1374 1732 expensis
1387 1673 1468 1718 mere

202 1739 422 1822 voluptuariis3
434 1741 507 1822 quia
517 1757 641 1822 aequum
653 1757 716 1802 non
729 1745 786 1815 est,
798 1747 835 1802 ut
846 1740 990 1804 dominus
1004 1743 1101 1805 solvat
1113 1759 1260 1822 expensas
1272 1759 1341 1823 ques
1351 1744 1468 1806 nubam

202 1830 261 1892 sibi
276 1829 442 1892 utilitatem
454 1828 597 1892 afferunt.

242 1921 326 1982 Inter
343 1936 489 1999 expensas
510 1925 615 1981 autem
636 1937 698 1982 non
720 1925 794 1981 sunt
812 1918 1009 2000 computandi
1027 1937 1115 1983 oasus
1134 1919 1269 1994 fortuiti,
1286 1938 1342 1982 neo
1357 1921 1469 1984 damna

203 2007 401 2092 praesideas
411 2014 543 2070 oausata.
561 2007 619 2083 Sio,
632 2027 662 2070 v.
675 2027 733 2088 gn,
750 2007 776 2070 si
789 2007 955 2070 incolendo
969 2025 1040 2088 agro
1054 2007 1151 2071 alieno
1164 2009 1315 2089 perierint
1325 2009 1391 2090 equi
1405 2010 1465 2082 tui,

204 2098 290 2160 valor
302 2113 452 2179 equomm
467 2096 574 2159 deduoi
589 2096 713 2178 nequit,
730 2097 781 2158 sed
793 2103 918 2159 tantum
932 2096 1095 2160 estimatio
1113 2096 1224 2160 laboris
1242 2097 1314 2160 iaoti
1332 2098 1367 2160 ab
1380 2097 1467 2178 equis

225 2205 258 2248 ro
270 2204 287 2248 a
326 2185 333 2199 ⁸
348 2185 477 2248 onltma.

203 2205 224 2267 p
245 2203 370 2337 ὃιῗι-
381 2276 484 2349 Quaau.
500 2279 552 2337 ιιο
566 2275 615 2336 Aa
629 2279 685 2358 qai
699 2293 763 2336 rem
783 2274 929 2355 portabam
948 2274 1026 2336 oona
1045 2273 1106 2356 fide
1118 2275 1205 2349 erait,
1222 2275 1317 2356 possit
1328 2295 1393 2337 eoru
1404 2268 1473 2356 [uri

204 2361 330 2426 reddere
343 2363 383 2424 ad
394 2366 526 2446 pretium
538 2383 625 2426 saum
638 2363 890 2446 recuperandum?

245 2451 333 2533 Resp.
350 2456 383 2513 ιο
397 2451 488 2534 Νι9.,
504 2451 530 2515 ιι
549 2458 722 2534 oompareat
741 2452 885 2515 dominus
905 2470 971 2515 rem
990 2469 1078 2514 suam
1097 2451 1135 2514 ab
1153 2451 1202 2514 illo
1220 2457 1373 2530 operans,
1394 2457 1473 2514 tuno

204 2538 289 2604 enim
303 2537 391 2602 debet
409 2557 478 2603 eam
498 2540 558 2621 ipsi
578 2542 715 2616 reddere,
732 2540 827 2604 etiam
845 2559 917 2603 oum
937 2539 1028 2622 pretii
1047 2539 1097 2603 sui
1114 2543 1241 2622 jactura;
1254 2537 1329 2618 quia
1343 2540 1380 2600 de
1394 2542 1472 2619 jure

204 2628 339 2693 naturali
351 2628 495 2692 dominus
507 2649 572 2693 rem
587 2648 675 2693 suam
687 2647 830 2711 occupare
841 2634 941 2710 potest
953 2629 1138 2710 ubicumque
1148 2645 1216 2692 ,eam
1228 2624 1366 2706 reperiat.
1375 2627 1470 2688 Aetio

205 2723 311 2781 tomen
325 2718 456 2798 emptori
467 2719 558 2782 datur
574 2719 608 2781 in
621 2719 732 2781 iurem.

245 2808 355 2886 Excipe
367 2825 405 2868 eso
417 2806 493 2870 lare
504 2807 635 2884 Gallico,
649 2807 675 2870 si
692 2826 739 2870 res
753 2813 855 2889 empta
876 2807 968 2870 merit
986 2808 1020 2869 in
1033 2807 1096 2870 loro
1112 2805 1246 2888 publioo,
1257 2804 1306 2867 uel
1318 2804 1357 2866 ab
1369 2822 1404 2867 eo
1416 2805 1472 2885 qui
1568 2857 1569 2862 ,

205 2913 253 2957 res
266 2894 444 2976 hujusmodi
458 2898 587 2960 vendere
605 2898 695 2973 solet;
709 2901 785 2960 tuno
805 2897 889 2959 enim
907 2903 1026 2977 emptor
1045 2895 1169 2959 domino
1188 2913 1253 2958 rem
1269 2911 1332 2956 non
1352 2897 1472 2956 tenetur

205 2983 344 3057 reddere,
360 2983 421 3045 nisi
442 2985 539 3066 pretio
559 2986 668 3050 soluto.
685 2989 754 3048 llaeo
775 2991 879 3048 autem
899 2985 980 3067 Juris
1002 2983 1178 3065 dispositio,
1194 2987 1285 3065 Juxta
1304 2981 1470 3063 quosdam,

206 3071 287 3133 ualet
300 3071 392 3133 etiam
406 3072 441 3134 in
455 3073 519 3136 toro
537 3074 743 3148 oonsoieutiae3
757 3073 830 3155 quia
844 3078 890 3136 est
900 3073 1067 3136 utilissima
1079 3073 1160 3136 bono
1173 3071 1309 3153 publico,
1324 3069 1471 3151 tranquil-

206 3159 287 3222 litati
299 3159 534 3239 possessionum,
546 3169 576 3224 et
588 3163 674 3226 valde
688 3163 867 3225 commercio
880 3163 969 3225 lavet.
982 3160 1086 3223 -Ito
1103 3161 1246 3239 Bourier,
1263 3159 1300 3221 de
1311 3177 1473 3241 possessore

208 3247 290 3308 bonos
302 3246 384 3328 fidei.
402 3284 442 3294 -
457 3247 613 3330 Cambre,
630 3271 661 3312 ιι.
680 3256 769 3315 loll.
786 3287 825 3297 -
838 3250 972 3330 Gousset,
989 3271 1020 3313 ιι.
1037 3254 1127 3314 1091.

246 3336 335 3420 Resp.
350 3339 404 3400 2⁰:
421 3337 453 3400 Si
467 3338 611 3403 dominus
633 3340 675 3402 sit
695 3340 820 3420 quidem
840 3341 996 3421 cognitus,
1010 3340 1062 3402 sed
1077 3339 1122 3402 rei
1138 3337 1271 3410 inscius,
1287 3336 1475 3420 probabilius

207 3430 307 3508 potest
317 3432 436 3506 emptor
450 3444 515 3490 rem
529 3427 591 3490 furi
604 3428 770 3502 remittere,
787 3435 824 3491 ut
835 3429 996 3510 pecuniam
1009 3431 1177 3508 recuperet;
1193 3427 1269 3508 quia
1282 3432 1402 3507 emptor
1413 3443 1475 3488 uon

209 3519 333 3578 tenetur
355 3533 421 3578 rem
443 3515 568 3580 domino
593 3535 712 3581 seruare
735 3535 806 3581 oum
830 3516 950 3598 proprio
971 3518 1097 3592 damner,
1121 3515 1184 3578 imo
1207 3521 1307 3596 potest
1294 3515 1476 3576 tdamuum

208 3601 326 3666 domini
340 3604 529 3684 permittere,
547 3612 584 3669 ut
595 3623 754 3686 proprium
774 3613 888 3670 oaveat.
904 3605 1008 3668 -Ito
1030 3605 1064 3668 S
1086 3565 1171 3687 idq,
1187 3624 1219 3667 ιι.
1240 3606 1311 3667 569.
1326 3637 1365 3648 -
1378 3602 1475 3683 Laqo

144 3691 151 3702 '
208 3689 385 3768 -Lessias,
402 3699 459 3758 eto.
469 3695 824 3776 -Nepaottamenatii
835 3695 1050 3778 probabiliter,
1063 3693 1197 3776 quiores
1211 3690 1475 3754 olamatdomino:

210 3797 243 3842 ao
257 3785 415 3860 praterea,
429 3787 514 3844 tenet
501 3789 553 3845 tur
565 3790 685 3864 emptor
701 3785 740 3846 ad
763 3785 912 3847 damnum
929 3802 991 3847 nou
1008 3782 1202 3846 inferendum
1223 3779 1368 3844 domino:
1385 3777 1478 3842 infert

210 3874 314 3930 autem
328 3887 393 3932 rem
408 3873 473 3952 ejus
485 3870 548 3934 iuri
566 3872 727 3948 reddendo,
744 3873 896 3953 siquidem
915 3891 983 3935 eam
1002 3870 1116 3953 ponit'
1107 3889 1142 3933 m
1161 3875 1222 3933 sta
1223 3887 1244 3931 u
1208 3867 1421 3933 tdeteriori.
1436 3902 1478 3912 —

210 3955 257 4017 Sic
271 3957 413 4020 Laorois.
427 3995 466 4004 -
478 3960 646 4042 Lapmano.
662 3995 703 4006 -
716 3960 871 4040 comae,
888 3982 918 4023 ιι.
936 3966 1029 4034 lota,
1045 3965 1102 4022 eto.

250 4043 340 4128 Resp.
355 4050 388 4110 3ο
405 4048 457 4112 :Si
470 4047 520 4111 fur
531 4056 586 4112 aut
604 4047 683 4112 alius
695 4049 834 4112 venditor
856 4067 919 4112 non
938 4052 1095 4130 appareat,
1110 4053 1165 4110 aut
1178 4045 1341 4128 peouniam
1356 4043 1480 4107 reddere

210 4133 287 4195 nolit
295 4142 447 4215 e,mptor,
462 4137 582 4218 sognibo
600 4137 739 4212 domino,
755 4155 820 4201 rem
840 4138 908 4200 aliis
929 4140 1059 4202 vendere
1077 4155 1139 4200 non
1160 4139 1272 4217 potest,
1291 4152 1346 4196 neo
1363 4131 1399 4195 in
1413 4149 1482 4214 pro-

209 4221 291 4301 prios
307 4241 383 4286 usus
400 4233 587 4302 convertere,
604 4233 640 4289 ut
660 4227 1006 4290 steservetindemnem
1016 4225 1111 4307 ,quia
1124 4243 1187 4288 non
1201 4229 1246 4287 est
1259 4221 1481 4292 re1dommus

211 4313 343 4377 sedeam
357 4315 482 4380 domino
496 4317 1484 4400 redderedebettnonobstantepretupaoturaReoursumautem

209 4397 244 4460 in
259 4403 447 4466 venditorem
471 4413 582 4470 servat
603 4409 690 4484 Quod
712 4407 740 4470 si
760 4425 832 4470 eum
852 4407 992 4470 invenire
1012 4410 1157 4487 nequeat,
1179 4401 1411 4482 damnum1psi
1434 4407 1484 4462 est

211 4487 474 4554 subeunduma-
493 4494 527 4558 V
545 4497 652 4574 Cosas
668 4517 700 4558 o.
716 4499 775 4559 599
790 4506 891 4579 etseq.
