3168 5002
222 153 266 215 52
650 161 773 207 suariis
801 161 1076 207 curionosooics

136 282 138 291 ⁴
221 285 422 362 simplicitate,
440 277 492 334 sed
505 293 541 334 ex
559 273 681 348 superba
697 273 822 330 virorum
841 272 964 330 scientia
983 277 1062 331 ortus
1080 276 1126 331 cst
1144 275 1352 349 scripturarum
1368 273 1493 346 abusus,

221 371 250 426 et
264 369 338 424 natac
351 363 419 419 sunt
434 361 570 415 haereses.

221 487 224 492 ¹
255 464 302 521 al.
321 459 460 530 Abripere
481 470 497 510 e
517 451 737 508 christianorum
761 449 895 506 manibus
915 452 1026 507 Novum
1043 452 1255 507 Testamentum
1280 466 1332 507 seu
1355 451 1398 508 eps
1422 449 1495 508 ppud

221 547 351 604 clausum
374 542 472 595 tenere
493 529 647 589 auferendo
672 530 715 586 eis
737 529 852 584 modum
873 529 952 586 istud
975 529 1170 602 intelligendi,
1192 532 1237 588 est
1256 530 1317 588 illis
1336 531 1444 588 chrispi
1463 545 1496 588 05

220 628 492 800 &fideiussore
506 698 673 790 christianis
687 696 840 789 lec-tionem
861 713 950 754 socrae
965 697 1134 772 Scripturas,
1150 697 1309 770 prasertim
1330 667 1495 771 Evangelii,

219 796 264 852 est
275 789 444 849 interdicere
450 798 539 840 usum
551 778 672 835 luiiiiuis
685 777 753 833 liliis
766 775 855 846 lucis,
866 777 994 834 olfacere
1006 781 1037 834 ut
1049 777 1193 852 patiantur
1205 779 1329 852 speciem
1340 779 1494 852 quamdam

218 863 532 933 excommunicationis.

253 969 299 1027 so.
318 967 434 1039 Eripere
453 957 579 1033 simplici
598 953 702 1031 populo
721 954 774 1010 hoc
790 954 940 1023 solatium,
955 954 1095 1028 jungendi
1109 969 1208 1011 vocem
1223 971 1305 1011 suam
1319 956 1382 1012 voci
1402 956 1493 1014 totius
1567 931 1568 990 ἶ

217 1049 368 1115 Ecclesiae,
383 1047 429 1101 ost
442 1057 513 1098 usus
528 1037 686 1095 contrarius
701 1035 782 1107 praxi
796 1034 960 1108 apostolicae
972 1038 1001 1091 at
1015 1035 1167 1092 intentioni
1181 1034 1241 1092 Dei.

252 1133 301 1205 8¹1,
316 1143 418 1237 llodus
431 1129 702 1228 plenuslsapientia',
719 1131 843 1223 lumine,
859 1132 888 1187 ot
903 1131 1043 1188 charitate
1062 1135 1107 1188 est
1121 1132 1189 1188 dere
1208 1132 1359 1188 animabus
1378 1133 1492 1205 tenipus

217 1225 347 1304 portandi
360 1215 602 1314 cum'hu'militate
613 1215 642 1304 et
656 1212 799 1304 sentiendi
815 1214 921 1269 statum
936 1212 1059 1285 peccati,
1075 1211 1190 1286 petendi
1206 1213 1338 1286 spiritum
1354 1212 1494 1286 preniten-

215 1310 265 1365 tim
279 1307 309 1364 et
320 1303 516 1365 contritionis,
536 1299 565 1352 et
583 1292 739 1366 incipiendi
758 1291 795 1347 ad
812 1293 909 1348 minus
929 1293 1096 1350 satisfacere
1115 1293 1240 1350 iustitiae
1256 1292 1320 1360 Dei,
1337 1295 1491 1364 antequam

216 1383 447 1445 reconcilientur.

212 1505 215 1512 ’
251 1479 296 1540 88.
316 1483 483 1552 ignoramus
493 1469 562 1544 quid
577 1469 617 1524 sit
630 1465 778 1542 peccatum
793 1468 822 1522 et
838 1481 906 1522 vera
920 1467 1101 1541 penitentia,
1117 1467 1230 1540 quondo
1244 1467 1375 1524 volumus
1392 1468 1490 1524 statim

214 1562 330 1621 restitui
344 1552 521 1634 possessioni
537 1550 677 1605 bonorum
694 1546 809 1602 illorum
825 1547 929 1618 quibus
951 1563 1002 1604 nos
1018 1549 1165 1621 peccatum
1185 1547 1336 1622 spoliarit,
1356 1549 1385 1604 ct
1398 1548 1493 1603 detre-
1561 1571 1564 1578 ¹

214 1646 325 1700 ciamus
339 1633 528 1712 separationis
542 1628 629 1686 istius
640 1628 714 1683 ferre
728 1626 934 1682 confusionem.

249 1737 294 1796 89.
315 1729 569 1828 Quartusdecimua
591 1723 696 1816 grodpm
716 1723 911 1814 conversionis
933 1724 1091 1796 peccatoris
1113 1726 1170 1793 est,
1186 1724 1262 1798 quod
1282 1737 1347 1780 cuin
1369 1723 1408 1780 sit
1429 1723 1490 1796 jum
1568 1703 1569 1774 ἶ

213 1817 430 1882 reconciliatus,
445 1811 589 1879 habetque
608 1803 767 1861 assistendi
777 1803 923 1860 Sacrificio
937 1804 1081 1860 Ecclesiae.
1125 1873 1128 1880 Ι
1568 1791 1569 1798 ³

247 1915 291 1973 99.
313 1911 442 1972 Ecclesia
452 1903 650 1963 auctoritatem
661 1899 925 1956 excommunicandi
935 1900 1034 1969 hebet,
1051 1903 1083 1956 ut
1094 1915 1157 1957 eam
1172 1901 1301 1958 exerceat
1316 1917 1366 1974 per
1378 1900 1490 1974 primos

212 1999 355 2072 pastores,
369 1992 405 2046 de
419 1999 563 2062 consensu
576 1981 678 2037 saltem
694 1982 866 2054 praesumptu
881 1980 970 2036 totius
984 1981 1120 2054 corporis.

209 2095 211 2101 '
246 2091 292 2148 91.
310 2077 621 2146 Excommunicaiionis
639 2076 757 2148 injustis
775 2079 869 2132 metus
890 2093 1035 2149 nunquam
1055 2077 1140 2134 debet
1158 2093 1210 2133 nos
1225 2076 1363 2150 impedire
1380 2077 1415 2133 ab
1434 2078 1490 2132 iiii-

210 2171 314 2246 plendo
328 2167 422 2222 debito
437 2164 534 2218 nostro
554 2178 561 2214 :
584 2171 729 2228 uunquam
749 2157 861 2211 eximus
883 2156 918 2211 ab
938 2155 1081 2226 Ecclesia,
1101 2159 1188 2214 otiam
1207 2158 1320 2229 quaudo
1337 2158 1488 2214 hominum

208 2249 338 2324 nequitia
352 2245 483 2302 videmur
496 2241 536 2332 ab¹
552 2255 586 2295 ee
603 2236 731 2310 expulsi,
751 2235 865 2308 quando
883 2239 940 2292 Deo
958 2239 1026 2294 Jesu
1040 2237 1167 2306 Christo,
1180 2241 1266 2310 atque
1279 2237 1334 2312 ipsi
1350 2238 1489 2296 Ecclesiae

206 2346 259 2407 pei
272 2328 446 2387 charitatem
461 2321 538 2378 aliisi
551 2333 661 2376 suiuus.

205 2419 208 2427 ’
244 2427 289 2485 99.
308 2425 369 2516 Pati
385 2419 479 2495 potius
493 2419 522 2474 in
533 2431 603 2510 poce
615 2411 938 2508 epicorumuiiicationem
950 2414 979 2469 et
990 2413 1141 2470 anatliema
1154 2415 1309 2486 injustum,
1325 2431 1411 2487 qnam
1423 2433 1489 2491 pro-

207 2509 274 2566 dere
290 2507 452 2593 veritatem,
468 2501 513 2555 est
532 2498 644 2588 imitari¹
659 2495 797 2584 sanctum¹
808 2491 928 2549 Paulum
944 2511 951 2547 :
967 2497 1077 2551 tantum
1097 2495 1194 2564 abest,
1210 2495 1241 2550 ut
1263 2493 1301 2550 sit
1324 2496 1435 2568 erigere
1456 2513 1488 2555 se
1569 2519 1570 2560 1

207 2590 305 2646 contio
315 2582 529 2647 auctoritatem,
544 2578 594 2632 out
605 2572 734 2631 scindere
748 2574 898 2629 unitatem.
1569 2563 1570 2602 i

242 2684 287 2740 93.
307 2685 391 2739 lesus
406 2675 576 2751 quandoque
591 2671 672 2728 sanat
691 2669 825 2736 vulnera,
845 2686 908 2743 quae
927 2683 1053 2744 praeceps
1072 2669 1228 2742 primorum
1242 2670 1389 2743 pastorum
1402 2672 1490 2730 lesii·
1569 2653 1570 2718 Ϊ

206 2765 285 2822 natio
299 2761 406 2832 iniligit
420 2759 483 2815 sine
502 2753 594 2829 ipsius
613 2751 761 2821 mandato;
776 2751 860 2806 lesus
879 2749 1007 2808 restituit
1025 2749 1100 2823 quod
1115 2749 1173 2824 ipsi
1196 2749 1407 2808 inconsiderato
1423 2754 1488 2812 zelo

205 2844 304 2903 rescin
345 2846 386 2898 nt.

241 2933 286 2990 sl.
304 2843 384 2989 (lillihil
403 2928 528 3003 pejorem
546 2923 581 2979 de
599 2919 728 2979 Ecclesia
742 2917 904 2994 opinionem
920 2917 1025 2991 ingerit
1038 2918 1102 2991 elus
1116 2916 1259 2988 inimicis,
1281 2935 1366 2993 quain
1386 2921 1487 2981 videre

205 3013 268 3071 illic
281 3010 458 3068 dominatum
472 3002 599 3063 exerceri
611 3017 698 3076 supra
711 2999 810 3057 Fidem
825 2998 969 3070 fidelium,
984 3001 1012 3056 et
1026 2998 1116 3056 roveri
1131 2999 1288 3057 divisiones
1304 3004 1418 3077 propter
1436 3021 1487 3062 res

205 3113 269 3172 quas
284 3111 337 3152 nec
351 3091 449 3150 Fidem
462 3087 571 3146 laedunt
584 3101 636 3143 nec
651 3099 757 3142 mores.

239 3191 286 3250 95.
304 3189 446 3248 veritates
465 3200 499 3242 eo
513 3182 703 3249 devenerunt,
724 3181 756 3237 ut
773 3179 831 3238 sint
851 3178 949 3250 lingua
967 3177 1051 3250 quasi
1070 3177 1221 3254 peregrina
1241 3177 1387 3254 plerisque
1399 3182 1488 3240 ehri.

204 3273 324 3340 stianis,
337 3271 367 3328 et
382 3267 484 3324 modus
496 3280 546 3321 eas
559 3261 732 3337 praedicandi
749 3261 795 3317 est
812 3259 901 3316 veluti
923 3258 1030 3316 idioma
1049 3259 1225 3330 incognitum
1242 3279 1250 3316 ι
1268 3260 1338 3317 adeo
1352 3267 1487 3320 remotus

202 3357 249 3414 ast
261 3370 278 3410 o
292 3348 478 3424 simplicitate
498 3343 707 3419 apostolorum,
728 3343 758 3398 ct
779 3356 866 3413 supra
884 3354 1065 3396 communem
1085 3341 1200 3411 captum
1219 3339 1348 3396 fidelium
1364 3359 1372 3395 ε
1386 3357 1486 3416 neque

203 3435 276 3494 satis
290 3429 457 3496 advertitur,
471 3425 546 3499 quod
560 3423 608 3479 liic
621 3422 750 3478 deiectus
761 3421 800 3478 sit
814 3435 903 3477 unum
916 3436 951 3476 ex
962 3419 1052 3491 signis
1064 3419 1188 3476 maxime
1199 3419 1387 3478 sensibilibus
1398 3437 1489 3479 sene·

203 3516 290 3574 ctutis
301 3511 453 3577 Ecclesiae,
468 3509 498 3564 et
512 3506 563 3562 irae
574 3504 625 3560 Dei
637 3503 668 3558 in
683 3502 759 3558 lilios
775 3517 853 3558 suos.

237 3611 282 3670 96.
302 3611 380 3666 Deus
399 3601 551 3678 permittit,
567 3601 600 3656 ut
615 3613 715 3657 omnes
734 3599 889 3672 potestates
905 3596 963 3652 sint
977 3593 1126 3652 contrarie
1146 3593 1381 3668 predicatoribus
1400 3598 1488 3655 veri-

201 3693 286 3760 tatis,
302 3688 411 3760 atejus
426 3683 546 3740 uictoria
559 3679 676 3737 attribui
691 3693 746 3736 nori
757 3678 850 3751 possit
861 3677 920 3733 nisi
937 3675 1042 3732 dimne
1053 3674 1164 3746 graiiae.

237 3789 282 3846 97.
302 3785 395 3845 Nimis
420 3796 496 3854 saepe
515 3777 669 3849 contingit,
684 3776 812 3833 membra
832 3773 884 3829 illa
903 3787 967 3846 quse
988 3771 1081 3843 magis
1101 3774 1199 3828 sancte
1218 3787 1251 3827 ac
1270 3773 1363 3844 magis
1379 3773 1487 3832 stricte

202 3869 283 3928 unite
296 3865 433 3926 Ecclesiae
445 3862 526 3930 sunt,
543 3857 646 3931 respici
661 3857 746 3927 etque
761 3854 877 3910 tractari
896 3855 1041 3924 tamquam
1063 3851 1195 3923 indigna,
1211 3855 1243 3908 ut
1263 3851 1366 3908 sintin
1384 3855 1488 3914 Eccle-

201 3949 247 4006 sia
259 3947 305 4004 vel
318 3950 463 4018 tamquam
478 3941 514 3996 ab
526 3953 561 3996 ea
578 3938 708 4011 separata
727 3933 798 3991 :sod
810 3935 908 4006 justus
923 3932 994 3988 vivit
1007 3947 1042 3988 ex
1060 3931 1143 4004 Fide,
1163 3934 1193 3989 et
1208 3947 1266 3988 non
1285 3949 1321 3989 eii
1342 3933 1486 4007 opinione

200 4029 221 4085 li
240 4027 360 4083 minum.

222 4045 282 4172 Ο98.
302 4113 398 4170 Status
418 4104 627 4186 persecutionis
644 4103 673 4158 et
689 4117 852 4176 poenarum,
865 4115 937 4172 quas
951 4099 1017 4172 quis
1037 4100 1140 4157 tolerat
1156 4101 1292 4172 tanquam
1305 4099 1485 4174 haereticus,

200 4193 378 4268 flagitiosus,
397 4193 426 4246 et
447 4189 569 4263 impius,
589 4182 700 4277 ultima
713 4181 881 4256 plerumque
902 4180 1030 4255 probatio
1048 4183 1094 4237 est
1116 4181 1144 4236 ct
1164 4180 1289 4236 maxime
1312 4182 1482 4254 meritoria,

200 4280 298 4353 utpote
310 4291 373 4349 quae
384 4273 453 4330 iacit
466 4269 611 4346 liominem
626 4281 719 4337 magis
734 4265 905 4321 conformem
920 4267 989 4322 Jesu
1003 4264 1127 4322 Christo.

234 4373 279 4431 99.
299 4369 474 4437 Pervicacia,
487 4361 658 4440 praeventio,
673 4360 829 4418 obstinatio
841 4360 871 4417 in
887 4359 1009 4419 nolendo
1030 4361 1080 4417 aut
1100 4359 1211 4434 aliquid
1224 4361 1402 4431 examinare,
1423 4365 1483 4418 aut

197 4467 367 4530 cognoscere
382 4465 414 4507 se
428 4449 519 4506 fuisso
530 4444 695 4518 deceptum,
709 4442 819 4499 mutent
831 4441 971 4515 quotidie,
986 4441 1077 4515 quoad
1092 4439 1213 4510 multos,
1230 4443 1259 4498 in
1273 4441 1388 4498 odorem
1403 4455 1484 4498 mor-
