3156 5026
208 234 277 296 38t
738 220 956 290 raacrnrni'

203 363 293 442 juges
315 356 509 440 possidebant
530 354 596 437 ipso
618 353 691 418 initi
713 355 906 418 matrimonii
926 354 990 428 die,
1010 355 1059 418 vel
1076 372 1145 436 qua
1165 355 1241 436 ipsis
1260 355 1369 420 deinde
1390 357 1482 424 titulo

207 445 404 522 successionis
418 446 467 508 val
484 443 657 508 donationis
675 444 860 520 adveniunt;
877 448 910 508 θ’
923 461 960 506 ax
978 443 1124 507 omnibus
1139 443 1291 508 fructibus
1305 451 1335 508 et
1350 447 1481 528 quibus-

210 555 341 618 cumque
351 533 502 596 reditibus
513 532 665 597 bonorum
678 531 888 596 immobilium
899 549 1108 614 possessorum
1124 551 1143 594 a
1155 534 1273 614 sponsis
1286 541 1359 598 ante
1373 537 1484 599 matri·

210 625 367 698 monium,
383 623 432 685 vel
454 622 545 702 ipsis,
569 622 700 684 durante
722 620 937 695 matrimonio,
962 619 1208 699 advenientium
1229 626 1261 686 3⁰
1278 641 1317 686 ex
1336 625 1484 690 omnibus

208 713 299 777 honis
309 709 522 775 immobilibus
533 729 602 791 qua
614 727 652 772 ex
661 708 749 772 bonis
759 708 976 774 communibus
986 713 1122 791 tempore
1130 710 1325 775 matrimonii
1331 713 1486 796 acquisita

208 801 323 866 fuerint
335 800 413 882 (art.
428 803 502 863 lact
516 846 522 873 ,
537 799 642 880 tlon).

251 889 463 954 communitas
483 887 720 950 conceptionalis
738 886 878 951 consistit
898 887 933 951 in
951 887 1020 950 aliis
1040 887 1137 969 pactis
1156 907 1353 970 sponsomm,
1370 890 1486 972 quibus

213 983 327 1043 statuta
345 976 452 1058 legalia
474 977 618 1057 restringi
639 977 685 1039 vel
703 976 832 1039 relaxari
850 982 990 1056 possunt.
1006 975 1062 1039 His
1079 976 1306 1054 deficientibus,
1329 979 1393 1042 sola
1410 980 1487 1061 legis

211 1067 407 1148 dispositione
417 1065 624 1129 communitas
637 1065 764 1144 regitur.
831 1073 834 1080 ’

253 1157 322 1219 Sive
340 1159 444 1218 autem
465 1152 672 1218 communitas
689 1153 729 1216 sit
742 1153 845 1232 legalis
861 1154 927 1217 sire
937 1154 1192 1230 conventionum,
1208 1155 1288 1220 bona
1308 1158 1488 1222 communia

212 1251 289 1308 sunt
299 1243 426 1320 dotalia,
442 1242 504 1306 nisi
514 1245 655 1324 conjuges
668 1241 804 1305 ineundo
819 1242 1055 1306 matrimonium
1069 1243 1157 1306 aliter
1171 1244 1348 1308 statuerint.

252 1337 322 1398 552.
337 1332 451 1395 —Sub
471 1329 620 1412 regimine
643 1332 865 1392 communitatis
886 1331 967 1395 solus
985 1331 1118 1394 maritus
1136 1332 1439 1398 administrationem
1455 1343 1490 1399 et

212 1421 443 1486 usumfructum
455 1419 549 1482 babet
562 1418 714 1482 bonorum
725 1418 948 1482 communium.
963 1423 1180 1500 lmopotestea
1190 1420 1335 1498 rendere,
1350 1441 1489 1488 commu-

213 1518 294 1586 tare,
308 1510 343 1572 in
356 1508 559 1591 hypothecam
571 1506 704 1580 tradere,
716 1507 810 1569 etiam
821 1507 887 1570 sine
898 1507 1003 1570 uxoris
1015 1525 1175 1571 consensu.
1188 1511 1255 1572 Non
1268 1517 1375 1574 tamen
1389 1519 1490 1594 potest

215 1601 327 1663 donare
337 1597 428 1661 titulo
442 1595 577 1678 gratuito
587 1595 769 1670 immobilia,
779 1614 878 1678 neque
887 1596 1014 1659 mobilia
1025 1597 1116 1660 titulo
1129 1596 1311 1674 universali,
1323 1619 1379 1664 seu
1388 1603 1489 1683 quoad

214 1705 321 1751 eorum
339 1685 589 1762 mriversitatem,
606 1685 652 1748 vel
673 1685 856 1766 quotitatem
875 1703 929 1747 seu
947 1684 1124 1761 dimidiam,
1141 1686 1266 1749 tertiam
1279 1689 1328 1751 vel
1345 1696 1489 1770 quartam

215 1781 344 1858 partem.
358 1775 510 1838 Dissoluta
521 1779 626 1836 autem
640 1772 874 1848 communitate,
891 1773 971 1836 bona
989 1780 1020 1837 et
1038 1791 1130 1836 onera
1147 1773 1181 1836 in
1196 1774 1272 1837 duas
1291 1783 1393 1857 partes
1408 1777 1489 1841 diri·

217 1865 346 1940 duntur‚
363 1862 425 1926 nisi
436 1881 514 1925 uxor
526 1868 581 1925 aut
591 1861 675 1925 illius
689 1861 823 1925 haeredes
835 1861 924 1924 bonis
938 1861 1132 1938 renuntiare,
1148 1868 1180 1925 et
1190 1861 1237 1925 ita
1246 1863 1285 1926 ab
1296 1865 1438 1928 oneribus
1451 1885 1486 1929 se

217 1953 350 2016 eximere
368 1949 544 2014 maluerint.
565 1950 672 2013 Debita
692 1950 732 2012 ab·
749 1955 880 2032 utroque
901 1953 1041 2032 conjuge,
1066 1951 1115 2014 vel
1132 1950 1171 2014 ab
1189 1968 1297 2016 eorum
1314 1953 1484 2017 baredibus

216 2041 359 2105 solvenda
372 2045 446 2102 sunt
460 2039 536 2120 (ort.
552 2039 654 2120 ttae).

256 2135 326 2194 553.
342 2165 383 2176 -
393 2131 444 2191 111.
460 2127 604 2210 Repimea
618 2126 779 2190 excludens
793 2128 1042 2190 communitatem.
1056 2127 1174 2209 Duplici
1190 2130 1281 2193 modo
1295 2129 1394 2211 sponsi
1407 2129 1486 2192 illud

217 2218 425 2292 constituunt,
442 2216 554 2280 scilicet
570 2235 577 2278 :
595 2223 626 2280 l⁰
644 2217 820 2279 declarando
840 2235 870 2278 se
889 2216 968 2278 inire
986 2215 1223 2280 matrimonium
1236 2219 1302 2281 aime
1320 2219 1488 2281 communi-

3 2311 4 2318 ’
93 2357 104 2377 ,
218 2316 297 2384 tote,·
317 2310 350 2369 2⁰
368 2306 528 2369 statuendo
546 2323 578 2368 se
596 2301 696 2387 quoad
713 2304 958 2386 bonaqucmque
978 2303 1111 2368 suasore
1130 2306 1490 2388 omninoseparatos.1n

214 2398 321 2478 priori
335 2414 406 2458 oasa
420 2394 469 2457 vir
482 2394 610 2476 percipit
622 2412 729 2457 omncs
739 2393 857 2456 reditus
871 2392 1022 2456 bonorum
1033 2393 1154 2470 uxoris,
1166 2413 1233 2476 qua
1244 2396 1372 2476 proinde
1385 2397 1491 2460 omnia

219 2490 294 2546 sunt
307 2483 434 2558 dotalia,
448 2487 478 2546 et
491 2484 572 2547 solus
586 2483 690 2546 omnia
703 2481 911 2544 administrat.
928 2483 985 2545 Sed
1000 2482 1026 2544 si
1040 2500 1101 2545 usu
1117 2489 1345 2556 consumantur,
1361 2485 1491 2547 illorum

217 2571 350 2634 valorem
364 2571 487 2635 reddere
501 2577 632 2635 tenetur.
647 2571 686 2633 la
700 2589 771 2631 casu
780 2588 850 2632 vero
861 2573 1028 2652 posteriori
1040 2571 1153 2634 mulier
1161 2571 1249 2634 habet
1258 2571 1402 2633 omnium
1414 2590 1490 2635 suo-

216 2677 290 2723 rum
306 2661 457 2723 bonorum
475 2659 775 2724 administrationem
790 2663 821 2721 et
837 2659 1077 2722 usumfructum.
1094 2661 1222 2740 Uterque
1232 2664 1337 2720 autem
1351 2677 1489 2739 sponsus

218 2750 257 2811 ed
272 2767 363 2812 onera
376 2749 568 2812 matrimonii
582 2747 703 2830 speciali
719 2753 806 2828 pacto
824 2747 992 2823 concurrit;
1007 2747 1120 2811 sivero
1138 2747 1219 2811 nulla
1231 2745 1393 2810 conventio
1404 2750 1491 2811 exsi-

218 2842 280 2899 stat
301 2856 379 2900 uxor
399 2856 497 2920 usque
517 2839 556 2901 ad
576 2837 699 2901 tertiam
723 2841 842 2917 partem
863 2836 1021 2898 reditumn
1042 2855 1171 2900 suorum
1189 2853 1364 2900 concurrere
1386 2837 1489 2900 debet.

218 2923 361 3000 erocirca
373 2927 407 2988 in
419 2927 508 2990 tertio
520 2927 577 2990 boc
590 2926 754 3006 regimine,
764 2924 1022 3005 quemadmodum
1034 2930 1064 2988 ct
1078 2924 1112 2988 in
1124 2926 1269 3000 secundo,
1287 2924 1339 2987 dos
1354 2932 1490 3007 quadam

218 3013 256 3076 ab
271 3032 365 3076 uxore
379 3013 541 3079 tribuenda
551 3023 607 3090 est,
619 3034 680 3097 qua
692 3013 836 3078 oneribus
846 3012 1038 3077 matrimonii
1047 3018 1180 3095 exparte
1192 3013 1369 3090 subveniat3
1380 3032 1489 3079 rerum

218 3103 271 3166 dos
285 3104 434 3184 ejusmodi
448 3123 467 3165 a
480 3105 545 3168 viro
557 3102 682 3168 abenari
695 3106 802 3185 potest.

338 3285 550 3351 Resolvest.

258 3451 327 3510 eet.
344 3483 384 3492 —
400 3453 433 3510 ιθ
447 3451 529 3512 Uxor
541 3446 634 3509 habet
646 3449 698 3528 jus
715 3446 858 3510 strictum
874 3445 912 3508 ad
929 3443 1185 3508 sustentationem
1198 3462 1238 3507 ex
1251 3444 1341 3508 bonis
1352 3461 1488 3508 commu-

216 3535 326 3685 piribum
342 3536 427 3600 illam
436 3553 512 3638 ergo
526 3535 585 3598 sibi
596 3553 770 3618 comparare
780 3542 894 3617 potest,
910 3534 935 3597 si
948 3533 1080 3596 maritus
1091 3540 1218 3607 renuat,
1233 3534 1281 3596 vel
1293 3551 1372 3614 agre
1385 3533 1489 3595 admo

238 3641 292 3775 ugo]
306 3632 494 3794 itocilrrseffit
513 3733 591 3778 uxor
609 3713 804 3776 subducendo
822 3712 925 3794 aliqua
943 3729 998 3793 pro
1019 3711 1120 3785 rictu,
1141 3709 1296 3784 vestibus,
1313 3711 1490 3791 caeterisque

214 3799 338 3864 imniliae
352 3801 543 3905 necessariis,
557 3820 626 3882 quae
640 3801 744 3864 mariti
756 3820 834 3883 sape
845 3821 908 3865 non
920 3807 1040 3876 curant,
1053 3807 1085 3862 et
1095 3799 1210 3862 frustra
1222 3797 1262 3859 ab
1275 3797 1339 3860 illis
1353 3806 1490 3880 peteren-

214 3893 288 4040 tura'o
300 3979 332 4041 si
345 3891 475 4042 &ericiis
486 3911 520 4041 ii
533 3895 757 4043 {iinmeritam
768 3979 891 4043 famina
904 3978 985 4042 aona
999 3977 1145 4060 dilapidet
1159 3977 1207 4040 ver
1220 3976 1377 4058 prodigal,
1391 3981 1491 4058 potest

215 4083 292 4128 uxor
306 4085 340 4130 ea
353 4068 548 4143 abscondere,
565 4067 643 4130 etin
657 4069 774 4130 bouum
788 4069 914 4131 familia.
928 4085 1093 4131 reservare.

254 4159 288 4218 t⁰
302 4160 369 4219 Non
382 4156 496 4238 injuste
507 4157 571 4238 agit
585 4173 672 4231 uxor,
689 4156 716 4219 si
730 4155 826 4219 inscio
835 4156 948 4219 marito
959 4156 1109 4220 nonnulla
1122 4153 1182 4219 sibi
1194 4160 1314 4229 sumat,
1326 4173 1396 4236 qum
1406 4153 1492 4216 incito

215 4261 250 4306 ac
263 4250 344 4306 carto
362 4246 494 4308 mantus
512 4245 699 4320 concederet,
721 4245 748 4308 si
765 4253 937 4325 nogaretum
958 4246 1044 4308 adest
1061 4245 1145 4307 enim
1161 4242 1286 4307 licentia
1303 4245 1494 4324 presumpte

213 4332 512 4486 fflffidssjlfpm
523 4353 615 4398 causa
627 4352 690 4397 non
702 4335 841 4415 petendi,
855 4353 895 4397 ne
907 4338 1031 4414 cogatur
1044 4353 1108 4398 sese
1117 4333 1275 4397 ostendere
1287 4338 1325 4394 ut
1335 4331 1491 4395 ancillam.

255 4510 288 4570 5ο
300 4509 382 4572 Uxor
398 4517 513 4592 potest,
527 4512 561 4575 in
575 4513 692 4577 deiectu
710 4512 832 4588 mariti,
846 4531 884 4575 ex
900 4512 989 4576 bonis
1006 4511 1224 4576 communibus
1239 4510 1407 4593 expendere
1418 4523 1494 4588 quae
