3168 5002
201 152 246 211 'ld
626 163 749 208 sensns
776 163 1049 209 cunononocrcn

201 275 295 332 Curiis
318 274 406 331 etiarn
427 271 634 330 ecclesiasticis
652 273 807 344 exiguntur
823 289 874 347 pro
900 274 1092 348 suscipiendis
1112 275 1222 332 muniis
1242 277 1271 332 et
1296 273 1417 346 officiis,
1440 280 1472 336 et
1571 259 1572 330 l

201 354 358 427 generatim
373 369 423 427 pro
436 354 515 410 omni
529 353 595 410 actu
608 352 730 410 curiali:

237 435 336 504 Falsa,
358 433 493 492 Ecclesiae
506 434 658 507 injuriosa,
670 433 746 506 juris
761 434 952 492 ecclesiastici
966 434 1082 506 lenire,
1098 435 1261 511 disciplina
1278 453 1328 510 per
1345 453 1471 496 mnones

273 515 397 572 inductae
411 516 440 572 et
452 515 576 588 probate
590 514 769 572 subversiva.

587 709 622 750 BE
641 707 854 752 mnnsnioumus
873 708 1088 752 seclususrtcis
1182 735 1185 746 .

238 820 389 879 Decutiat.
404 818 566 878 ecclesiast.
582 820 640 895 51.

238 908 283 966 76.
305 909 474 979 insectatio,
494 925 551 981 qua
572 909 703 982 synodus
727 907 930 966 scholasticam
953 911 1093 982 exagitat,
1118 909 1197 967 velut
1217 926 1281 967 eam
1298 927 1364 984 que
1386 910 1473 968 aiam

202 988 323 1064 operuit
347 988 541 1046 inveniendas
563 988 651 1046 nevis
671 993 700 1046 ct
717 988 800 1046 inter
821 1005 852 1046 sa
875 987 1122 1047 discordantibus
1145 989 1354 1065 systematibus
1371 992 1474 1064 quoad
1571 999 1572 1058 ff

201 1069 341 1127 unitates
351 1068 483 1143 majoris
494 1069 599 1142 pretii,
608 1069 776 1126 aedanum
789 1068 921 1126 adduaen
931 1070 971 1127 ad
977 1069 1232 1144 probabilismum
1243 1074 1271 1127 et
1280 1069 1454 1128 Mutrium
1460 1089 1471 1141 ,·

237 1150 385 1218 Quatenus
396 1150 427 1206 in
443 1149 645 1207 scholasticam
656 1150 752 1223 rejicit
763 1149 938 1224 privatorum
952 1151 1037 1220 vitia,
1053 1151 1103 1223 qui
1117 1151 1197 1208 abuti
1209 1167 1243 1209 ea
1256 1152 1410 1226 potuerunt
1423 1154 1476 1209 aut
1571 1171 1572 1226 j

202 1231 286 1288 abusi
301 1234 387 1287 sunt:

237 1309 332 1378 Falsa,
344 1311 505 1380 temeraria,
522 1310 552 1366 in
566 1310 849 1368 sanctissimosviros
863 1312 891 1366 et
903 1297 1042 1380 doctores,
1056 1312 1106 1384 qui
1121 1327 1224 1385 magno
1239 1312 1387 1370 catholicae
1398 1313 1477 1373 Reli·

272 1391 367 1462 gionis
385 1390 460 1448 hono
481 1389 683 1448 scholasticam
708 1391 872 1461 excoluere,
897 1391 1057 1464 injuriosa,
1082 1392 1180 1451 lavans
1206 1393 1322 1451 infestis
1350 1394 1380 1451 in
1408 1410 1475 1452 eam

273 1471 472 1528 hereticorum
487 1471 635 1529 conviciis.

308 1599 385 1658 lbid.

237 1687 282 1745 77.
297 1688 380 1756 Item,
395 1687 426 1744 in
441 1703 474 1744 eo
489 1687 561 1760 quod
574 1686 682 1760 subdit,
690 1687 890 1744 mutationem
901 1687 1009 1761 ferratae
1021 1688 1185 1762 capiminis
1201 1687 1402 1759 ncksiostici
1412 1709 1477 1766 qua
1571 1689 1572 1730 l

200 1768 318 1841 facturn
332 1772 375 1824 est
384 1772 419 1823 ut
428 1766 570 1825 ministri
583 1765 722 1825 Ecclesiae
735 1767 771 1824 in
785 1766 965 1826 oblivionem
978 1769 1116 1826 uenirent
1124 1785 1253 1826 suorrnn
1260 1769 1396 1843 jurium,
1406 1789 1478 1846 puae

201 1847 296 1904 simut
318 1853 390 1904 sunt
411 1864 517 1904 aeruna
535 1846 752 1920 obtiputiones,
775 1865 808 1906 eo
832 1847 957 1904 demum
976 1867 1041 1906 rein
1064 1848 1247 1918 adducisse,
1261 1855 1296 1907 ut
1317 1851 1479 1910 obliterari
1571 1881 1572 1928 p

203 1927 316 2000 smeret
335 1926 512 2000 primitivus
535 1927 674 1984 notiones
696 1927 865 1984 ministerii
879 1927 1073 1987 ecclesiastici
1086 1933 1114 1986 ct
1133 1927 1353 1988 sollicitudinis
1369 1938 1477 2006 posto-
1571 1935 1572 1960 ¹

201 2006 279 2064 ruiis
289 2024 301 2074 ,·

237 2087 327 2155 Quasi
341 2103 393 2160 per
410 2073 604 2143 montionem
613 2086 763 2159 regiminis
776 2090 979 2160 congruentem
994 2088 1156 2164 disciplina
1177 2090 1208 2148 in
1223 2091 1353 2150 Ecclesia
1367 2095 1478 2150 consti-

201 2168 272 2222 tutae
295 2167 324 2222 et
347 2166 471 2240 probatae
486 2165 633 2224 obliterari
648 2182 775 2240 unquam
797 2168 922 2241 potuerit
940 2171 970 2226 et
994 2171 1091 2229 amitti
1115 2170 1262 2245 primitiva
1286 2173 1365 2230 notio
1382 2172 1479 2231 eccle·

203 2246 314 2303 siastici
328 2246 484 2303 ministerii
497 2246 687 2322 pastoralisve
701 2245 929 2305 sollicitudinis:
1076 2242 1083 2253 ’

540 2329 699 2401 Propositio
712 2326 801 2398 laisa,
817 2329 983 2399 temeraria,
1000 2345 1129 2388 erronea.

308 2438 374 2512 §a

237 2525 281 2584 78.
297 2527 477 2601 Praescriptio
496 2529 604 2601 synodi
617 2528 653 2586 de
664 2529 764 2586 ordine
782 2545 878 2586 rerum
892 2531 1104 2588 tractandarum
1119 2531 1150 2589 in
1166 2532 1383 2602 collationibus,
1400 2550 1477 2606 qua,
1571 2531 1572 2612 l

201 2607 388 2680 posteaquam
403 2606 559 2681 praemisit,
577 2608 613 2664 in
628 2607 757 2682 quotibet
771 2609 900 2668 articulo
922 2611 1176 2685 distinpnendtnn
1198 2611 1232 2670 id
1251 2613 1331 2687 quod
1342 2612 1479 2686 pertinet
1571 2631 1572 2650 ¹

201 2687 241 2743 od
260 2685 352 2761 fidem
370 2693 398 2744 et
411 2687 452 2745 ud
469 2689 632 2744 essentium
645 2688 816 2764 Retipionis
833 2692 870 2748 ab
890 2708 924 2748 eo
944 2693 1023 2764 quod
1042 2697 1086 2748 est
1101 2692 1266 2767 proprium
1285 2691 1477 2767 disciplinae,
1571 2729 1572 2762 r

202 2766 413 2839 suptuaginta
425 2767 482 2825 huc
495 2767 564 2842 ipso
579 2769 759 2844 [disciplina]
776 2769 1031 2846 distinpucndurn
1044 2773 1125 2845 quod
1144 2777 1187 2828 est
1199 2773 1406 2831 necessarium
1420 2780 1478 2832 aut
1571 2769 1572 2838 l

201 2845 277 2904 utile
294 2847 335 2904 ud
356 2847 531 2906 retinendos
544 2849 580 2907 in
603 2850 718 2924 spiritu
736 2849 837 2924 fideles
860 2852 896 2908 ab
914 2868 947 2908 eo
962 2853 1043 2925 quod
1060 2855 1103 2909 est
1120 2851 1231 2910 inutile
1246 2859 1301 2911 aut
1315 2853 1478 2914 omrosius
1571 2911 1572 2928 p

202 2943 296 3002 quum
314 2925 436 2985 libertos
459 2927 596 3003 fitiorum
615 2930 689 2988 noui
708 2930 833 3004 suadens
852 2931 1001 3006 patiatur,
1023 2931 1125 3006 inopis
1146 2950 1214 2991 uero
1230 2934 1267 2991 ub
1288 2951 1320 2991 eo
1340 2935 1420 3008 quod
1433 2943 1478 2994 est
1571 2931 1572 3008 ᾖ

200 3005 407 3080 periculosum
425 3014 479 3066 ont
502 3009 652 3079 matun,
668 3016 770 3085 utpote
793 3011 942 3070 inducens
962 3013 1004 3070 ud
1021 3012 1268 3086 superstitionem
1286 3019 1313 3071 et
1327 3015 1479 3073 materia·
1571 3045 1572 3104 p

203 3086 329 3146 tisinum
340 3107 350 3145 .·

237 3167 385 3238 Quatenus
408 3185 460 3244 pro
487 3169 674 3241 generalitate
695 3171 845 3230 verborum
871 3171 1092 3246 comprehendat
1109 3173 1139 3231 et
1157 3174 1324 3249 praescripto
1346 3177 1477 3234 examini

202 3248 337 3322 subjiciat
349 3249 436 3305 etiam
455 3248 639 3324 disciplinam
660 3251 696 3308 ah
711 3251 841 3309 Ecclesia
855 3253 1041 3310 constitutam
1053 3256 1082 3310 et
1096 3254 1258 3328 probatem
1273 3257 1357 3328 quasi
1378 3256 1479 3314 Eccle-

203 3329 258 3399 sia,
275 3345 339 3402 quae
352 3328 455 3403 spiritu
470 3329 522 3386 Dei
536 3330 654 3402 regitur,
666 3331 849 3406 disciplinam
862 3332 1039 3390 constituere
1051 3335 1149 3408 posset
1162 3350 1219 3392 non
1233 3335 1326 3393 solum
1339 3335 1477 3394 inutilem

202 3411 231 3466 et
249 3409 441 3467 operosiorem
455 3425 540 3482 quarn
555 3408 674 3469 libertas
689 3411 848 3470 christiana
860 3413 997 3486 patiatur,
1017 3413 1069 3471 sed
1085 3415 1114 3470 et
1128 3414 1330 3489 periculosam,
1346 3415 1475 3487 noxiam,
1571 3407 1572 3478 l

203 3488 384 3547 inducentem
396 3489 427 3546 in
441 3491 676 3563 superstitionem
688 3493 717 3549 et
730 3491 971 3550 materialismum
983 3511 991 3550 z

237 3569 336 3639 Falsa,
351 3571 518 3641 temeraria,
535 3572 713 3645 scandalosa,
723 3573 899 3648 perniciosa,
915 3574 1028 3648 piarum
1046 3572 1159 3630 aurium
1174 3574 1322 3646 ohannins,
1336 3575 1477 3634 Ecclesiae

274 3666 307 3707 ae
322 3650 438 3724 spiritui
451 3650 502 3708 Dei
514 3667 570 3724 quo
585 3651 649 3726 ipsa
663 3653 783 3726 regitur,
798 3654 953 3726 injuriosa,
968 3653 1004 3710 ad
1018 3652 1115 3711 minus
1129 3669 1258 3712 erronea.

353 3843 480 3888 conticit
499 3843 639 3887 ADVERSUS
658 3845 776 3895 aulones
796 3845 960 3889 sustentatas
979 3845 1010 3888 lu
1028 3845 1144 3889 scaonis
1164 3847 1325 3891 carausius

667 3925 756 3975 USQUB
772 3926 867 3969 ADHUC
884 3925 1018 3969 AGl‘fflAS

310 4053 647 4130 cnaaasyeaaua

238 4139 282 4198 79.
298 4140 443 4214 desertio,
462 4159 527 4216 quae
544 4143 684 4201 conviciis
702 4145 732 4200 et
755 4143 939 4202 contumeliis
962 4145 1120 4203 insectetur
1135 4146 1295 4203 sententias
1313 4147 1345 4202 in
1364 4145 1476 4204 scholis
1571 4165 1572 4228 p

203 4219 352 4278 catholicis
366 4223 499 4294 amatas,
514 4225 545 4281 et
556 4224 592 4281 dc
605 4225 710 4298 quibus
725 4223 882 4298 apostolica
893 4224 982 4284 Sedes
1001 4225 1075 4284 nihil
1096 4225 1190 4284 adhuc
1208 4225 1404 4284 definiendum
1423 4227 1477 4284 aut
1571 4229 1572 4260 r

202 4302 446 4375 pronuntiandum
465 4305 596 4363 censuit:

237 4381 331 4452 Falsa,
347 4383 508 4453 temerarie,
520 4385 551 4441 in
566 4383 679 4443 scholas
694 4383 849 4444 catholicas
861 4385 1001 4461 injuriosa
1011 4431 1018 4458 ‚
1029 4385 1134 4444 uenite
1147 4385 1315 4461 apostolicis
1333 4387 1477 4446 constitu-

273 4461 402 4521 tionibus
414 4461 584 4522 obedientiae
598 4468 748 4538 derogans.
