3216 5020
169 188 240 247 190
704 200 910 246 raucrarus

171 313 210 374 ad
219 310 303 373 aliud
312 311 394 390 quod
404 310 551 390 compleat
561 309 717 372 referatur.
733 310 780 373 Sic
789 311 824 373 in
835 311 999 375 homicidio
1010 312 1138 375 unicum
1147 312 1281 374 habetur
1290 314 1446 394 objectum·

172 397 283 475 totale,
299 398 370 462 licet
381 398 536 461 homicida
548 398 648 462 varios
661 406 748 461 actus
758 398 886 480 previos
898 400 1095 481 premiserit,
1111 418 1180 480 quae
1192 401 1278 464 varia
1289 400 1448 466 habebant

171 489 302 571 objecta,
315 507 345 550 v.
359 507 418 567 gr,
430 488 594 567 quaerendo
606 506 707 562 anna,
720 488 865 550 struendo
880 488 1024 564 insidiaS,
1040 495 1096 552 aut
1109 489 1224 569 pluries
1234 491 1445 570 percutiendo,

171 577 245 658 quia
259 575 364 638 omnia
381 576 442 638 ista
460 575 576 658 objecta
595 576 735 638 habenda
749 582 823 638 sunt
839 583 875 639 ut
893 585 995 657 partes
1016 577 1125 658 objecti
1143 577 1336 658 principalis,
1357 585 1387 642 et
1405 582 1448 644 ad

170 664 247 728 illud
263 664 456 727 ordinantur.
471 669 615 727 —Porro
629 670 773 726 unumst
788 663 871 726 idem
883 667 1036 746 objectum
1048 670 1148 746 potest
1160 685 1225 728 asse
1236 667 1284 729 vel
1300 685 1362 730 non
1378 688 1448 732 esse

171 753 265 814 totale
278 771 333 834 pro
347 752 432 816 vario
450 753 615 833 modoque
634 752 818 815 intenditur.
838 754 886 816 Sic
904 755 1018 817 vulnus
1035 753 1186 817 indictum
1204 755 1239 817 in
1260 755 1445 832 homicidia,

169 848 270 905 tactam
292 841 391 922 turpis
413 841 449 904 in
472 841 669 904 fornicatione
691 859 754 904 non
775 849 849 904 sunt
870 843 986 925 objecta
1006 843 1135 917 rotatio,
1156 843 1230 924 quia
1247 850 1349 924 partes
1368 854 1448 909 sunt

171 936 297 994 tantum
322 929 481 993 homicidii
509 936 541 992 et
564 929 794 1006 fornicationis3
822 931 849 992 si
875 936 978 995 autem
1006 932 1041 996 in
1068 951 1100 994 se
1129 931 1342 1008 intendantur,
1364 935 1447 1016 quin

168 1019 350 1100 ordinentur
370 1019 409 1081 ad
428 1025 586 1100 peccatum
605 1017 727 1099 aliquod
747 1018 926 1100 principale,
945 1021 1086 1084 habenda
1109 1027 1183 1083 sunt
1203 1025 1240 1084 ut
1259 1022 1374 1103 objecta
1396 1034 1446 1085 to-

172 1108 258 1169 tale'a.

212 1196 299 1261 Ratio
319 1194 497 1258 assertionis
517 1199 578 1270 est,
607 1195 680 1276 quia
703 1195 870 1277 objectum,
891 1204 983 1277 prout
1001 1199 1086 1260 docet
1108 1198 1145 1261 S.
1171 1199 1302 1260 Thomas
1326 1201 1370 1280 (l.
1394 1205 1442 1275 9.,

169 1308 200 1369 q.
223 1291 278 1362 l8,
298 1294 359 1346 art.
383 1284 418 1366 a)
441 1290 488 1346 est
508 1283 731 1363 quodammodo
750 1283 848 1348 forma
868 1289 970 1362 actus;
994 1286 1127 1368 adeoque
1145 1287 1314 1352 necessario
1332 1287 1442 1364 efficit,

168 1383 206 1438 ut
219 1379 305 1437 actus
318 1372 388 1436 talis
400 1371 457 1446 sit,
471 1372 560 1454 quale
574 1372 678 1453 ipsum
692 1378 748 1434 est.
766 1377 844 1454 Ergo
858 1372 913 1436 ubi
927 1380 1001 1437 sunt
1018 1375 1107 1456 plura
1124 1394 1255 1439 numero
1271 1376 1387 1458 objecta
1405 1378 1444 1441 in

168 1481 276 1544 genere
292 1460 402 1537 moris,
420 1462 522 1542 plures
542 1466 616 1522 sunt
633 1479 762 1523 numero
782 1467 869 1524 actus
885 1462 919 1524 in
937 1464 1042 1526 eodem
1058 1482 1180 1543 genere3
1203 1463 1260 1526 ubi
1278 1481 1378 1528 unum
1393 1471 1445 1528 est

168 1552 336 1633 objectum,
350 1568 432 1612 unus
446 1556 608 1630 reputatur
622 1567 686 1612 esse
704 1556 807 1626 actus;
827 1569 898 1632 orgo
913 1552 1040 1614 totidem
1059 1556 1133 1614 sunt
1145 1558 1266 1633 peccata
1279 1560 1356 1633 quot
1367 1559 1444 1616 sunt

169 1641 284 1721 objecta
294 1637 409 1702 totalia.

209 1731 249 1790 Et
265 1727 322 1790 hoc
341 1743 449 1790 verum
464 1725 688 1807 videturjuxta
704 1745 899 1790 communem
914 1728 1099 1803 doctrinam,
1116 1747 1211 1809 quam
1223 1734 1334 1792 tenent
1346 1729 1441 1794 innu-

169 1816 247 1880 meri
261 1821 414 1890 auctoreS‚
429 1815 472 1876 ait
485 1817 514 1876 S.
529 1815 596 1894 Lig.
613 1815 634 1878 l.
653 1835 691 1888 c.,
706 1816 799 1878 etiam
814 1818 936 1895 quando
948 1821 1047 1892 actae,
1064 1817 1261 1890 materialiter
1273 1825 1304 1880 ct
1314 1820 1442 1900 physice

168 1923 252 1968 unus
266 1903 330 1966 sive
341 1903 469 1966 interior
481 1903 545 1965 sive
557 1903 698 1978 exterior,
715 1904 901 1967 terminatur
913 1907 952 1968 ad
965 1906 1054 1986 plura
1067 1906 1183 1986 objecta
1195 1907 1315 1982 mulia,
1331 1927 1361 1968 v.
1376 1927 1437 1988 gr„

170 1993 197 2056 si
208 1992 279 2075 quis
290 2011 353 2055 uno
368 1991 535 2055 voluntatis
550 1991 698 2054 desiderio
710 2011 781 2054 cum
798 1994 940 2073 pluribus
956 1993 1080 2056 laminis
1099 1995 1205 2057 solutis
1225 1995 1330 2076 cupiat
1346 1996 1440 2058 forni-

167 2082 245 2156 cari,
265 2087 319 2144 aut
333 2099 395 2144 uno
414 2079 479 2142 ictu
498 2081 599 2160 plures
614 2080 728 2143 occidat
748 2081 900 2145 homines.
921 2081 1005 2145 Nihil
1023 2083 1106 2145 enim
1125 2083 1254 2164 impedit
1271 2085 1439 2163 quominus

167 2171 269 2252 plures
283 2169 386 2232 forma
396 2170 540 2243 moratae,
552 2169 655 2250 qualia
669 2176 743 2232 sunt
757 2177 895 2251 peccata,
909 2189 1009 2234 unum
1026 2171 1149 2254 physice
1159 2172 1334 2254 subjectum
1346 2171 1438 2236 simul

166 2257 308 2322 afficiant.
325 2261 364 2320 Et
376 2276 496 2333 revera,
513 2261 549 2320 ut
562 2257 638 2320 bene
653 2258 787 2321 advertit
801 2259 840 2320 P.
856 2259 1007 2335 Mcraia,
1026 2281 1057 2321 ιι.
1073 2265 1148 2336 119,
1165 2279 1247 2322 unus
1259 2267 1361 2333 actus,
1378 2279 1438 2342 quo

167 2347 237 2428 quis
257 2352 318 2408 tres
337 2345 478 2409 homines
499 2345 622 2421 occidit,
643 2349 696 2410 aut
712 2353 774 2409 tres
791 2346 921 2410 feminas
940 2348 1105 2423 desiderat,
1125 2348 1288 2430 injudicio
1306 2351 1439 2430 pruden-

165 2440 251 2510 tum,
273 2435 434 2516 aequivalet
451 2433 560 2510 etiam,
582 2435 700 2497 ratione
718 2435 827 2517 objecti
845 2441 876 2498 et
894 2437 1031 2511 numeri,
1047 2437 1147 2500 tribus
1162 2437 1280 2500 actibus
1295 2457 1347 2518 per
1361 2455 1438 2518 quos

166 2523 302 2605 singulos
316 2522 464 2586 occideret
478 2529 533 2585 aut
547 2523 731 2586 desideraret
746 2524 892 2604 singulas.
904 2559 945 2570 —-
956 2526 1176 2589 contradicunt
1190 2525 1315 2606 quidem
1330 2545 1437 2606 graves

165 2620 318 2689 auctores,
333 2612 386 2674 sed
401 2613 500 2692 quoad
515 2611 752 2693 speculationem
766 2619 905 2687 tantum,
922 2619 1074 2694 quatenus
1090 2613 1249 2677 voluntat
1265 2614 1333 2676 talis
1347 2621 1435 2678 actus

164 2720 265 2764 unum
284 2719 349 2764 esse
369 2707 526 2781 peccatum
542 2700 677 2777 dicatur;
695 2719 769 2764 nam
786 2702 887 2782 quoad
905 2702 1026 2782 praxim
1044 2702 1187 2765 unanimi
1203 2703 1265 2765 fere
1285 2703 1437 2766 sententia

164 2789 285 2865 docent,
299 2808 362 2853 non
374 2787 556 2852 sufficienter
569 2789 718 2870 ejusmodi
731 2793 887 2870 peccatum
899 2790 1043 2871 explicari
1055 2790 1089 2852 in
1100 2791 1300 2865 confessione,
1313 2790 1374 2853 nisi
1387 2792 1437 2854 vel

164 2895 314 2940 numerus
327 2877 513 2958 objectorum
527 2877 728 2960 exprimatur,
746 2880 794 2941 vel
809 2879 918 2942 saltem
934 2878 1022 2958 plura
1037 2879 1132 2942 fuisse
1147 2879 1264 2960 objecta
1277 2879 1312 2941 in
1328 2897 1438 2959 genere

163 2965 341 3039 declaretur,
365 2965 510 3028 dicendo:
526 2966 629 3048 plures
647 2966 758 3045 occidi,
780 2971 834 3029 aut
851 2966 957 3050 plures
976 2967 1153 3028 desideravi.
1178 2969 1299 3043 -lta,
1322 2987 1352 3031 ι’.
1375 2987 1435 3050 gn,

162 3054 281 3116 Bonae.
297 3053 376 3135 disp.
392 3072 430 3127 11,
445 3074 474 3136 q.
489 3058 523 3128 1,
536 3074 566 3135 p.
582 3060 616 3129 2,
630 3075 661 3114 a.
675 3059 706 3117 i.
718 3055 987 3127 -Busemdaam‚
1002 3055 1024 3116 l.
1042 3058 1079 3130 V,
1092 3076 1120 3117 c.
1136 3075 1163 3130 1,
1178 3055 1258 3118 aaa.
1272 3060 1307 3130 3,
1324 3066 1384 3118 art.
1399 3062 1435 3132 2,

161 3142 231 3204 Iter.
242 3147 271 3205 1.
282 3179 321 3187 -
330 3140 461 3221 Saurea,
474 3141 511 3204 de
520 3141 632 3205 Parcit.
646 3144 725 3226 drap.
737 3163 850 3218 xx11,s.
863 3147 897 3220 5,
910 3166 942 3205 ιι.
952 3149 1002 3208 37.
1014 3180 1053 3189 -
1064 3144 1162 3226 Lapa,
1173 3144 1262 3220 ibit,
1274 3145 1352 3227 disp.
1364 3165 1435 3221 xri,

161 3253 192 3293 ιι.
208 3235 332 3295 111-
348 3229 437 3306 Viva,
455 3230 545 3305 itta,
559 3253 588 3314 q.
604 3237 637 3306 5,
652 3243 712 3293 art.
730 3237 765 3306 a,
782 3254 813 3294 ιι.
831 3239 867 3307 9,
882 3244 937 3295 etc.

202 3325 271 3384 161.
284 3318 382 3383 -110
397 3319 524 3401 aequa.
541 3320 703 3383 Numerica
718 3328 909 3402 peccatorum
923 3321 1082 3384 distinctio
1099 3321 1274 3385 desumitur
1289 3323 1438 3384 etiamen:

161 3409 391 3491 multiplicitate
412 3417 532 3472 actuum
549 3410 707 3471 moraliter
725 3413 979 3493 interruptoram.
995 3445 1034 3455 —-
1051 3407 1087 3471 S.
1109 3411 1180 3492 Liq.
1204 3431 1235 3472 a.
1260 3415 1314 3487 36,
1333 3411 1437 3474 etalii

161 3517 411 3560 communissima.

201 3586 325 3649 Etenim
339 3587 461 3667 quando
475 3591 562 3649 actus
576 3587 746 3650 voluntatis
760 3589 917 3651 moraliter
929 3588 1212 3670 interrumpuntur,
1230 3589 1344 3668 singuli
1364 3607 1436 3652 era·

159 3675 240 3737 dunt
251 3675 284 3737 in
300 3694 332 3738 se
343 3675 499 3756 completi,
516 3693 615 3756 neque
628 3683 714 3739 actus
730 3695 860 3757 sequens
873 3683 972 3759 potest
986 3678 1046 3740 dici
1060 3677 1251 3740 continuatio
1263 3677 1436 3758 praeceden-

160 3763 212 3825 tis.
232 3763 280 3826 Sic
298 3763 354 3843 qui
370 3764 512 3845 pluribus
530 3763 651 3827 uicibus
670 3765 826 3828 moraliter
843 3765 1026 3848 interruptis
1043 3766 1142 3828 aliana
1159 3766 1306 3846 percutit,
1323 3767 1371 3830 rel
1384 3765 1436 3828 tu-

161 3858 263 3926 ratur,
282 3857 328 3914 tot
346 3858 468 3934 peccata
486 3852 669 3927 committit,
686 3859 761 3933 quot
781 3858 857 3915 sunt
875 3853 1098 3934 percussiones
1114 3855 1162 3917 vel
1180 3853 1278 3930 furta;
1293 3854 1366 3935 quia
1386 3859 1436 3916 tot

159 3946 245 4001 actus
260 3941 395 4005 diversos
408 3942 473 4005 haec
488 3941 694 4004 constituunt.

198 4028 295 4090 Actus
316 4037 421 4092 autem
442 4028 612 4093 voluntatis
628 4029 743 4110 triplici
761 4030 850 4092 modo
869 4031 1156 4110 interrumpuntur,
1173 4030 1286 4094 scilicet
1301 4050 1308 4092 :
1323 4037 1356 4095 l⁰
1369 4031 1437 4094 Per

158 4118 420 4190 retractationem,
438 4137 492 4182 seu
507 4117 730 4182 revocationem
749 4136 922 4199 expressam
934 4119 1122 4193 voluntatis,
1137 4119 1211 4199 quia
1225 4119 1289 4182 hac
1302 4119 1435 4200 impedit

158 4203 325 4284 quominus
339 4213 426 4270 actus
440 4207 588 4288 posterior
605 4224 676 4270 cunr
690 4207 790 4287 priore
803 4210 1015 4288 conjungatur,
1033 4227 1063 4270 v.
1084 4225 1142 4287 gr,
1159 4207 1272 4287 siquis
1288 4205 1434 4272 retractet

156 4310 284 4374 pravam
300 4296 490 4358 voluntatem
508 4296 587 4360 male
604 4293 728 4375 agendi,
747 4301 777 4357 et
790 4303 894 4375 postea
909 4314 977 4358 eam
991 4301 1138 4358 resumat.
1154 4331 1196 4342 -
1208 4300 1242 4359 2⁰
1256 4297 1320 4358 Per
1333 4317 1432 4358 cessa-

158 4384 269 4443 tionem
290 4382 492 4446 volaatariam
514 4384 552 4446 ab
574 4395 658 4464 aeta,
678 4402 732 4446 seu
751 4403 804 4465 per
822 4383 937 4447 mentis
957 4384 1188 4465 applicationem
1210 4386 1248 4448 ad
1271 4385 1431 4448 diversum

154 4471 322 4552 objectum,
340 4491 371 4536 v.
387 4491 446 4553 gn,
460 4472 487 4536 si
502 4471 573 4555 quis
587 4473 681 4537 libere
692 4481 787 4537 cesset
801 4492 819 4536 a
833 4471 985 4556 proposito
998 4473 1095 4548 malo,
1111 4479 1142 4537 et
1155 4473 1225 4537 dein
1240 4474 1279 4536 ad
1292 4473 1368 4538 illud
1383 4492 1431 4538 re·
