3202 5020
628 260 670 304 nn
695 260 931 308 consererem
1346 253 1413 315 tae

143 372 249 436 solidae
270 389 305 434 ac
322 370 465 452 prudenti
485 370 612 445 rationi,
629 371 771 453 quamvis
790 372 938 452 probabili
956 380 1095 452 tantum;
1111 376 1243 456 adeoque
1257 396 1319 441 non
1332 386 1413 443 certo

142 466 263 524 constat
276 461 373 540 legem
387 479 451 523 esse
464 459 603 524 dubiam.

183 555 217 613 2⁰
231 551 298 612 Non
312 549 370 611 tibi
387 549 458 611 lieet
476 549 562 629 sequi
580 550 765 612 sententiam
782 549 850 612 aliis
863 550 1064 632 prohabilem,
1081 559 1115 615 at
1132 552 1189 616 tibi
1205 561 1276 616 actu
1290 574 1413 635 prorsus

11 645 13 700 l
139 639 261 702 falsam.
277 638 366 703 Ratio
378 645 440 712 est,
456 637 529 718 quia
543 637 569 700 si
579 638 697 719 judicas
709 643 780 700 actu
793 638 910 721 aliquid
924 658 987 702 esse
999 639 1158 721 illicitum,
1173 649 1204 705 et
1219 641 1295 706 illud
1308 642 1411 722 facias,

11 739 12 794 t
140 727 176 790 in
189 727 335 808 prasenti
353 734 424 789 actu
442 726 534 788 hahes
551 726 768 790 conscientiam
781 727 910 808 peccati,
923 727 1051 809 ideoque
1065 729 1130 810 agis
1144 737 1249 794 contra
1263 733 1413 796 conscien-

143 815 222 878 tiam
242 819 340 878 tuam.
358 817 398 878 Ut
417 833 486 895 ergo
509 814 591 877 licite
612 815 748 896 sequaris
767 815 952 880 sententiam
970 817 1117 892 alienaru,
1134 819 1223 882 debes
1242 838 1310 882 eam
1328 821 1414 901 prius

141 903 239 966 iacere
254 911 357 980 tuam,
372 903 405 966 id
419 911 465 966 est
474 903 629 984 ,judicare
646 922 713 968 eam
733 923 796 967 esse
810 905 858 968 vel
874 905 1048 980 intrinsece,
1065 907 1112 970 vel
1126 908 1292 1032 extrinsece
1306 909 1414 972 saltem
1472 931 1476 938 ·

143 992 397 1073 probabilemf
411 992 536 1068 Reater,
553 1013 583 1054 n.
600 997 671 1057 105

184 1085 216 1146 3ο
229 1083 298 1144 Νοιι
319 1099 437 1162 semper
455 1080 526 1144 licet
545 1099 631 1164 seqm
622 1080 813 1162 quamlibet
824 1083 999 1164 opinionem
1012 1085 1155 1166 speculat'
1146 1105 1195 1150 ιιι
1209 1028 1412 1166 prohabilem;

144 1169 218 1252 quia
237 1171 419 1250 quandoque
434 1168 536 1251 opinio
553 1171 737 1272 speculative
755 1172 921 1253 probabilis
936 1192 1000 1236 non
1018 1180 1065 1236 est
1085 1182 1169 1256 praet
1170 1175 1214 1237 ice
1228 1175 1411 1256 probabilis.

141 1257 298 1321 nimiunn
317 1265 415 1340 potest
433 1257 499 1320 dari
516 1258 621 1322 actio
612 1279 646 1322 m
666 1261 838 1340 sequidem
856 1261 954 1336 licita,
969 1282 1038 1345 quae
1054 1263 1187 1326 tamen
1177 1282 1212 1326 m
1230 1264 1318 1345 praxi
1339 1265 1414 1327 tales

141 1346 246 1427 exigat
263 1347 466 1423 conditiones,
484 1353 522 1409 ut
540 1347 736 1429 plerumque,
750 1349 797 1413 rel
817 1351 924 1412 saltem
942 1350 993 1413 hic
1010 1358 1042 1414 et
1057 1371 1155 1428 nunc,
1168 1353 1277 1416 eradat
1291 1353 1411 1427 illicita,

144 1442 221 1516 puta
232 1435 269 1499 ob
281 1435 452 1516 perieulum
464 1436 612 1511 scandali,
626 1435 848 1512 irreverentia,
861 1438 1039 1521 injustitia,
1054 1448 1110 1503 eto.

185 1527 218 1587 4⁰
230 1527 297 1586 Non
311 1523 369 1586 tibi
381 1524 453 1587 licet
464 1524 549 1606 sequi
562 1525 737 1606 opinionem
756 1527 957 1607 prohabilem,
972 1530 1094 1609 quando
1107 1529 1243 1610 opposita
1256 1530 1314 1593 tihi
1326 1549 1415 1610 appa·

133 1619 192 1678 ret
204 1612 466 1693 probabilissima;
483 1613 630 1695 quianon
641 1620 742 1695 potest
752 1616 855 1679 adesse
870 1616 927 1679 tihi
940 1635 1030 1697 grave
1042 1619 1196 1681 motivum
1208 1618 1254 1680 ita
1269 1619 1415 1699 opinandi

143 1699 178 1763 in
190 1701 335 1764 conflictu
348 1701 459 1764 motivi
473 1702 663 1782 gravissimi;
678 1705 760 1766 unde
777 1704 846 1767 talis
861 1705 962 1787 opinio
980 1705 1038 1768 tibi
1055 1706 1194 1769 habenda
1211 1712 1258 1768 est
1274 1711 1309 1769 ut
1322 1707 1414 1784 dubie

144 1789 191 1852 rel
203 1789 341 1852 tenuiter
351 1790 526 1870 probabilis.
541 1794 628 1856 Potes
640 1796 743 1855 tamen
757 1800 794 1855 ut
805 1794 992 1874 probabilem
1004 1795 1114 1858 habere
1127 1794 1312 1875 opinionem,
1327 1797 1413 1876 qu'us

141 1879 315 1961 oppositam
328 1881 489 1955 Auctores,
504 1879 598 1942 etiam
614 1881 708 1956 docti,
726 1889 874 1964 tanquam
893 1883 1171 1963 probabilissimam
1190 1883 1372 1958 defendunt,
1387 1883 1414 1944 si

140 1968 195 2031 illa
206 1967 331 2030 aliunde
346 1967 404 2030 tibi
415 1986 453 2031 ex
467 1969 553 2048 gravi
565 1970 680 2034 motivo
692 1978 833 2052 appareat
845 1989 915 2034 rere
926 1971 1102 2052 probabilis

265 2145 459 2224 Quaesitae.

185 2319 238 2380 78.
254 2352 293 2362 -
304 2317 403 2392 Qum.
419 2322 451 2380 l⁰
461 2320 513 2379 An
532 2316 646 2380 licitum
664 2319 705 2380 sit
721 2323 769 2380 ati
782 2317 1012 2403 probabilitate,
1029 2339 1090 2381 non
1110 2327 1224 2381 tantam
1239 2322 1271 2378 in
1285 2318 1414 2381 materia

137 2407 231 2487 juris
241 2406 375 2486 positivi,
391 2405 446 2468 sed
455 2407 546 2468 ebant
549 2406 635 2486 juris
650 2407 791 2470 divini-et
803 2408 974 2470 naturalis?

185 2494 279 2575 Rerp.
291 2493 414 2575 Affirm.
428 2493 501 2575 quia
514 2495 549 2556 in
565 2495 702 2576 qualibet
717 2497 846 2560 materia
863 2497 1035 2578 contingere
1047 2503 1159 2578 potest,
1174 2501 1287 2559 utnon
1298 2503 1414 2560 constet

140 2584 179 2647 de
194 2582 270 2662 legis
284 2582 473 2660 exsistentia,
490 2583 609 2664 quoties
623 2603 731 2666 nempe
748 2591 852 2649 contra
871 2585 983 2648 militat
1001 2605 1072 2649 vera
1091 2593 1122 2648 et
1141 2585 1236 2648 solida
1250 2584 1412 2665 probahili-

139 2677 203 2748 tas;
220 2689 255 2734 ac
270 2671 397 2752 proinde
415 2673 452 2735 de
468 2671 521 2734 tali
538 2673 601 2753 lege
615 2673 705 2735 datur
721 2672 893 2754 ignorantia
908 2693 976 2737 rere
992 2673 1193 2737 invincibilis.
1209 2679 1302 2736 Porro
1316 2676 1410 2747 Deus,

142 2765 248 2824 auctor
261 2758 336 2841 legis
348 2766 378 2822 et
388 2760 576 2841 principium
590 2761 707 2824 ordinis
721 2762 880 2837 naturalia,
892 2781 955 2826 non
965 2767 1104 2826 censetur
1114 2762 1189 2824 velle
1203 2779 1257 2824 nos
1268 2761 1410 2841 obligare,

143 2850 265 2930 qtmndo
283 2849 502 2912 invincibiliter
517 2849 591 2929 legis
606 2849 817 2912 exsistentiam
831 2851 1020 2930 ignoramus.
1038 2887 1077 2896 -
1090 2851 1237 2926 Lemnia,
1254 2854 1310 2912 etc.

181 2939 283 3014 Qum.
300 2941 332 2999 2⁰
349 2939 399 2999 An
421 2936 630 3019 Confessarina
644 2939 758 3020 possit,
778 2939 826 3001 vel
845 2939 950 3002 debeat
969 2939 1122 3002 absolvere
1141 2941 1335 3021 penitentem
1360 2938 1414 3020 qni

141 3026 207 3089 nult
222 3027 307 3108 sequi
319 3027 488 3107 opinionem
494 3026 685 3110 probabilem
698 3027 828 3109 quidem,
839 3028 891 3092 aad
903 3029 1067 3111 oppositam
1076 3030 1233 3090 sententia
1246 3047 1337 3110 qaam
1351 3030 1414 3110 ipse

140 3118 243 3180 tenet?

138 3265 140 3268 .
181 3204 276 3286 Reap.
289 3205 418 3288 Aspim.
434 3203 462 3267 si
485 3205 635 3286 partitens
656 3207 808 3270 adhereat
831 3205 968 3288 opinioni
986 3223 1055 3270 rere
1078 3204 1228 3288 probabili
1249 3223 1319 3268 oum
1343 3223 1413 3266 con-

141 3293 270 3356 scientia
284 3294 452 3358 efformata.
471 3294 559 3359 Ratio
577 3301 622 3357 est
631 3295 727 3376 ‚quia
741 3295 892 3376 paenitens
905 3294 998 3357 habet
1010 3297 1062 3374 jus
1076 3295 1222 3376 sequendi
1238 3291 1412 3374 opinionem

141 3401 212 3446 rere
227 3382 430 3464 prohabilem,
447 3401 501 3446 nec
516 3383 721 3446 confessarius
735 3387 787 3465 J‘us
806 3383 898 3446 habet
915 3383 974 3465 ipsi
994 3383 1171 3464 imponendi
1193 3381 1327 3464 proprias
1349 3379 1413 3460 opi-

141 3471 266 3547 nioneS,
287 3470 410 3534 etiamsi
432 3471 646 3553 pmbabiliores
669 3471 729 3553 ipsi
752 3473 924 3536 videantur.
948 3471 1153 3535 confessarius
1176 3471 1260 3533 enim
1283 3487 1346 3531 non
1369 3471 1414 3530 est

135 3561 239 3644 judea
253 3561 424 3641 opinionum
440 3580 515 3642 quas
533 3561 685 3642 poenitens
707 3561 793 3642 sequi
810 3565 960 3634 teneatur,
977 3561 1029 3623 sed
1045 3567 1091 3624 est
1109 3557 1339 3638 tantumjadea
1353 3556 1414 3618 dia·

138 3651 305 3732 positionis
321 3648 370 3712 sui
385 3649 572 3730 poenitentis
587 3653 623 3711 ut
635 3653 716 3730 patet
731 3669 769 3712 ex
785 3647 919 3712 Trideat.
931 3669 999 3712 sesa.
1015 3651 1094 3725 XIV,
1108 3669 1133 3711 e.
1146 3668 1224 3711 v.-
1234 3649 1278 3709 lta
1294 3645 1412 3726 sata.

142 3738 196 3800 lib.
213 3740 270 3816 Vl,
287 3759 318 3800 n.
335 3743 410 3817 ool,
426 3748 454 3800 et
468 3739 528 3800 alii
537 3738 742 3800 eommrtniter.

182 3829 286 3910 Quae.
303 3833 334 3892 3ο
347 3829 395 3890 An
410 3827 611 3911 probabilitas
629 3828 797 3892 extrinseca
817 3831 979 3890 constituat
998 3830 1168 3910 opinionem
1188 3841 1255 3886 vere
1270 3822 1414 3905 probabi·

142 3915 220 3980 lar?

182 4006 273 4087 desp.
289 4006 418 4089 Affirm.
437 4006 543 4069 saltem
559 4005 725 4087 generatim
735 4006 898 4088 loquendo;
915 4006 978 4069 imo
994 4005 1028 4068 in
1044 4001 1266 4088 questionibus
1281 4020 1413 4083 quarum

142 4094 255 4157 solutio
269 4113 451 4177 magnopere
465 4096 574 4176 pendet
587 4114 605 4157 a
618 4096 807 4176 prudentum
824 4095 1040 4170 estimatione,
1059 4095 1155 4173 major
1169 4097 1240 4153 auct
1227 4091 1333 4154 toritas
1348 4109 1413 4154 ma-

139 4186 239 4266 jorem
262 4184 421 4247 constituit
440 4183 695 4265 probabilitatem.
715 4189 792 4248 Nam
814 4182 934 4248 difficile
958 4187 1003 4247 est
1023 4180 1141 4264 aliquid
1161 4197 1226 4242 esse
1248 4179 1414 4244 extrinsece

142 4273 312 4353 probabile,
331 4272 409 4354 quin
426 4291 481 4355 pro
494 4290 529 4335 eo
543 4273 583 4335 sit
596 4273 674 4336 ratio
689 4293 758 4337 vere
776 4272 888 4354 paris.
905 4277 963 4337 Rat
950 4269 1136 4334 tionabiliter
1149 4275 1252 4332 autem
1268 4266 1414 4350 praesmni

141 4361 231 4426 debet
244 4363 347 4426 adesse
364 4363 456 4426 talem
472 4359 640 4436 rationem,
657 4362 778 4442 quando
797 4361 1063 4440 multietgraves
1085 4364 1222 4422 auctores
1239 4363 1345 4422 tenent
1361 4354 1415 4420 ali·

142 4469 237 4554 quam
254 4451 430 4532 epimonem
449 4469 513 4514 esse
530 4409 732 4531 probabilem,
749 4449 861 4532 quippe
884 4448 938 4529 qui
963 4447 1008 4510 rei
1022 4446 1182 4512 raritatem
1201 4447 1325 4529 penitus
1348 4461 1414 4526 per·

145 4540 295 4621 spexisse,
313 4544 343 4603 et
329 4539 466 4604 tsolidis
483 4537 608 4603 motivis
626 4538 721 4602 inniti
745 4538 854 4604 merito
873 4541 1045 4600 censentur.
1064 4536 1142 4601 llinc
1165 4541 1195 4602 S.
1213 4537 1335 4600 'l‘home
1347 4530 1402 4594 Ati
