<?xml version="1.0" encoding="UTF-8"?>
<!DOCTYPE html PUBLIC "-//W3C//DTD XHTML 1.0 Transitional//EN"
    "http://www.w3.org/TR/xhtml1/DTD/xhtml1-transitional.dtd">
<html xmlns="http://www.w3.org/1999/xhtml" xml:lang="en" lang="en">
 <head>
  <title>
</title>
<meta http-equiv="Content-Type" content="text/html;charset=utf-8" />
  <meta name='ocr-system' content='tesseract 3.04.00' />
  <meta name='ocr-capabilities' content='ocr_page ocr_carea ocr_par ocr_line ocrx_word'/>
</head>
<body>
  <div class='ocr_page' id='page_1' title='image "./compendiumtheol02gurygoog_0282.png"; bbox 0 0 3216 5020; ppageno 0'>
   <div class='ocr_carea' id='block_1_1' title="bbox 486 198 1352 258">
    <p class='ocr_par' dir='ltr' id='par_1_1' title="bbox 486 198 1352 258">
     <span class='ocr_line' id='line_1_1' title="bbox 486 198 1352 258; baseline 0.006 -5"><span class='ocrx_word' id='word_1_1' title='bbox 486 208 531 254; x_wconf 83' lang='lat' dir='ltr'>na</span> <span class='ocrx_word' id='word_1_2' title='bbox 550 207 752 253; x_wconf 78' lang='lat' dir='ltr'>ennuaarrs</span> <span class='ocrx_word' id='word_1_3' title='bbox 771 206 948 252; x_wconf 76' lang='lat' dir='ltr'>naaaaoer</span> <span class='ocrx_word' id='word_1_4' title='bbox 1282 198 1352 258; x_wconf 77' lang='lat'>265</span> 
     </span>
    </p>
   </div>
   <div class='ocr_carea' id='block_1_2' title="bbox 88 314 1356 1357">
    <p class='ocr_par' dir='ltr' id='par_1_2' title="bbox 91 314 1356 755">
     <span class='ocr_line' id='line_1_2' title="bbox 132 314 1354 402; baseline 0.002 -20"><span class='ocrx_word' id='word_1_5' title='bbox 132 320 220 402; x_wconf 83' lang='lat' dir='ltr'>Besp.</span> <span class='ocrx_word' id='word_1_6' title='bbox 234 318 357 400; x_wconf 80' lang='lat' dir='ltr'>Affirm.</span> <span class='ocrx_word' id='word_1_7' title='bbox 373 318 459 394; x_wconf 84' lang='lat' dir='ltr'>Quod</span> <span class='ocrx_word' id='word_1_8' title='bbox 470 316 555 380; x_wconf 88' lang='lat' dir='ltr'>enim</span> <span class='ocrx_word' id='word_1_9' title='bbox 569 317 682 381; x_wconf 92' lang='lat' dir='ltr'>dicitur</span> <span class='ocrx_word' id='word_1_10' title='bbox 696 318 734 380; x_wconf 90' lang='lat' dir='ltr'>de</span> <span class='ocrx_word' id='word_1_11' title='bbox 745 314 939 379; x_wconf 89' lang='lat' dir='ltr'>sanctissimo</span> <span class='ocrx_word' id='word_1_12' title='bbox 951 316 1005 379; x_wconf 77' lang='lat' dir='ltr'>liei</span> <span class='ocrx_word' id='word_1_13' title='bbox 1019 316 1164 394; x_wconf 81' lang='lat' dir='ltr'><strong>Nomine,</strong></span> <span class='ocrx_word' id='word_1_14' title='bbox 1178 318 1276 395; x_wconf 90' lang='lat' dir='ltr'>idem,</span> <span class='ocrx_word' id='word_1_15' title='bbox 1293 340 1354 385; x_wconf 91' lang='lat' dir='ltr'>ser-</span> 
     </span>
     <span class='ocr_line' id='line_1_3' title="bbox 96 403 1353 488; baseline 0.003 -18"><span class='ocrx_word' id='word_1_16' title='bbox 96 414 164 470; x_wconf 83' lang='lat' dir='ltr'>rata</span> <span class='ocrx_word' id='word_1_17' title='bbox 175 407 368 488; x_wconf 83' lang='lat' dir='ltr'>proportione,</span> <span class='ocrx_word' id='word_1_18' title='bbox 382 404 477 468; x_wconf 90' lang='lat' dir='ltr'>etiam</span> <span class='ocrx_word' id='word_1_19' title='bbox 492 405 528 468; x_wconf 92' lang='lat' dir='ltr'>de</span> <span class='ocrx_word' id='word_1_20' title='bbox 541 403 722 468; x_wconf 89' lang='lat' dir='ltr'>nominihus</span> <span class='ocrx_word' id='word_1_21' title='bbox 735 409 917 470; x_wconf 87' lang='lat' dir='ltr'>Sanctorum</span> <span class='ocrx_word' id='word_1_22' title='bbox 931 404 1095 468; x_wconf 91' lang='lat' dir='ltr'>dicendum</span> <span class='ocrx_word' id='word_1_23' title='bbox 1107 410 1166 481; x_wconf 90' lang='lat' dir='ltr'>est,</span> <span class='ocrx_word' id='word_1_24' title='bbox 1183 414 1220 470; x_wconf 94' lang='lat' dir='ltr'>ut</span> <span class='ocrx_word' id='word_1_25' title='bbox 1233 417 1353 474; x_wconf 88' lang='lat' dir='ltr'>constat</span> 
     </span>
     <span class='ocr_line' id='line_1_4' title="bbox 94 493 1356 569; baseline 0.002 -11"><span class='ocrx_word' id='word_1_26' title='bbox 94 514 131 558; x_wconf 80' lang='lat' dir='ltr'>ex</span> <span class='ocrx_word' id='word_1_27' title='bbox 155 497 242 558; x_wconf 84' lang='lat' dir='ltr'>citato</span> <span class='ocrx_word' id='word_1_28' title='bbox 265 497 324 559; x_wconf 86' lang='lat' dir='ltr'>loco</span> <span class='ocrx_word' id='word_1_29' title='bbox 344 493 458 569; x_wconf 66' lang='lat' dir='ltr'>Eceli„</span> <span class='ocrx_word' id='word_1_30' title='bbox 480 495 543 558; x_wconf 88' lang='lat' dir='ltr'>uhi·</span> <span class='ocrx_word' id='word_1_31' title='bbox 553 495 699 558; x_wconf 89' lang='lat' dir='ltr'>additur:</span> <span class='ocrx_word' id='word_1_32' title='bbox 716 495 763 558; x_wconf 80' lang='lat' dir='ltr'>Et</span> <span class='ocrx_word' id='word_1_33' title='bbox 784 494 954 557; x_wconf 77' lang='lat' dir='ltr'>nominibus</span> <span class='ocrx_word' id='word_1_34' title='bbox 977 494 1160 558; x_wconf 82' lang='lat' dir='ltr'>Sanctorum</span> <span class='ocrx_word' id='word_1_35' title='bbox 1180 515 1239 558; x_wconf 80' lang='lat' dir='ltr'>noa</span> <span class='ocrx_word' id='word_1_36' title='bbox 1257 499 1356 560; x_wconf 86' lang='lat' dir='ltr'>admi-</span> 
     </span>
     <span class='ocr_line' id='line_1_5' title="bbox 91 583 1354 665; baseline 0.005 -20"><span class='ocrx_word' id='word_1_37' title='bbox 91 586 206 646; x_wconf 81' lang='lat' dir='ltr'>sceam&#39;e.</span> <span class='ocrx_word' id='word_1_38' title='bbox 222 585 301 648; x_wconf 90' lang='lat' dir='ltr'>Idem</span> <span class='ocrx_word' id='word_1_39' title='bbox 320 601 443 665; x_wconf 89' lang='lat' dir='ltr'>quoque</span> <span class='ocrx_word' id='word_1_40' title='bbox 462 583 626 647; x_wconf 85' lang='lat' dir='ltr'>dicendum</span> <span class='ocrx_word' id='word_1_41' title='bbox 645 590 691 646; x_wconf 89' lang='lat' dir='ltr'>est</span> <span class='ocrx_word' id='word_1_42' title='bbox 710 584 747 646; x_wconf 94' lang='lat' dir='ltr'>de</span> <span class='ocrx_word' id='word_1_43' title='bbox 768 599 848 647; x_wconf 90' lang='lat' dir='ltr'>vana</span> <span class='ocrx_word' id='word_1_44' title='bbox 864 583 1062 664; x_wconf 81' lang='lat' dir='ltr'>usurpatione</span> <span class='ocrx_word' id='word_1_45' title='bbox 1078 585 1243 649; x_wconf 84' lang='lat' dir='ltr'>verborum</span> <span class='ocrx_word' id='word_1_46' title='bbox 1261 605 1354 652; x_wconf 79' lang='lat' dir='ltr'>sacra</span> 
     </span>
     <span class='ocr_line' id='line_1_6' title="bbox 93 671 810 755; baseline -0.004 -19"><span class='ocrx_word' id='word_1_47' title='bbox 93 673 262 754; x_wconf 75' lang='lat' dir='ltr'>Scriptura,</span> <span class='ocrx_word' id='word_1_48' title='bbox 278 673 401 755; x_wconf 87' lang='lat' dir='ltr'>quando</span> <span class='ocrx_word' id='word_1_49' title='bbox 414 671 616 736; x_wconf 82' lang='lat' dir='ltr'>irreverenter</span> <span class='ocrx_word' id='word_1_50' title='bbox 631 676 761 736; x_wconf 88' lang='lat' dir='ltr'>sumunt</span> <span class='ocrx_word' id='word_1_51' title='bbox 803 720 810 734; x_wconf 92' lang='lat'><strong>.</strong></span> 
     </span>
    </p>

    <p class='ocr_par' dir='ltr' id='par_1_3' title="bbox 88 761 1355 912">
     <span class='ocr_line' id='line_1_7' title="bbox 130 761 1355 845; baseline 0.005 -21"><span class='ocrx_word' id='word_1_52' title='bbox 130 764 227 838; x_wconf 71' lang='lat' dir='ltr'>Quen.</span> <span class='ocrx_word' id='word_1_53' title='bbox 248 765 280 827; x_wconf 75' lang='lat'>3⁰</span> <span class='ocrx_word' id='word_1_54' title='bbox 302 761 353 824; x_wconf 84' lang='lat' dir='ltr'>An</span> <span class='ocrx_word' id='word_1_55' title='bbox 371 765 413 824; x_wconf 83' lang='lat' dir='ltr'>stt</span> <span class='ocrx_word' id='word_1_56' title='bbox 426 773 580 844; x_wconf 84' lang='lat' dir='ltr'>peccatam</span> <span class='ocrx_word' id='word_1_57' title='bbox 598 762 741 844; x_wconf 79' lang='lat' dir='ltr'>frequens</span> <span class='ocrx_word' id='word_1_58' title='bbox 759 770 789 824; x_wconf 90' lang='lat' dir='ltr'>et</span> <span class='ocrx_word' id='word_1_59' title='bbox 814 761 935 824; x_wconf 81' lang='lat' dir='ltr'>inutilis</span> <span class='ocrx_word' id='word_1_60' title='bbox 957 765 1115 845; x_wconf 82' lang='lat' dir='ltr'>marpatt‘o</span> <span class='ocrx_word' id='word_1_61' title='bbox 1138 764 1270 827; x_wconf 80' lang='lat' dir='ltr'>nominis</span> <span class='ocrx_word' id='word_1_62' title='bbox 1292 765 1355 830; x_wconf 78' lang='lat' dir='ltr'>de-</span> 
     </span>
     <span class='ocr_line' id='line_1_8' title="bbox 88 849 202 912; baseline 0.009 -1"><span class='ocrx_word' id='word_1_63' title='bbox 88 849 202 912; x_wconf 81' lang='lat' dir='ltr'>monis?</span> 
     </span>
    </p>

    <p class='ocr_par' dir='ltr' id='par_1_4' title="bbox 89 939 1356 1357">
     <span class='ocr_line' id='line_1_9' title="bbox 122 939 1356 1025; baseline 0.005 -24"><span class='ocrx_word' id='word_1_64' title='bbox 122 939 206 1021; x_wconf 82' lang='lat' dir='ltr'>Resp.</span> <span class='ocrx_word' id='word_1_65' title='bbox 220 939 297 1024; x_wconf 72' lang='lat' dir='ltr'>Nep.</span> <span class='ocrx_word' id='word_1_66' title='bbox 313 960 372 1025; x_wconf 80' lang='lat' dir='ltr'>per</span> <span class='ocrx_word' id='word_1_67' title='bbox 385 960 426 1002; x_wconf 80' lang='lat' dir='ltr'>se.</span> <span class='ocrx_word' id='word_1_68' title='bbox 442 939 642 1020; x_wconf 85' lang='lat' dir='ltr'>Reprehenda</span> <span class='ocrx_word' id='word_1_69' title='bbox 657 942 762 1002; x_wconf 83' lang='lat' dir='ltr'>tamen</span> <span class='ocrx_word' id='word_1_70' title='bbox 775 945 822 1001; x_wconf 88' lang='lat' dir='ltr'>est</span> <span class='ocrx_word' id='word_1_71' title='bbox 841 945 878 1003; x_wconf 93' lang='lat' dir='ltr'>ut</span> <span class='ocrx_word' id='word_1_72' title='bbox 890 939 996 1002; x_wconf 88' lang='lat' dir='ltr'>minus</span> <span class='ocrx_word' id='word_1_73' title='bbox 1014 941 1122 1004; x_wconf 89' lang='lat' dir='ltr'>decens</span> <span class='ocrx_word' id='word_1_74' title='bbox 1134 941 1169 1006; x_wconf 85' lang='lat' dir='ltr'>in</span> <span class='ocrx_word' id='word_1_75' title='bbox 1185 961 1236 1006; x_wconf 91' lang='lat' dir='ltr'>ore</span> <span class='ocrx_word' id='word_1_76' title='bbox 1252 943 1356 1006; x_wconf 88' lang='lat' dir='ltr'>Ghris-</span> 
     </span>
     <span class='ocr_line' id='line_1_10' title="bbox 89 1027 1356 1111; baseline 0.006 -23"><span class='ocrx_word' id='word_1_77' title='bbox 89 1027 247 1103; x_wconf 87' lang='lat' dir='ltr'>tianorum,</span> <span class='ocrx_word' id='word_1_78' title='bbox 270 1029 447 1111; x_wconf 75' lang='lat' dir='ltr'>presertim</span> <span class='ocrx_word' id='word_1_79' title='bbox 465 1028 500 1091; x_wconf 90' lang='lat' dir='ltr'>in</span> <span class='ocrx_word' id='word_1_80' title='bbox 516 1027 745 1103; x_wconf 87' lang='lat' dir='ltr'>Sacerdotibus,</span> <span class='ocrx_word' id='word_1_81' title='bbox 764 1027 819 1109; x_wconf 90' lang='lat' dir='ltr'>qui</span> <span class='ocrx_word' id='word_1_82' title='bbox 839 1027 957 1090; x_wconf 89' lang='lat' dir='ltr'>ratione</span> <span class='ocrx_word' id='word_1_83' title='bbox 973 1029 1106 1092; x_wconf 79' lang='lat' dir='ltr'>scandali</span> <span class='ocrx_word' id='word_1_84' title='bbox 1119 1030 1279 1094; x_wconf 89' lang='lat' dir='ltr'>interdum</span> <span class='ocrx_word' id='word_1_85' title='bbox 1296 1032 1356 1095; x_wconf 90' lang='lat' dir='ltr'>im-</span> 
     </span>
     <span class='ocr_line' id='line_1_11' title="bbox 89 1117 1355 1201; baseline 0.006 -23"><span class='ocrx_word' id='word_1_86' title='bbox 89 1132 188 1179; x_wconf 89' lang='lat' dir='ltr'>munes</span> <span class='ocrx_word' id='word_1_87' title='bbox 207 1117 243 1180; x_wconf 88' lang='lat' dir='ltr'>ab</span> <span class='ocrx_word' id='word_1_88' title='bbox 267 1119 377 1200; x_wconf 86' lang='lat' dir='ltr'>aliqua</span> <span class='ocrx_word' id='word_1_89' title='bbox 401 1118 489 1198; x_wconf 89' lang='lat' dir='ltr'>culpa</span> <span class='ocrx_word' id='word_1_90' title='bbox 507 1135 570 1180; x_wconf 88' lang='lat' dir='ltr'>non</span> <span class='ocrx_word' id='word_1_91' title='bbox 590 1121 674 1179; x_wconf 92' lang='lat' dir='ltr'>sunt.</span> <span class='ocrx_word' id='word_1_92' title='bbox 692 1152 732 1162; x_wconf 96' lang='lat'>-</span> <span class='ocrx_word' id='word_1_93' title='bbox 752 1117 891 1180; x_wconf 83' lang='lat' dir='ltr'>Baeemb.</span> <span class='ocrx_word' id='word_1_94' title='bbox 914 1118 996 1197; x_wconf 91' lang='lat' dir='ltr'>apud</span> <span class='ocrx_word' id='word_1_95' title='bbox 1015 1118 1050 1180; x_wconf 85' lang='lat' dir='ltr'>S.</span> <span class='ocrx_word' id='word_1_96' title='bbox 1071 1119 1155 1201; x_wconf 69' lang='lat' dir='ltr'>Lip„</span> <span class='ocrx_word' id='word_1_97' title='bbox 1172 1141 1204 1181; x_wconf 84' lang='lat' dir='ltr'>a.</span> <span class='ocrx_word' id='word_1_98' title='bbox 1229 1125 1297 1185; x_wconf 88' lang='grc'><strong>131.</strong></span> <span class='ocrx_word' id='word_1_99' title='bbox 1314 1157 1355 1168; x_wconf 91' lang='lat'><em>-</em></span> 
     </span>
     <span class='ocr_line' id='line_1_12' title="bbox 89 1203 1352 1291; baseline 0.006 -27"><span class='ocrx_word' id='word_1_100' title='bbox 89 1203 222 1282; x_wconf 81' lang='lat' dir='ltr'>Boaor&#39;er,</span> <span class='ocrx_word' id='word_1_101' title='bbox 243 1213 300 1270; x_wconf 89' lang='lat' dir='ltr'>etc.</span> <span class='ocrx_word' id='word_1_102' title='bbox 327 1242 368 1252; x_wconf 94' lang='lat'><em>-</em></span> <span class='ocrx_word' id='word_1_103' title='bbox 392 1207 523 1283; x_wconf 87' lang='lat' dir='ltr'>Quidam</span> <span class='ocrx_word' id='word_1_104' title='bbox 544 1213 648 1269; x_wconf 89' lang='lat' dir='ltr'>autem</span> <span class='ocrx_word' id='word_1_105' title='bbox 668 1212 811 1268; x_wconf 90' lang='lat' dir='ltr'>asserunt</span> <span class='ocrx_word' id='word_1_106' title='bbox 836 1223 900 1268; x_wconf 89' lang='lat' dir='ltr'>esse</span> <span class='ocrx_word' id='word_1_107' title='bbox 924 1205 1041 1270; x_wconf 87' lang='lat' dir='ltr'>veniale</span> <span class='ocrx_word' id='word_1_108' title='bbox 1060 1227 1120 1290; x_wconf 82' lang='lat' dir='ltr'>per</span> <span class='ocrx_word' id='word_1_109' title='bbox 1135 1228 1175 1272; x_wconf 86' lang='lat' dir='ltr'>ee.</span> <span class='ocrx_word' id='word_1_110' title='bbox 1196 1209 1247 1271; x_wconf 91' lang='lat' dir='ltr'>lta</span> <span class='ocrx_word' id='word_1_111' title='bbox 1267 1210 1352 1291; x_wconf 81' lang='lat' dir='ltr'>Vott,</span> 
     </span>
     <span class='ocr_line' id='line_1_13' title="bbox 91 1297 195 1357; baseline 0.048 -5"><span class='ocrx_word' id='word_1_112' title='bbox 91 1312 116 1353; x_wconf 88' lang='lat' dir='ltr'>a.</span> <span class='ocrx_word' id='word_1_113' title='bbox 131 1297 195 1357; x_wconf 75' lang='lat' dir='ltr'>tlt.</span> 
     </span>
    </p>
   </div>
   <div class='ocr_carea' id='block_1_3' title="bbox 563 1434 870 1500">
    <p class='ocr_par' dir='ltr' id='par_1_5' title="bbox 563 1434 870 1500">
     <span class='ocr_line' id='line_1_14' title="bbox 563 1434 870 1500; baseline -0.007 -4"><span class='ocrx_word' id='word_1_114' title='bbox 563 1434 813 1500; x_wconf 86' lang='lat' dir='ltr'><strong>ARTIGULUS</strong></span> <span class='ocrx_word' id='word_1_115' title='bbox 839 1435 870 1494; x_wconf 91' lang='grc' dir='ltr'>ΙΙ</span> 
     </span>
    </p>
   </div>
   <div class='ocr_carea' id='block_1_4' title="bbox 586 1575 844 1642">
    <p class='ocr_par' dir='ltr' id='par_1_6' title="bbox 586 1575 844 1642">
     <span class='ocr_line' id='line_1_15' title="bbox 586 1575 844 1642; baseline -0.008 0"><span class='ocrx_word' id='word_1_116' title='bbox 586 1575 632 1642; x_wconf 81' lang='lat' dir='ltr'>&#39;aa</span> <span class='ocrx_word' id='word_1_117' title='bbox 653 1595 844 1642; x_wconf 80' lang='lat' dir='ltr'>nnasrnrnrra</span> 
     </span>
    </p>
   </div>
   <div class='ocr_carea' id='block_1_5' title="bbox 84 1739 1356 3234">
    <p class='ocr_par' dir='ltr' id='par_1_7' title="bbox 84 1739 1354 2265">
     <span class='ocr_line' id='line_1_16' title="bbox 124 1739 1351 1822; baseline 0.001 -18"><span class='ocrx_word' id='word_1_118' title='bbox 124 1743 243 1804; x_wconf 68' lang='lat' dir='ltr'>aaa-</span> <span class='ocrx_word' id='word_1_119' title='bbox 254 1746 424 1806; x_wconf 77' lang='lat' dir='ltr'>Darrurrro.</span> <span class='ocrx_word' id='word_1_120' title='bbox 439 1740 631 1822; x_wconf 88' lang='lat' dir='ltr'>Blasphemia</span> <span class='ocrx_word' id='word_1_121' title='bbox 649 1748 696 1804; x_wconf 91' lang='lat' dir='ltr'>est</span> <span class='ocrx_word' id='word_1_122' title='bbox 712 1739 824 1804; x_wconf 91' lang='lat' dir='ltr'>locutio</span> <span class='ocrx_word' id='word_1_123' title='bbox 841 1744 900 1804; x_wconf 89' lang='lat' dir='ltr'>Deo</span> <span class='ocrx_word' id='word_1_124' title='bbox 918 1739 1077 1822; x_wconf 88' lang='lat' dir='ltr'>injuriosa.</span> <span class='ocrx_word' id='word_1_125' title='bbox 1102 1740 1224 1804; x_wconf 90' lang='lat' dir='ltr'>Locutio</span> <span class='ocrx_word' id='word_1_126' title='bbox 1245 1747 1351 1806; x_wconf 90' lang='lat' dir='ltr'>autem</span> 
     </span>
     <span class='ocr_line' id='line_1_17' title="bbox 88 1827 1354 1910; baseline 0.004 -20"><span class='ocrx_word' id='word_1_127' title='bbox 88 1845 143 1891; x_wconf 89' lang='lat' dir='ltr'>non</span> <span class='ocrx_word' id='word_1_128' title='bbox 157 1831 248 1894; x_wconf 91' lang='lat' dir='ltr'>verbo</span> <span class='ocrx_word' id='word_1_129' title='bbox 263 1829 408 1892; x_wconf 81' lang='lat' dir='ltr'>exteriori</span> <span class='ocrx_word' id='word_1_130' title='bbox 422 1836 556 1904; x_wconf 85' lang='lat' dir='ltr'>tantum,</span> <span class='ocrx_word' id='word_1_131' title='bbox 574 1830 626 1892; x_wconf 92' lang='lat' dir='ltr'>sed</span> <span class='ocrx_word' id='word_1_132' title='bbox 640 1829 771 1892; x_wconf 90' lang='lat' dir='ltr'>interius</span> <span class='ocrx_word' id='word_1_133' title='bbox 786 1829 879 1891; x_wconf 90' lang='lat' dir='ltr'>etiam</span> <span class='ocrx_word' id='word_1_134' title='bbox 892 1830 1019 1910; x_wconf 88' lang='lat' dir='ltr'>prolato,</span> <span class='ocrx_word' id='word_1_135' title='bbox 1035 1827 1098 1892; x_wconf 91' lang='lat' dir='ltr'>imo</span> <span class='ocrx_word' id='word_1_136' title='bbox 1112 1832 1143 1892; x_wconf 91' lang='lat' dir='ltr'>et</span> <span class='ocrx_word' id='word_1_137' title='bbox 1156 1829 1253 1909; x_wconf 88' lang='lat' dir='ltr'>signis</span> <span class='ocrx_word' id='word_1_138' title='bbox 1271 1837 1354 1894; x_wconf 87' lang='lat' dir='ltr'>exte·</span> 
     </span>
     <span class='ocr_line' id='line_1_18' title="bbox 88 1915 1350 2000; baseline 0.005 -24"><span class='ocrx_word' id='word_1_139' title='bbox 88 1915 230 1994; x_wconf 87' lang='lat' dir='ltr'>rioribus,</span> <span class='ocrx_word' id='word_1_140' title='bbox 256 1926 287 1982; x_wconf 80' lang='lat' dir='ltr'>v.</span> <span class='ocrx_word' id='word_1_141' title='bbox 312 1937 370 1998; x_wconf 68' lang='lat' dir='ltr'>gr,</span> <span class='ocrx_word' id='word_1_142' title='bbox 392 1917 544 1998; x_wconf 89' lang='lat' dir='ltr'>gestibus,</span> <span class='ocrx_word' id='word_1_143' title='bbox 561 1919 695 1999; x_wconf 88' lang='lat' dir='ltr'>adeoque</span> <span class='ocrx_word' id='word_1_144' title='bbox 715 1936 870 1993; x_wconf 86' lang='lat' dir='ltr'>sermone,</span> <span class='ocrx_word' id='word_1_145' title='bbox 886 1923 989 1980; x_wconf 89' lang='lat' dir='ltr'>mente</span> <span class='ocrx_word' id='word_1_146' title='bbox 1007 1925 1038 1981; x_wconf 90' lang='lat' dir='ltr'>et</span> <span class='ocrx_word' id='word_1_147' title='bbox 1056 1937 1143 2000; x_wconf 90' lang='lat' dir='ltr'>opere</span> <span class='ocrx_word' id='word_1_148' title='bbox 1159 1918 1225 1981; x_wconf 90' lang='lat' dir='ltr'>fieri</span> <span class='ocrx_word' id='word_1_149' title='bbox 1242 1923 1350 2000; x_wconf 86' lang='lat' dir='ltr'>potest.</span> 
     </span>
     <span class='ocr_line' id='line_1_19' title="bbox 88 2003 1353 2088; baseline 0.003 -22"><span class='ocrx_word' id='word_1_150' title='bbox 88 2007 279 2088; x_wconf 85' lang='lat' dir='ltr'>Quocumque</span> <span class='ocrx_word' id='word_1_151' title='bbox 293 2007 384 2069; x_wconf 90' lang='lat' dir='ltr'>modo</span> <span class='ocrx_word' id='word_1_152' title='bbox 404 2005 471 2080; x_wconf 85' lang='lat' dir='ltr'>fiat,</span> <span class='ocrx_word' id='word_1_153' title='bbox 486 2006 540 2069; x_wconf 87' lang='lat' dir='ltr'>ubi</span> <span class='ocrx_word' id='word_1_154' title='bbox 559 2011 604 2069; x_wconf 89' lang='lat' dir='ltr'>est</span> <span class='ocrx_word' id='word_1_155' title='bbox 624 2007 658 2070; x_wconf 88' lang='lat' dir='ltr'>in</span> <span class='ocrx_word' id='word_1_156' title='bbox 675 2010 773 2069; x_wconf 90' lang='lat' dir='ltr'>Deum</span> <span class='ocrx_word' id='word_1_157' title='bbox 786 2003 1019 2081; x_wconf 91' lang='lat' dir='ltr'>contumeliosa,</span> <span class='ocrx_word' id='word_1_158' title='bbox 1041 2011 1138 2069; x_wconf 88' lang='lat' dir='ltr'>totam</span> <span class='ocrx_word' id='word_1_159' title='bbox 1155 2007 1353 2088; x_wconf 81' lang='lat' dir='ltr'>blasphemiae</span> 
     </span>
     <span class='ocr_line' id='line_1_20' title="bbox 86 2093 1353 2177; baseline 0.003 -23"><span class='ocrx_word' id='word_1_160' title='bbox 86 2095 234 2157; x_wconf 85' lang='lat' dir='ltr'>malitiam</span> <span class='ocrx_word' id='word_1_161' title='bbox 246 2095 282 2156; x_wconf 90' lang='lat' dir='ltr'>in</span> <span class='ocrx_word' id='word_1_162' title='bbox 298 2113 329 2157; x_wconf 89' lang='lat' dir='ltr'>se</span> <span class='ocrx_word' id='word_1_163' title='bbox 344 2095 494 2169; x_wconf 88' lang='lat' dir='ltr'>continet;</span> <span class='ocrx_word' id='word_1_164' title='bbox 511 2093 537 2158; x_wconf 93' lang='lat' dir='ltr'>si</span> <span class='ocrx_word' id='word_1_165' title='bbox 552 2102 661 2176; x_wconf 89' lang='lat' dir='ltr'>agatur</span> <span class='ocrx_word' id='word_1_166' title='bbox 673 2101 777 2158; x_wconf 57' lang='lat' dir='ltr'>‘tamen</span> <span class='ocrx_word' id='word_1_167' title='bbox 790 2096 826 2156; x_wconf 89' lang='lat' dir='ltr'>de</span> <span class='ocrx_word' id='word_1_168' title='bbox 839 2094 1043 2158; x_wconf 85' lang='lat' dir='ltr'>reservatione</span> <span class='ocrx_word' id='word_1_169' title='bbox 1054 2101 1110 2158; x_wconf 89' lang='lat' dir='ltr'>aut</span> <span class='ocrx_word' id='word_1_170' title='bbox 1121 2096 1158 2158; x_wconf 90' lang='lat' dir='ltr'>de</span> <span class='ocrx_word' id='word_1_171' title='bbox 1172 2095 1240 2158; x_wconf 91' lang='lat' dir='ltr'>aliis</span> <span class='ocrx_word' id='word_1_172' title='bbox 1253 2097 1353 2177; x_wconf 86' lang='lat' dir='ltr'>poenis</span> 
     </span>
     <span class='ocr_line' id='line_1_21' title="bbox 84 2179 950 2265; baseline 0.005 -23"><span class='ocrx_word' id='word_1_173' title='bbox 84 2179 278 2264; x_wconf 84' lang='lat' dir='ltr'>blasphemiae</span> <span class='ocrx_word' id='word_1_174' title='bbox 293 2183 433 2259; x_wconf 84' lang='lat' dir='ltr'>indictis,</span> <span class='ocrx_word' id='word_1_175' title='bbox 448 2184 510 2246; x_wconf 90' lang='lat' dir='ltr'>sola</span> <span class='ocrx_word' id='word_1_176' title='bbox 523 2183 614 2246; x_wconf 87' lang='lat' dir='ltr'>oralis</span> <span class='ocrx_word' id='word_1_177' title='bbox 625 2183 744 2265; x_wconf 89' lang='lat' dir='ltr'>proprie</span> <span class='ocrx_word' id='word_1_178' title='bbox 756 2183 950 2264; x_wconf 84' lang='lat' dir='ltr'>intelligitur.</span> 
     </span>
    </p>

    <p class='ocr_par' dir='ltr' id='par_1_8' title="bbox 117 2270 858 2352">
     <span class='ocr_line' id='line_1_22' title="bbox 117 2270 858 2352; baseline -0.001 -18"><span class='ocrx_word' id='word_1_179' title='bbox 117 2273 251 2334; x_wconf 86' lang='lat' dir='ltr'>Drrrsro.</span> <span class='ocrx_word' id='word_1_180' title='bbox 268 2270 459 2352; x_wconf 88' lang='lat' dir='ltr'>Blasphemia</span> <span class='ocrx_word' id='word_1_181' title='bbox 471 2271 625 2352; x_wconf 89' lang='lat' dir='ltr'>imprimis</span> <span class='ocrx_word' id='word_1_182' title='bbox 639 2271 858 2352; x_wconf 83' lang='lat' dir='ltr'>distinguitur:</span> 
     </span>
    </p>

    <p class='ocr_par' dir='ltr' id='par_1_9' title="bbox 84 2359 1354 2794">
     <span class='ocr_line' id='line_1_23' title="bbox 118 2359 1354 2441; baseline 0.002 -19"><span class='ocrx_word' id='word_1_183' title='bbox 118 2366 152 2422; x_wconf 84' lang='grc' dir='ltr'>1ο</span> <span class='ocrx_word' id='word_1_184' title='bbox 165 2359 307 2434; x_wconf 66' lang='lat' dir='ltr'>Deiecto,</span> <span class='ocrx_word' id='word_1_185' title='bbox 324 2360 372 2422; x_wconf 91' lang='lat' dir='ltr'>vel</span> <span class='ocrx_word' id='word_1_186' title='bbox 385 2360 551 2436; x_wconf 80' lang='lat' dir='ltr'>iadt&#39;reeta,</span> <span class='ocrx_word' id='word_1_187' title='bbox 568 2366 659 2441; x_wconf 91' lang='lat' dir='ltr'>prout</span> <span class='ocrx_word' id='word_1_188' title='bbox 678 2361 731 2424; x_wconf 87' lang='lat' dir='ltr'>Dei</span> <span class='ocrx_word' id='word_1_189' title='bbox 748 2360 942 2423; x_wconf 91' lang='lat' dir='ltr'>inhonoratio</span> <span class='ocrx_word' id='word_1_190' title='bbox 957 2361 1005 2424; x_wconf 87' lang='lat' dir='ltr'>vel</span> <span class='ocrx_word' id='word_1_191' title='bbox 1016 2360 1128 2424; x_wconf 79' lang='lat' dir='ltr'>directe</span> <span class='ocrx_word' id='word_1_192' title='bbox 1141 2367 1172 2425; x_wconf 91' lang='lat' dir='ltr'>et</span> <span class='ocrx_word' id='word_1_193' title='bbox 1185 2361 1354 2426; x_wconf 75' lang='lat' dir='ltr'>formaliter</span> 
     </span>
     <span class='ocr_line' id='line_1_24' title="bbox 84 2447 1354 2531; baseline 0.005 -23"><span class='ocrx_word' id='word_1_194' title='bbox 84 2447 346 2528; x_wconf 88' lang='lat' dir='ltr'>ablasphemantc</span> <span class='ocrx_word' id='word_1_195' title='bbox 365 2447 546 2524; x_wconf 85' lang='lat' dir='ltr'>intenditur,</span> <span class='ocrx_word' id='word_1_196' title='bbox 561 2449 608 2512; x_wconf 88' lang='lat' dir='ltr'>vel</span> <span class='ocrx_word' id='word_1_197' title='bbox 623 2449 766 2531; x_wconf 86' lang='lat' dir='ltr'>quamvis</span> <span class='ocrx_word' id='word_1_198' title='bbox 781 2449 815 2511; x_wconf 90' lang='lat' dir='ltr'>in</span> <span class='ocrx_word' id='word_1_199' title='bbox 838 2467 869 2512; x_wconf 88' lang='lat' dir='ltr'>se</span> <span class='ocrx_word' id='word_1_200' title='bbox 887 2468 950 2512; x_wconf 90' lang='lat' dir='ltr'>non</span> <span class='ocrx_word' id='word_1_201' title='bbox 966 2450 1157 2525; x_wconf 85' lang='lat' dir='ltr'>intendatur,</span> <span class='ocrx_word' id='word_1_202' title='bbox 1178 2451 1354 2514; x_wconf 83' lang='lat' dir='ltr'>continetur</span> 
     </span>
     <span class='ocr_line' id='line_1_25' title="bbox 85 2535 1353 2620; baseline 0.005 -24"><span class='ocrx_word' id='word_1_203' title='bbox 85 2539 182 2598; x_wconf 89' lang='lat' dir='ltr'>tamen</span> <span class='ocrx_word' id='word_1_204' title='bbox 194 2535 229 2598; x_wconf 92' lang='lat' dir='ltr'>in</span> <span class='ocrx_word' id='word_1_205' title='bbox 243 2535 334 2600; x_wconf 87' lang='lat' dir='ltr'>dictis</span> <span class='ocrx_word' id='word_1_206' title='bbox 346 2540 405 2600; x_wconf 86' lang='lat' dir='ltr'>Deo</span> <span class='ocrx_word' id='word_1_207' title='bbox 417 2536 593 2619; x_wconf 87' lang='lat' dir='ltr'>injuriosis,</span> <span class='ocrx_word' id='word_1_208' title='bbox 610 2557 678 2619; x_wconf 80' lang='lat' dir='ltr'>qua</span> <span class='ocrx_word' id='word_1_209' title='bbox 692 2539 730 2601; x_wconf 87' lang='lat' dir='ltr'>ab</span> <span class='ocrx_word' id='word_1_210' title='bbox 744 2557 789 2612; x_wconf 92' lang='lat' dir='ltr'>eo,</span> <span class='ocrx_word' id='word_1_211' title='bbox 803 2538 985 2613; x_wconf 90' lang='lat' dir='ltr'>intentione,</span> <span class='ocrx_word' id='word_1_212' title='bbox 1001 2558 1031 2601; x_wconf 86' lang='lat' dir='ltr'>v.</span> <span class='ocrx_word' id='word_1_213' title='bbox 1043 2557 1102 2619; x_wconf 89' lang='lat' dir='ltr'>gr.,</span> <span class='ocrx_word' id='word_1_214' title='bbox 1116 2538 1255 2620; x_wconf 87' lang='lat' dir='ltr'>jocandi,</span> <span class='ocrx_word' id='word_1_215' title='bbox 1272 2539 1353 2602; x_wconf 89' lang='lat' dir='ltr'>iram</span> 
     </span>
     <span class='ocr_line' id='line_1_26' title="bbox 87 2624 1353 2710; baseline 0.005 -26"><span class='ocrx_word' id='word_1_216' title='bbox 87 2624 310 2701; x_wconf 82' lang='lat' dir='ltr'>manifestandi,</span> <span class='ocrx_word' id='word_1_217' title='bbox 326 2627 523 2708; x_wconf 82' lang='lat' dir='ltr'>proferuntur</span> <span class='ocrx_word' id='word_1_218' title='bbox 537 2646 607 2690; x_wconf 91' lang='lat' dir='ltr'>oum</span> <span class='ocrx_word' id='word_1_219' title='bbox 631 2626 822 2690; x_wconf 83' lang='lat' dir='ltr'>advertentis</span> <span class='ocrx_word' id='word_1_220' title='bbox 839 2627 879 2688; x_wconf 89' lang='lat' dir='ltr'>ad</span> <span class='ocrx_word' id='word_1_221' title='bbox 897 2645 1023 2690; x_wconf 89' lang='lat' dir='ltr'>sensum</span> <span class='ocrx_word' id='word_1_222' title='bbox 1037 2645 1131 2710; x_wconf 82' lang='lat' dir='ltr'>quem</span> <span class='ocrx_word' id='word_1_223' title='bbox 1145 2628 1238 2692; x_wconf 87' lang='lat' dir='ltr'>verba</span> <span class='ocrx_word' id='word_1_224' title='bbox 1251 2628 1353 2692; x_wconf 89' lang='lat' dir='ltr'>conti-</span> 
     </span>
     <span class='ocr_line' id='line_1_27' title="bbox 86 2713 1225 2794; baseline 0.01 -20"><span class='ocrx_word' id='word_1_225' title='bbox 86 2719 165 2775; x_wconf 89' lang='lat' dir='ltr'>nent.</span> <span class='ocrx_word' id='word_1_226' title='bbox 182 2750 222 2760; x_wconf 94' lang='lat'><em>-</em></span> <span class='ocrx_word' id='word_1_227' title='bbox 241 2713 323 2794; x_wconf 83' lang='lat' dir='ltr'>Voit,</span> <span class='ocrx_word' id='word_1_228' title='bbox 340 2735 371 2776; x_wconf 82' lang='lat' dir='ltr'>a.</span> <span class='ocrx_word' id='word_1_229' title='bbox 388 2719 458 2779; x_wconf 79' lang='lat'><strong>509.</strong></span> <span class='ocrx_word' id='word_1_230' title='bbox 1223 2761 1225 2764; x_wconf 95' lang='lat'>-</span> 
     </span>
    </p>

    <p class='ocr_par' dir='ltr' id='par_1_10' title="bbox 87 2801 1356 3061">
     <span class='ocr_line' id='line_1_28' title="bbox 121 2801 1356 2886; baseline 0.005 -23"><span class='ocrx_word' id='word_1_231' title='bbox 121 2805 153 2862; x_wconf 73' lang='lat'>⁶2⁰</span> <span class='ocrx_word' id='word_1_232' title='bbox 173 2801 367 2884; x_wconf 83' lang='lat' dir='ltr'>Immediata,</span> <span class='ocrx_word' id='word_1_233' title='bbox 387 2805 435 2867; x_wconf 85' lang='lat' dir='ltr'>rel</span> <span class='ocrx_word' id='word_1_234' title='bbox 457 2804 606 2880; x_wconf 82' lang='lat' dir='ltr'>mediata,</span> <span class='ocrx_word' id='word_1_235' title='bbox 626 2810 719 2886; x_wconf 88' lang='lat' dir='ltr'>prout</span> <span class='ocrx_word' id='word_1_236' title='bbox 739 2807 836 2867; x_wconf 87' lang='lat' dir='ltr'>Deum</span> <span class='ocrx_word' id='word_1_237' title='bbox 857 2802 961 2885; x_wconf 91' lang='lat' dir='ltr'>ipsum</span> <span class='ocrx_word' id='word_1_238' title='bbox 981 2803 1160 2869; x_wconf 86' lang='lat' dir='ltr'>immediate</span> <span class='ocrx_word' id='word_1_239' title='bbox 1178 2805 1286 2881; x_wconf 88' lang='lat' dir='ltr'>afficit,</span> <span class='ocrx_word' id='word_1_240' title='bbox 1307 2807 1356 2870; x_wconf 82' lang='lat' dir='ltr'>rel</span> 
     </span>
     <span class='ocr_line' id='line_1_29' title="bbox 87 2889 1355 2974; baseline 0.005 -24"><span class='ocrx_word' id='word_1_241' title='bbox 87 2889 212 2955; x_wconf 87' lang='lat' dir='ltr'>mediate</span> <span class='ocrx_word' id='word_1_242' title='bbox 227 2897 369 2968; x_wconf 87' lang='lat' dir='ltr'>tantum,</span> <span class='ocrx_word' id='word_1_243' title='bbox 385 2911 496 2974; x_wconf 91' lang='lat' dir='ltr'>nempe</span> <span class='ocrx_word' id='word_1_244' title='bbox 507 2897 632 2957; x_wconf 82' lang='lat' dir='ltr'>sanctos</span> <span class='ocrx_word' id='word_1_245' title='bbox 646 2896 701 2956; x_wconf 87' lang='lat' dir='ltr'>aut</span> <span class='ocrx_word' id='word_1_246' title='bbox 713 2911 760 2955; x_wconf 89' lang='lat' dir='ltr'>res</span> <span class='ocrx_word' id='word_1_247' title='bbox 776 2911 891 2970; x_wconf 82' lang='lat' dir='ltr'>sacrae,</span> <span class='ocrx_word' id='word_1_248' title='bbox 908 2892 984 2955; x_wconf 90' lang='lat' dir='ltr'>etin</span> <span class='ocrx_word' id='word_1_249' title='bbox 998 2893 1073 2974; x_wconf 88' lang='lat' dir='ltr'>ipsis</span> <span class='ocrx_word' id='word_1_250' title='bbox 1093 2894 1287 2958; x_wconf 80' lang='lat' dir='ltr'>sanctitatem</span> <span class='ocrx_word' id='word_1_251' title='bbox 1302 2893 1355 2957; x_wconf 77' lang='lat' dir='ltr'>liei</span> 
     </span>
     <span class='ocr_line' id='line_1_30' title="bbox 88 2979 744 3061; baseline 0.003 -21"><span class='ocrx_word' id='word_1_252' title='bbox 88 2993 174 3056; x_wconf 82' lang='lat' dir='ltr'>quam</span> <span class='ocrx_word' id='word_1_253' title='bbox 188 2979 389 3061; x_wconf 87' lang='lat' dir='ltr'>participant,</span> <span class='ocrx_word' id='word_1_254' title='bbox 407 2981 508 3044; x_wconf 87' lang='lat' dir='ltr'>verbis</span> <span class='ocrx_word' id='word_1_255' title='bbox 522 2981 744 3044; x_wconf 88' lang='lat' dir='ltr'>inhonorando.</span> 
     </span>
    </p>

    <p class='ocr_par' dir='ltr' id='par_1_11' title="bbox 88 3067 1356 3234">
     <span class='ocr_line' id='line_1_31' title="bbox 123 3067 1356 3154; baseline 0.005 -25"><span class='ocrx_word' id='word_1_256' title='bbox 123 3071 154 3129; x_wconf 88' lang='lat'>3⁰</span> <span class='ocrx_word' id='word_1_257' title='bbox 166 3067 378 3148; x_wconf 61' lang='lat' dir='ltr'>Heratemis,</span> <span class='ocrx_word' id='word_1_258' title='bbox 396 3073 610 3152; x_wconf 80' lang='lat' dir='ltr'>imprecative,</span> <span class='ocrx_word' id='word_1_259' title='bbox 625 3075 657 3132; x_wconf 90' lang='lat' dir='ltr'>et</span> <span class='ocrx_word' id='word_1_260' title='bbox 670 3089 750 3132; x_wconf 89' lang='lat' dir='ltr'>mere</span> <span class='ocrx_word' id='word_1_261' title='bbox 767 3070 930 3154; x_wconf 80' lang='lat' dir='ltr'>probrosa,</span> <span class='ocrx_word' id='word_1_262' title='bbox 946 3075 1040 3150; x_wconf 90' lang='lat' dir='ltr'>prout</span> <span class='ocrx_word' id='word_1_263' title='bbox 1056 3069 1215 3148; x_wconf 72' lang='lat' dir='ltr'>haeresim,</span> <span class='ocrx_word' id='word_1_264' title='bbox 1231 3073 1280 3135; x_wconf 83' lang='lat' dir='ltr'>vel</span> <span class='ocrx_word' id='word_1_265' title='bbox 1297 3071 1356 3135; x_wconf 89' lang='lat' dir='ltr'>im·</span> 
     </span>
     <span class='ocr_line' id='line_1_32' title="bbox 88 3156 898 3234; baseline 0.009 -20"><span class='ocrx_word' id='word_1_266' title='bbox 88 3157 303 3234; x_wconf 88' lang='lat' dir='ltr'>precationem,</span> <span class='ocrx_word' id='word_1_267' title='bbox 319 3163 375 3219; x_wconf 90' lang='lat' dir='ltr'>aut</span> <span class='ocrx_word' id='word_1_268' title='bbox 389 3175 507 3222; x_wconf 90' lang='lat' dir='ltr'>meram</span> <span class='ocrx_word' id='word_1_269' title='bbox 521 3158 739 3223; x_wconf 89' lang='lat' dir='ltr'>contumeliam</span> <span class='ocrx_word' id='word_1_270' title='bbox 752 3156 898 3222; x_wconf 89' lang='lat' dir='ltr'>continet.</span> 
     </span>
    </p>
   </div>
   <div class='ocr_carea' id='block_1_6' title="bbox 200 3327 429 3410">
    <p class='ocr_par' dir='ltr' id='par_1_12' title="bbox 200 3327 429 3410">
     <span class='ocr_line' id='line_1_33' title="bbox 200 3327 429 3410; baseline 0 -18"><span class='ocrx_word' id='word_1_271' title='bbox 200 3327 429 3410; x_wconf 86' lang='lat' dir='ltr'>Principia.</span> 
     </span>
    </p>
   </div>
   <div class='ocr_carea' id='block_1_7' title="bbox 87 3487 1359 4105">
    <p class='ocr_par' dir='ltr' id='par_1_13' title="bbox 87 3487 1359 4105">
     <span class='ocr_line' id='line_1_34' title="bbox 118 3487 1356 3572; baseline 0.004 -25"><span class='ocrx_word' id='word_1_272' title='bbox 118 3487 141 3547; x_wconf 94' lang='lat' dir='ltr'>l.</span> <span class='ocrx_word' id='word_1_273' title='bbox 154 3487 355 3570; x_wconf 84' lang='lat' dir='ltr'>Blasphemia</span> <span class='ocrx_word' id='word_1_274' title='bbox 367 3490 512 3572; x_wconf 82' lang='lat' dir='ltr'>qualibet</span> <span class='ocrx_word' id='word_1_275' title='bbox 525 3489 661 3553; x_wconf 90' lang='lat' dir='ltr'>formalis</span> <span class='ocrx_word' id='word_1_276' title='bbox 675 3494 705 3553; x_wconf 92' lang='lat' dir='ltr'>et</span> <span class='ocrx_word' id='word_1_277' title='bbox 719 3491 899 3564; x_wconf 89' lang='lat' dir='ltr'>deliberata,</span> <span class='ocrx_word' id='word_1_278' title='bbox 917 3490 981 3554; x_wconf 87' lang='lat' dir='ltr'>sive</span> <span class='ocrx_word' id='word_1_279' title='bbox 999 3491 1114 3555; x_wconf 86' lang='lat' dir='ltr'>directa</span> <span class='ocrx_word' id='word_1_280' title='bbox 1132 3490 1174 3554; x_wconf 90' lang='lat' dir='ltr'>sit</span> <span class='ocrx_word' id='word_1_281' title='bbox 1193 3490 1257 3553; x_wconf 87' lang='lat' dir='ltr'>sive</span> <span class='ocrx_word' id='word_1_282' title='bbox 1274 3489 1356 3552; x_wconf 81' lang='lat' dir='ltr'>mdi-</span> 
     </span>
     <span class='ocr_line' id='line_1_35' title="bbox 87 3577 1358 3661; baseline 0.006 -27"><span class='ocrx_word' id='word_1_283' title='bbox 87 3581 174 3652; x_wconf 88' lang='lat' dir='ltr'>recla,</span> <span class='ocrx_word' id='word_1_284' title='bbox 188 3578 259 3641; x_wconf 83' lang='lat' dir='ltr'>sire</span> <span class='ocrx_word' id='word_1_285' title='bbox 278 3577 458 3642; x_wconf 90' lang='lat' dir='ltr'>immediata</span> <span class='ocrx_word' id='word_1_286' title='bbox 478 3579 543 3642; x_wconf 90' lang='lat' dir='ltr'>sive</span> <span class='ocrx_word' id='word_1_287' title='bbox 561 3579 707 3654; x_wconf 87' lang='lat' dir='ltr'>mediata,</span> <span class='ocrx_word' id='word_1_288' title='bbox 724 3587 771 3642; x_wconf 90' lang='lat' dir='ltr'>est</span> <span class='ocrx_word' id='word_1_289' title='bbox 784 3587 943 3661; x_wconf 86' lang='lat' dir='ltr'>peccatum</span> <span class='ocrx_word' id='word_1_290' title='bbox 963 3581 1091 3646; x_wconf 90' lang='lat' dir='ltr'>mortale</span> <span class='ocrx_word' id='word_1_291' title='bbox 1109 3599 1148 3643; x_wconf 81' lang='lat' dir='ltr'>ee</span> <span class='ocrx_word' id='word_1_292' title='bbox 1170 3588 1229 3640; x_wconf 86' lang='lat' dir='ltr'>toto</span> <span class='ocrx_word' id='word_1_293' title='bbox 1250 3597 1358 3660; x_wconf 72' lang='lat' dir='ltr'>genere</span> 
     </span>
     <span class='ocr_line' id='line_1_36' title="bbox 88 3667 1358 3750; baseline 0.005 -28"><span class='ocrx_word' id='word_1_294' title='bbox 88 3681 144 3726; x_wconf 83' lang='lat' dir='ltr'>sao.</span> <span class='ocrx_word' id='word_1_295' title='bbox 157 3667 253 3731; x_wconf 86' lang='lat' dir='ltr'>Ratio</span> <span class='ocrx_word' id='word_1_296' title='bbox 267 3674 327 3744; x_wconf 90' lang='lat' dir='ltr'>est,</span> <span class='ocrx_word' id='word_1_297' title='bbox 344 3667 418 3748; x_wconf 88' lang='lat' dir='ltr'>quia</span> <span class='ocrx_word' id='word_1_298' title='bbox 429 3668 572 3750; x_wconf 80' lang='lat' dir='ltr'>quaelihet</span> <span class='ocrx_word' id='word_1_299' title='bbox 587 3669 771 3732; x_wconf 89' lang='lat' dir='ltr'>contumelia</span> <span class='ocrx_word' id='word_1_300' title='bbox 782 3669 816 3731; x_wconf 90' lang='lat' dir='ltr'>in</span> <span class='ocrx_word' id='word_1_301' title='bbox 830 3672 928 3731; x_wconf 88' lang='lat' dir='ltr'>Deum</span> <span class='ocrx_word' id='word_1_302' title='bbox 943 3675 989 3732; x_wconf 91' lang='lat' dir='ltr'>est</span> <span class='ocrx_word' id='word_1_303' title='bbox 1002 3687 1144 3750; x_wconf 83' lang='lat' dir='ltr'>expressa</span> <span class='ocrx_word' id='word_1_304' title='bbox 1163 3668 1198 3730; x_wconf 93' lang='lat' dir='ltr'>in</span> <span class='ocrx_word' id='word_1_305' title='bbox 1217 3667 1358 3731; x_wconf 73' lang='lat' dir='ltr'>ditinum</span> 
     </span>
     <span class='ocr_line' id='line_1_37' title="bbox 90 3752 1356 3840; baseline 0.004 -27"><span class='ocrx_word' id='word_1_306' title='bbox 90 3752 272 3834; x_wconf 87' lang='lat' dir='ltr'>llajestatem</span> <span class='ocrx_word' id='word_1_307' title='bbox 286 3755 412 3838; x_wconf 87' lang='lat' dir='ltr'>injuria,</span> <span class='ocrx_word' id='word_1_308' title='bbox 429 3775 497 3838; x_wconf 79' lang='lat' dir='ltr'>qua</span> <span class='ocrx_word' id='word_1_309' title='bbox 516 3757 633 3821; x_wconf 88' lang='lat' dir='ltr'>ratione</span> <span class='ocrx_word' id='word_1_310' title='bbox 650 3775 782 3822; x_wconf 84' lang='lat' dir='ltr'>summae</span> <span class='ocrx_word' id='word_1_311' title='bbox 799 3757 959 3838; x_wconf 79' lang='lat' dir='ltr'>dignitatis</span> <span class='ocrx_word' id='word_1_312' title='bbox 973 3760 1039 3840; x_wconf 89' lang='lat' dir='ltr'>ejus</span> <span class='ocrx_word' id='word_1_313' title='bbox 1056 3758 1133 3820; x_wconf 86' lang='lat' dir='ltr'>levis</span> <span class='ocrx_word' id='word_1_314' title='bbox 1147 3775 1211 3820; x_wconf 91' lang='lat' dir='ltr'>esse</span> <span class='ocrx_word' id='word_1_315' title='bbox 1228 3775 1290 3818; x_wconf 93' lang='lat' dir='ltr'>non</span> <span class='ocrx_word' id='word_1_316' title='bbox 1303 3773 1356 3836; x_wconf 92' lang='lat' dir='ltr'>po-</span> 
     </span>
     <span class='ocr_line' id='line_1_38' title="bbox 90 3843 1359 3930; baseline 0.003 -27"><span class='ocrx_word' id='word_1_317' title='bbox 90 3844 152 3904; x_wconf 86' lang='lat' dir='ltr'>test.</span> <span class='ocrx_word' id='word_1_318' title='bbox 173 3881 214 3892; x_wconf 89' lang='lat'>—</span> <span class='ocrx_word' id='word_1_319' title='bbox 237 3844 316 3908; x_wconf 88' lang='lat' dir='ltr'>Hine</span> <span class='ocrx_word' id='word_1_320' title='bbox 336 3849 405 3909; x_wconf 84' lang='lat' dir='ltr'>Lev.</span> <span class='ocrx_word' id='word_1_321' title='bbox 426 3865 512 3920; x_wconf 72' lang='lat' dir='ltr'>narr,</span> <span class='ocrx_word' id='word_1_322' title='bbox 540 3851 579 3911; x_wconf 89' lang='grc'>16</span> <span class='ocrx_word' id='word_1_323' title='bbox 598 3867 605 3909; x_wconf 80' lang='lat'>2</span> <span class='ocrx_word' id='word_1_324' title='bbox 634 3844 733 3908; x_wconf 90' lang='lat' dir='ltr'>Homo</span> <span class='ocrx_word' id='word_1_325' title='bbox 760 3851 814 3930; x_wconf 80' lang='lat' dir='ltr'>qai</span> <span class='ocrx_word' id='word_1_326' title='bbox 831 3846 1026 3910; x_wconf 74' lang='lat' dir='ltr'>maledixerit</span> <span class='ocrx_word' id='word_1_327' title='bbox 1043 3845 1107 3909; x_wconf 86' lang='lat' dir='ltr'>Deo</span> <span class='ocrx_word' id='word_1_328' title='bbox 1127 3865 1196 3920; x_wconf 80' lang='lat' dir='ltr'>suo,</span> <span class='ocrx_word' id='word_1_329' title='bbox 1214 3843 1359 3927; x_wconf 81' lang='lat' dir='ltr'>portabit</span> 
     </span>
     <span class='ocr_line' id='line_1_39' title="bbox 87 3934 1358 4018; baseline 0.002 -28"><span class='ocrx_word' id='word_1_330' title='bbox 87 3944 240 4008; x_wconf 82' lang='lat' dir='ltr'>peccatam</span> <span class='ocrx_word' id='word_1_331' title='bbox 253 3951 354 4013; x_wconf 88' lang='lat' dir='ltr'>saam;</span> <span class='ocrx_word' id='word_1_332' title='bbox 367 3944 397 3995; x_wconf 91' lang='lat' dir='ltr'>et</span> <span class='ocrx_word' id='word_1_333' title='bbox 408 3938 462 4016; x_wconf 81' lang='lat' dir='ltr'>qai</span> <span class='ocrx_word' id='word_1_334' title='bbox 477 3934 733 4018; x_wconf 78' lang='lat' dir='ltr'>blasphemaverit</span> <span class='ocrx_word' id='word_1_335' title='bbox 746 3935 863 3998; x_wconf 83' lang='lat' dir='ltr'>Nomen</span> <span class='ocrx_word' id='word_1_336' title='bbox 877 3935 1015 4011; x_wconf 81' lang='lat' dir='ltr'>Domtitt&#39;,</span> <span class='ocrx_word' id='word_1_337' title='bbox 1029 3942 1125 3997; x_wconf 86' lang='lat' dir='ltr'>morte</span> <span class='ocrx_word' id='word_1_338' title='bbox 1139 3935 1301 3996; x_wconf 82' lang='lat' dir='ltr'>moriatur.</span> <span class='ocrx_word' id='word_1_339' title='bbox 1317 3969 1358 3982; x_wconf 92' lang='lat'>-</span> 
     </span>
     <span class='ocr_line' id='line_1_40' title="bbox 90 4017 1358 4105; baseline 0.005 -26"><span class='ocrx_word' id='word_1_340' title='bbox 90 4017 160 4083; x_wconf 90' lang='lat' dir='ltr'>llinc</span> <span class='ocrx_word' id='word_1_341' title='bbox 182 4021 279 4085; x_wconf 90' lang='lat' dir='ltr'>etiam</span> <span class='ocrx_word' id='word_1_342' title='bbox 298 4020 334 4084; x_wconf 89' lang='lat' dir='ltr'>S.</span> <span class='ocrx_word' id='word_1_343' title='bbox 354 4022 557 4105; x_wconf 78' lang='lat' dir='ltr'>Hieronymus</span> <span class='ocrx_word' id='word_1_344' title='bbox 574 4025 606 4086; x_wconf 84' lang='lat' dir='ltr'>ia</span> <span class='ocrx_word' id='word_1_345' title='bbox 622 4025 699 4098; x_wconf 81' lang='lat' dir='ltr'>lea,</span> <span class='ocrx_word' id='word_1_346' title='bbox 718 4024 738 4086; x_wconf 90' lang='lat' dir='ltr'>l.</span> <span class='ocrx_word' id='word_1_347' title='bbox 756 4027 825 4100; x_wconf 87' lang='lat' dir='ltr'>VH,</span> <span class='ocrx_word' id='word_1_348' title='bbox 841 4045 867 4087; x_wconf 91' lang='lat' dir='ltr'>e.</span> <span class='ocrx_word' id='word_1_349' title='bbox 884 4021 1358 4100; x_wconf 80' lang='lat' dir='ltr'>xrn1,‘ait:Niltillrorribilias</span> 
     </span>
    </p>
   </div>
   <div class='ocr_carea' id='block_1_8' title="bbox 90 4103 1359 4459">
    <p class='ocr_par' dir='ltr' id='par_1_14' title="bbox 90 4103 1359 4459">
     <span class='ocr_line' id='line_1_41' title="bbox 92 4103 1356 4194; baseline 0.006 -27"><span class='ocrx_word' id='word_1_350' title='bbox 92 4103 370 4194; x_wconf 67' lang='lat' dir='ltr'>blasphemaque</span> <span class='ocrx_word' id='word_1_351' title='bbox 389 4117 481 4194; x_wconf 80' lang='lat' dir='ltr'>pontt</span> <span class='ocrx_word' id='word_1_352' title='bbox 504 4115 537 4174; x_wconf 85' lang='lat' dir='ltr'>ia</span> <span class='ocrx_word' id='word_1_353' title='bbox 555 4111 720 4175; x_wconf 73' lang='lat' dir='ltr'>Baeticam</span> <span class='ocrx_word' id='word_1_354' title='bbox 738 4133 770 4176; x_wconf 85' lang='lat' dir='ltr'>os</span> <span class='ocrx_word' id='word_1_355' title='bbox 789 4133 885 4187; x_wconf 84' lang='lat' dir='ltr'>saum.</span> <span class='ocrx_word' id='word_1_356' title='bbox 901 4147 943 4160; x_wconf 91' lang='lat'><em>-</em></span> <span class='ocrx_word' id='word_1_357' title='bbox 961 4116 1001 4175; x_wconf 92' lang='lat' dir='ltr'>Et</span> <span class='ocrx_word' id='word_1_358' title='bbox 1016 4111 1062 4174; x_wconf 90' lang='lat' dir='ltr'>ait</span> <span class='ocrx_word' id='word_1_359' title='bbox 1078 4110 1114 4174; x_wconf 88' lang='lat' dir='ltr'>S.</span> <span class='ocrx_word' id='word_1_360' title='bbox 1132 4109 1248 4187; x_wconf 60' lang='lat' dir='ltr'>Thema</span> <span class='ocrx_word' id='word_1_361' title='bbox 1265 4116 1294 4175; x_wconf 74' lang='lat'>2.</span> <span class='ocrx_word' id='word_1_362' title='bbox 1312 4116 1356 4188; x_wconf 72' lang='lat'>2,</span> 
     </span>
     <span class='ocr_line' id='line_1_42' title="bbox 90 4201 1359 4286; baseline 0.004 -27"><span class='ocrx_word' id='word_1_363' title='bbox 90 4211 116 4274; x_wconf 77' lang='lat' dir='ltr'>q.</span> <span class='ocrx_word' id='word_1_364' title='bbox 132 4201 184 4276; x_wconf 88' lang='grc'>13,</span> <span class='ocrx_word' id='word_1_365' title='bbox 199 4208 260 4262; x_wconf 86' lang='lat' dir='ltr'>art.</span> <span class='ocrx_word' id='word_1_366' title='bbox 277 4205 295 4264; x_wconf 88' lang='lat'><strong>3</strong></span> <span class='ocrx_word' id='word_1_367' title='bbox 311 4219 318 4262; x_wconf 95' lang='lat'><strong>:</strong></span> <span class='ocrx_word' id='word_1_368' title='bbox 337 4201 428 4264; x_wconf 82' lang='lat' dir='ltr'>Omne</span> <span class='ocrx_word' id='word_1_369' title='bbox 438 4210 594 4284; x_wconf 80' lang='lat' dir='ltr'>peccatam</span> <span class='ocrx_word' id='word_1_370' title='bbox 609 4211 815 4284; x_wconf 82' lang='lat' dir='ltr'>comparatam</span> <span class='ocrx_word' id='word_1_371' title='bbox 830 4201 1020 4286; x_wconf 73' lang='lat' dir='ltr'>blasphemiae</span> <span class='ocrx_word' id='word_1_372' title='bbox 1034 4201 1127 4264; x_wconf 72' lang='lat' dir='ltr'>leviro</span> <span class='ocrx_word' id='word_1_373' title='bbox 1138 4209 1188 4263; x_wconf 82' lang='lat' dir='ltr'>est.</span> <span class='ocrx_word' id='word_1_374' title='bbox 1203 4236 1243 4247; x_wconf 92' lang='lat'>-</span> <span class='ocrx_word' id='word_1_375' title='bbox 1257 4204 1359 4264; x_wconf 89' lang='lat' dir='ltr'>Potest</span> 
     </span>
     <span class='ocr_line' id='line_1_43' title="bbox 91 4287 1357 4372; baseline 0.006 -27"><span class='ocrx_word' id='word_1_376' title='bbox 91 4287 188 4350; x_wconf 87' lang='lat' dir='ltr'>tamen</span> <span class='ocrx_word' id='word_1_377' title='bbox 199 4289 325 4352; x_wconf 88' lang='lat' dir='ltr'>evadere</span> <span class='ocrx_word' id='word_1_378' title='bbox 340 4289 458 4353; x_wconf 88' lang='lat' dir='ltr'>veniale</span> <span class='ocrx_word' id='word_1_379' title='bbox 469 4309 506 4352; x_wconf 81' lang='lat' dir='ltr'>ex</span> <span class='ocrx_word' id='word_1_380' title='bbox 522 4289 750 4372; x_wconf 86' lang='lat' dir='ltr'>imperfectione</span> <span class='ocrx_word' id='word_1_381' title='bbox 762 4295 863 4367; x_wconf 89' lang='lat' dir='ltr'>actus,</span> <span class='ocrx_word' id='word_1_382' title='bbox 880 4289 994 4355; x_wconf 89' lang='lat' dir='ltr'>scilicet</span> <span class='ocrx_word' id='word_1_383' title='bbox 1008 4307 1046 4352; x_wconf 86' lang='lat' dir='ltr'>ex</span> <span class='ocrx_word' id='word_1_384' title='bbox 1061 4287 1178 4354; x_wconf 86' lang='lat' dir='ltr'>deiectu</span> <span class='ocrx_word' id='word_1_385' title='bbox 1197 4291 1357 4354; x_wconf 84' lang='lat' dir='ltr'>adverten-</span> 
     </span>
     <span class='ocr_line' id='line_1_44' title="bbox 91 4370 544 4459; baseline 0.013 -23"><span class='ocrx_word' id='word_1_386' title='bbox 91 4370 150 4448; x_wconf 82' lang='lat' dir='ltr'>lie,</span> <span class='ocrx_word' id='word_1_387' title='bbox 166 4385 222 4440; x_wconf 91' lang='lat' dir='ltr'>aut</span> <span class='ocrx_word' id='word_1_388' title='bbox 232 4377 355 4459; x_wconf 85' lang='lat' dir='ltr'>perfecti</span> <span class='ocrx_word' id='word_1_389' title='bbox 369 4397 544 4442; x_wconf 89' lang='lat' dir='ltr'>consensus.</span> 
     </span>
    </p>
   </div>
   <div class='ocr_carea' id='block_1_9' title="bbox 127 4463 1359 4552">
    <p class='ocr_par' dir='ltr' id='par_1_15' title="bbox 127 4463 1359 4552">
     <span class='ocr_line' id='line_1_45' title="bbox 127 4463 1359 4552; baseline 0.006 -25"><span class='ocrx_word' id='word_1_390' title='bbox 127 4463 162 4525; x_wconf 92' lang='lat' dir='ltr'>ll.</span> <span class='ocrx_word' id='word_1_391' title='bbox 180 4467 226 4528; x_wconf 80' lang='lat' dir='ltr'>Ad</span> <span class='ocrx_word' id='word_1_392' title='bbox 240 4466 461 4550; x_wconf 87' lang='lat' dir='ltr'>blasphemiam</span> <span class='ocrx_word' id='word_1_393' title='bbox 472 4467 635 4551; x_wconf 85' lang='lat' dir='ltr'>perfectam</span> <span class='ocrx_word' id='word_1_394' title='bbox 650 4471 768 4534; x_wconf 90' lang='lat' dir='ltr'>ratione</span> <span class='ocrx_word' id='word_1_395' title='bbox 782 4477 868 4534; x_wconf 87' lang='lat' dir='ltr'>actus</span> <span class='ocrx_word' id='word_1_396' title='bbox 886 4467 1055 4532; x_wconf 88' lang='lat' dir='ltr'>necessaria</span> <span class='ocrx_word' id='word_1_397' title='bbox 1073 4487 1136 4534; x_wconf 89' lang='lat' dir='ltr'>non</span> <span class='ocrx_word' id='word_1_398' title='bbox 1153 4477 1200 4536; x_wconf 91' lang='lat' dir='ltr'>est</span> <span class='ocrx_word' id='word_1_399' title='bbox 1217 4487 1359 4552; x_wconf 80' lang='lat' dir='ltr'>expressa</span> 
     </span>
    </p>
   </div>
   <div class='ocr_carea' id='block_1_10' title="bbox 0 0 1615 5020">
    <p class='ocr_par' dir='ltr' id='par_1_16' title="bbox 0 0 1615 5020">
     <span class='ocr_line' id='line_1_46' title="bbox 0 0 1615 5020; baseline 0 0"><span class='ocrx_word' id='word_1_400' title='bbox 0 0 1615 5020; x_wconf 95' lang='lat' dir='ltr'> </span> 
     </span>
    </p>
   </div>
  </div>
 </body>
</html>
