3202 5020
640 234 682 278 nn
706 235 857 280 acernus
1318 218 1385 280 115

107 343 273 424 qu‘uslibet
287 341 418 417 acclinia,
430 347 461 406 et
472 342 536 424 ipse
550 346 632 408 salus
645 346 755 426 gaudet
768 364 911 428 suprema
925 345 1062 408 dominio
1075 345 1110 408 in
1126 351 1280 407 creaturas
1291 343 1385 407 ratio

109 435 210 508 nates,
227 449 361 512 quarum
374 437 421 496 cst
441 432 630 514 principium
649 441 679 496 et
693 434 921 498 finicultimus.
941 469 981 484 -·-
1001 437 1129 498 Constet
1142 433 1235 496 etiam
1253 451 1291 496 cx
1307 431 1387 495 Scri-

108 527 201 606 ptura
218 540 225 583 :
241 521 303 583 Per
315 541 361 582 me
378 539 464 602 repes
480 531 621 604 repricat,
636 531 666 584 et
681 523 777 605 lepum
796 524 962 586 conditores
970 523 1060 605 justa
1075 521 1239 586 decernunt
1245 545 1254 600 ,·
1269 541 1326 605 per
1341 538 1387 582 me

105 611 263 694 principes
276 611 446 692 imperarat,
464 619 636 692 etpoteules
653 612 817 676 decernunt
824 613 992 695 justiu'am.
1008 615 1095 676 Prov.
1117 629 1190 687 1111,
1209 617 1264 686 15,
1284 614 1332 674 16.
1347 645 1389 659 --

110 699 186 764 Nou
199 709 244 762 est
256 707 386 780 potestas
399 699 462 762 uisi
474 719 493 760 a
507 700 580 763 Deo.
595 705 684 765 Rom.
699 719 771 777 urar,
788 707 817 765 1.

152 790 191 851 Π.
211 786 343 850 Ecclesia
356 793 536 868 patestatem
554 789 646 852 hahet
661 790 810 854 condendi
824 791 918 871 11311,
933 807 1003 871 quae
1017 789 1056 852 ad
1073 788 1168 852 finem
1182 787 1243 870 ipsi
1256 787 1390 870 proposi·

111 885 185 942 tum
197 877 425 956 assequendum
439 878 625 943 conducunt.

153 969 281 1030 canstat
295 971 327 1028 10
341 983 379 1028 ex
393 963 549 1046 Scriptura
562 985 656 1030 saum.
675 968 723 1031 Sic
737 967 823 1032 enim
839 967 980 1030 Obrimus
994 971 1096 1042 Petra,
1112 967 1222 1030 Matth.
1239 985 1308 1042 111,
1324 969 1363 1032 tu
1381 985 1390 1029 z

116 1054 326 1136 Quodcumque
349 1053 492 1134 lipauerc's
515 1074 606 1137 super
628 1063 757 1134 terram,
778 1057 838 1118 erit
861 1057 987 1137 lr'qalum
1004 1065 1034 1118 et
1050 1056 1083 1118 iu
1100 1053 1195 1132 caelis,
1217 1061 1273 1118 etc.
1294 1091 1335 1107 -·
1353 1055 1394 1117 Et

115 1148 190 1208 Luc.
205 1162 242 1219 x,
262 1147 301 1206 16
317 1163 325 1206 :
347 1141 409 1218 Oui
424 1161 475 1204 uos
493 1142 594 1223 audit,
610 1163 657 1206 me
673 1145 779 1216 audit,·
793 1154 822 1207 et
840 1145 895 1227 qui
906 1165 955 1207 vos
968 1147 1097 1228 spermit,
1117 1164 1164 1206 me
1177 1145 1294 1226 speruit
1310 1163 1323 1206 .·
1339 1143 1394 1226 qui

114 1243 216 1296 autem
231 1251 278 1294 me
290 1230 421 1314 spermit,
443 1236 560 1312 speruit
578 1253 645 1295 cum
664 1236 719 1316 qui
730 1235 812 1296 misit
825 1253 882 1297 me.
896 1269 938 1281 -
951 1237 1029 1296 Item
1047 1235 1116 1296 Aet.
1138 1251 1190 1308 xv,
1206 1237 1246 1298 18
1262 1253 1269 1296 :
1293 1233 1393 1295 Visum

115 1331 162 1384 est
183 1320 322 1404 Spiritui
341 1330 445 1382 sancto
461 1331 491 1382 et
509 1321 593 1384 uaba's
611 1320 695 1384 nibil
711 1323 794 1386 ultra
812 1325 961 1405 imponere
978 1323 1062 1385 uobis
1086 1325 1200 1396 oneris,
1222 1342 1312 1404 quam
1331 1321 1394 1391 buc

116 1411 299 1488 necessaria,
313 1418 348 1470 ut
362 1408 537 1474 abstineatis
550 1429 602 1472 uos
613 1411 652 1473 ab
665 1411 826 1474 immolatis
839 1412 1080 1490 simulacrorum,
1097 1421 1126 1474 et
1137 1412 1282 1492 maraine
1295 1409 1394 1490 etuas-

118 1500 230 1581 socata.
252 1502 343 1562 Porro
366 1498 459 1562 verba
475 1519 483 1559 :
501 1498 710 1582 Quodcumque
732 1499 909 1583 lipaveris...
934 1501 991 1583 qui
1008 1519 1059 1563 uas
1075 1499 1176 1578 cudit,
1197 1519 1243 1562 me
1265 1500 1393 1562 undu...

118 1593 273 1671 imponere
287 1587 406 1650 actu...
422 1586 597 1666 significant
610 1589 750 1652 collatam
769 1589 907 1654 Ecclesiae
921 1592 1102 1670 potestatam
1115 1589 1232 1668 ligandi
1249 1607 1303 1652 seu
1316 1589 1396 1669 11311

116 1675 287 1739 statuendi.

160 1769 329 1830 (1111111111ο
342 1782 381 1827 ex
393 1764 522 1828 ratione.
539 1767 671 1829 Ecclesia
689 1765 774 1829 enim
791 1773 838 1829 est
861 1765 985 1830 sociatus
1001 1765 1133 1846 perfecta
1150 1766 1184 1828 in
1203 1783 1259 1827 suo
1277 1781 1396 1844 genere.

120 1859 201 1934 Ergo
225 1854 356 1934 gaudem
379 1853 468 1916 debet
492 1858 639 1934 potestate
656 1855 796 1936 expedita
817 1855 856 1918 ad
876 1854 1034 1936 proprium
1056 1855 1193 1934 regimen
1216 1852 1394 1916 necessaria.

121 1942 219 2024 Atqui
234 1942 365 2006 11111111
382 1960 438 2005 sua
452 1942 597 2023 regimini
610 1943 767 2024 providere
782 1962 844 2007 non
857 1950 972 2025 posset,
990 1943 1050 2006 nisi
1062 1939 1398 2006 facultatem-condendi

120 2033 202 2112 leges
215 2031 356 2106 haberet;
374 2031 468 2094 multi
482 2031 566 2094 enim
581 2038 656 2095 sunt
672 2032 788 2095 abusus
803 2031 989 2112 reprimendi
1006 2032 1089 2094 inter
1101 2031 1218 2107 fideles,
1239 2029 1399 2108 multaque

119 2121 161 2182 ad
182 2119 236 2182 Dei
260 2120 379 2181 cultum
402 2121 646 2200 promovendum
666 2126 721 2182 aut
740 2121 941 2196 servandum,
961 2124 992 2183 et
1011 2121 1050 2183 ad
1073 2119 1251 2183 animarum
1269 2118 1399 2183 surum

120 2208 347 2290 procurandam
359 2207 573 2272 constituenda
587 2215 672 2272 sunt.
689 2213 805 2290 Erga...

163 2300 292 2363 Constat
310 2300 341 2358 3⁰
360 2315 399 2360 ex
419 2296 584 2362 traditione
598 2304 630 2361 11
642 2297 797 2361 constanti
811 2298 951 2361 Ecclesiae
964 2297 1070 2379 praxi,
1092 2316 1147 2362 seu
1162 2315 1201 2360 er
1214 2295 1309 2360 variis
1323 2299 1399 2359 Gon-

121 2384 344 2450 stitutionibus
364 2385 598 2465 apostatasset
618 2386 774 2462 usnemu,
790 2387 906 2468 quibus
925 2391 1040 2454 statuta
1059 2386 1267 2468 disciplinaris
1279 2383 1401 2448 condita

118 2477 212 2538 sunt.

164 2568 218 2628 Sl.
234 2599 276 2610 —
288 2566 337 2628 ΠΙ.
353 2564 507 2644 Principes
522 2565 680 2628 saculares
694 2566 787 2645 11311,
808 2581 878 2646 qne
896 2564 1042 2628 adfinem
1057 2563 1233 2646 temporalis
1247 2561 1401 2628 felicitatis

120 2653 313 2729 conducunt,
330 2655 455 2717 madere
469 2659 608 2733 possunt.

164 2745 290 2806 Constat
303 2749 335 2806 t⁰
348 2762 386 2805 ex
402 2742 557 2822 Scriptura
571 2761 670 2820 sacre,
689 2746 777 2806 Prov.
793 2761 866 2818 1111,
884 2748 922 2807 ut
941 2763 949 2806 :
966 2743 1028 2804 Per
1041 2762 1087 2804 me
1103 2761 1188 2824 repes
1209 2749 1352 2824 repuaut,
1371 2749 1403 2810 et

124 2830 222 2912 lepram
236 2830 403 2894 conditores
412 2831 499 2912 justa
513 2837 713 2894 decernunt...
728 2835 766 2893 ut
779 2849 872 2912 snpru
889 2835 921 2893 in
941 2832 959 2892 I
969 2833 1072 2915 princ.
1088 2835 1129 2894 Et
1145 2834 1159 2900 Ι
1177 2837 1256 2895 Pete.
1280 2849 1319 2905 11,
1338 2834 1377 2894 13
1392 2849 1400 2898 ;

125 2919 255 2982 Subditi
263 2929 364 2999 estote,
377 2920 439 2982 siae
450 2923 518 3002 repa·
528 2921 616 3002 quasi
618 2919 820 3004 praecellenti,
832 2923 893 2983 siue
904 2921 1027 2982 ducibus
1041 2931 1184 3002 tauquam
1197 2919 1235 2981 ab
1247 2919 1401 2988 comissis.

166 3012 295 3073 Constat
308 3013 340 3072 2⁰
353 3027 392 3071 ex
405 3008 522 3072 radone
535 3028 543 3070 :
556 3009 673 3072 etenim
686 3009 839 3090 Principes
851 3028 870 3071 a
883 3013 942 3072 Deo
957 3009 1072 3072 hahent
1086 3015 1267 3088 potestatem
1279 3008 1404 3090 regendi

126 3097 284 3172 subditos,
295 3102 330 3160 nt
343 3115 436 3178 supra
449 3097 568 3160 cliuum
578 3101 637 3174 111;
649 3097 737 3178 naui
746 3098 827 3161 hanc
838 3103 1019 3179 patestatem
1031 3115 1168 3161 11111111
1180 3117 1241 3160 non
1255 3099 1401 3172 valerent,

127 3186 192 3249 nisi
205 3185 350 3250 ienitate
361 3186 440 3266 11311
455 3187 610 3250 statuendi
625 3187 801 3266 gauderent.
819 3189 935 3267 Erga...

169 3277 221 3337 IV.
238 3277 363 3355 Semper
375 3275 648 3356 obtemperandum
662 3281 709 3338 est
722 3275 870 3356 legitimis
885 3273 1100 3356 Superioribus
1114 3274 1232 3355 aliquid
1242 3279 1327 3356 Justa
1339 3275 1404 3352 lege

124 3363 392 3445 precipientibus,
405 3363 469 3426 sive
478 3363 657 3427 immediate
670 3367 756 3427 aDeo
767 3363 831 3427 sive
845 3365 998 3428 mediante
1009 3363 1119 3444 populo
1127 3381 1177 3425 eus
1191 3362 1405 3425 auctoritatem

125 3451 276 3532 recepisse
294 3451 460 3514 existimes.
478 3487 518 3498 --
532 3451 621 3515 Ratio
639 3457 700 3527 est,
716 3453 790 3533 quia
808 3452 842 3514 in
862 3459 993 3533 utraque
1015 3450 1165 3514 sententia
1186 3455 1259 3514 sunt
1281 3467 1367 3529 esque
1386 3467 1406 3512 a

126 3545 189 3603 Deo
202 3539 337 3604 societati
349 3539 555 3619 gubernande
567 3540 735 3622 prepositi,
750 3559 783 3603 ac
793 3547 950 3622 propterea
960 3539 998 3602 ab
1008 3559 1042 3602 eo
1052 3546 1173 3621 accepta
1181 3541 1292 3621 pollent
1300 3543 1404 3601 aucto-

126 3629 233 3692 ritate.
257 3628 336 3693 Hinc
355 3627 472 3691 nullius
491 3628 642 3691 momenti
660 3635 708 3692 est
724 3629 759 3692 in
777 3629 865 3710 praxi
884 3629 1103 3703 controversia,
1124 3635 1233 3692 utrum
1251 3627 1405 3708 Principes

127 3717 290 3780 saeculares
302 3715 428 3779 mediate
442 3735 483 3780 an
496 3717 669 3780 immediate
682 3723 864 3797 patestatem
878 3736 897 3780 a
910 3721 969 3780 [teo
979 3717 1122 3780 habeant.

172 3806 329 3870 Consentia
342 3809 445 3869 autem
460 3812 507 3869 est
515 3810 603 3889 justa
615 3807 678 3881 lex,
693 3806 813 3887 quoties
822 3807 859 3869 de
873 3809 939 3888 ejus
951 3805 1106 3889 injustitia
1119 3805 1200 3886 apud
1213 3804 1293 3867 viros
1303 3805 1406 3868 doctos

125 3899 162 3958 et
175 3895 284 3973 probos
298 3895 504 3958 communiter
522 3915 584 3958 non
603 3901 723 3959 canstat
737 3915 745 3959 :
763 3895 836 3976 quia
852 3899 953 3960 rectus
967 3897 1040 3960 ordo
1053 3892 1198 3975 requirit,
1213 3898 1250 3955 ut
1263 3893 1299 3957 in
1310 3891 1406 3956 dubio

128 3982 332 4064 presumptio
350 3983 504 4063 Superiori
517 3983 626 4047 iaveat.

256 4120 454 4198 Quaestta.

174 4253 225 4314 85.
239 4252 280 4295 -’
289 4253 391 4326 Qum.
407 4255 437 4316 i⁰
452 4251 582 4327 Quinam
597 4254 630 4312 ia
641 4251 783 4330 Ecclesia
797 4251 874 4333 lepos
885 4251 1033 4315 condendi
1042 4249 1190 4334 facultate
1198 4249 1358 4332 polleant?

174 4338 268 4420 Resp.
285 4359 298 4401 .·
310 4343 406 4419 Papa,
422 4338 592 4404 Concilium
602 4341 754 4419 generale,
771 4341 909 4423 Episcopi
923 4347 955 4403 et
967 4338 1099 4403 Conutlia
1112 4337 1317 4420 particularia.

177 4432 210 4490 10
223 4426 324 4510 Papa,
342 4437 399 4490 seu
410 4426 557 4508 Poutz'fcc
569 4428 724 4490 Romanus
735 4449 796 4511 pra
812 4439 874 4491 tota
888 4427 1039 4494 Ecclesia.
1052 4427 1112 4509 Ipsi
1131 4427 1216 4492 enim
1230 4429 1351 4494 dictum
1363 4432 1412 4491 est

6 4553 7 4556 =
131 4517 171 4578 in
189 4532 318 4596 persana
337 4517 420 4580 Petri
436 4537 444 4580 :
460 4517 555 4580 Pasce
574 4536 665 4599 apros
685 4537 776 4598 meos,
795 4537 887 4602 posce
905 4535 970 4580 oues
990 4536 1079 4580 meas.
1103 4520 1409 4594 loan.xx1,15‚ttt.

232 4630 341 4675 011111-
356 4631 416 4676 Tora.
428 4631 448 4676 1.
1288 4621 1319 4670 tu
