3136 5034
734 275 940 346 narremus

705 488 880 564 CAPUT
906 487 962 562 Vl

313 689 359 740 DE
384 683 646 739 coenaremus
673 683 919 750 SUBSlleRllS,
948 681 1012 735 SEU
1037 681 1083 732 DE
1108 681 1362 734 rinnrusslon'ss

606 797 759 850 PIGNORE
785 799 828 848 ΒΤ
854 797 1067 849 HYPOTHECA

238 969 418 1032 Gontmetue
431 963 487 1027 isti
496 963 646 1027 dicuntur
660 961 852 1038 subsidiarii,
866 961 940 1043 quia
953 959 1139 1024 adhibentur
1152 959 1193 1023 ad
1211 960 1416 1024 securitnmn
1433 964 1472 1026 al-

198 1057 293 1119 terius
304 1059 489 1118 contractus.
505 1056 548 1116 De
560 1051 690 1131 singulis
703 1051 837 1114 breviter
851 1051 999 1114 dicemus.

711 1189 924 1292 narremus
944 1229 957 1288 1

665 1384 707 1428 Db*
747 1381 1001 1427 r11tntus8101tn

236 1535 306 1596 936.
321 1565 359 1577 -
381 1529 551 1612 Fidejussio
569 1534 614 1592 cst
633 1533 808 1592 contractus
829 1546 889 1609 quc
909 1526 980 1607 quis
1000 1525 1132 1589 alienam
1151 1525 1372 1606 obligationem
1386 1527 1421 1589 in
1440 1547 1468 1590 se

196 1619 338 1701 suscipit,
354 1618 381 1682 si
395 1637 459 1682 non
471 1617 571 1681 solvat
581 1616 699 1681 debitor
713 1616 898 1698 principalis.

314 1781 487 1864 Requlae
505 1780 805 1860 ildelusslonls.

232 1929 302 1992 937.
319 1933 405 1991 -10
423 1931 518 1991 Nemo
538 1925 696 2007 fidejussor
707 1943 771 1988 esse
785 1927 897 2004 potest,
916 1921 978 1986 nisi
1000 1921 1128 1985 liberam
1146 1921 1300 1985 bonorum
1318 1923 1468 1987 adminis-

193 2015 357 2080 trationem
367 2015 491 2080 babeat.
506 2017 553 2078 Ex
563 2015 638 2076 lure
654 2011 770 2076 Gallico
788 2011 957 2094 requiritur
970 2011 1106 2092 insuper,
1123 2017 1160 2072 ut
1174 2009 1334 2093 fidejussor
1347 2011 1468 2078 habitet

191 2105 226 2167 in
240 2105 393 2169 territorio
403 2103 496 2168 curiae
509 2103 615 2186 rogita,
632 2101 687 2165 ubi
700 2101 853 2184 fidejussio
867 2099 1027 2182 praebenda
1040 2105 1087 2161 est
1102 2099 1179 2182 (art.
1194 2102 1302 2182 2018).

231 2197 264 2256 2⁰
285 2193 344 2270 Qui
363 2191 571 2275 principaliter
593 2190 721 2272 obligari
744 2209 807 2254 non
827 2195 957 2271 possunt
969 2237 976 2263 ,
989 2187 1153 2270 fidejubere
1172 2207 1234 2251 non
1252 2190 1371 2252 valent:
1390 2189 1466 2252 tales

192 2287 265 2344 sunt
279 2282 424 2364 pupillus,
438 2282 551 2356 minor,
565 2278 746 2360 Religiosus,
760 2298 848 2354 uxor,
866 2278 974 2341 saltem
986 2277 1052 2338 sine
1063 2295 1213 2340 consensu
1235 2279 1362 2354 tutoris,
1376 2296 1467 2341 cura-

192 2370 282 2446 toris,
301 2370 487 2452 Superioris,
504 2369 621 2434 mariti.

229 2465 265 2522 3⁰
284 2459 457 2539 Fidejussor
473 2465 597 2520 tenetur
616 2475 688 2536 erga
709 2455 870 2518 creditores
893 2456 931 2518 de
954 2453 1097 2517 omnibus
1119 2455 1354 2536 obligationibus
1378 2455 1464 2519 debi-
1561 2481 1562 2513 r

190 2546 284 2622 teris,
303 2546 356 2608 aad
369 2545 562 2608 solummodo
580 2545 614 2606 in
632 2543 716 2606 illius
729 2543 863 2617 defectu,
883 2561 937 2605 seu
953 2543 1136 2624 impotentia
1150 2551 1180 2607 et
1195 2544 1313 2625 quidem
1325 2543 1462 2624 juridice
1560 2607 1561 2610 ,

188 2634 325 2715 probata.
1045 2631 1062 2676 ⁹

227 2728 261 2787 4⁰
282 2722 456 2805 Fidejussor
474 2722 530 2803 qui
547 2740 600 2803 pro
622 2721 757 2784 debitore
775 2718 882 2794 solvit,
904 2719 1049 2783 omuibus
1070 2720 1224 2786 creditoris
1236 2719 1359 2803 juribus
1381 2719 1464 2783 sub-

186 2817 322 2892 rogatur,
337 2818 369 2875 ct
379 2810 506 2892 proinde
519 2827 678 2874 recursum
690 2809 725 2872 in
735 2809 879 2873 cumdem
893 2807 1059 2872 debitorem
1073 2809 1177 2884 babet,
1193 2817 1227 2873 ut
1242 2809 1279 2872 ab
1292 2827 1328 2873 ec
1342 2815 1462 2892 repetat
1558 2795 1559 2813 ¹

186 2899 337 2982 quidquid
349 2899 490 2982 ejuslcco
503 2897 833 2962 solverecoactusfuit.
1557 2901 1558 2915 ι

226 2992 259 3052 5⁰
272 2987 420 3068 obligatio
440 2985 625 3070 fidejussoris
643 2989 680 3050 ad
697 2986 797 3067 ipsius
809 2987 943 3050 haeredes
967 2985 1203 3060 transmittitur,
1223 2988 1297 3068 quic
1315 2996 1365 3052 est
1387 2988 1462 3050 obli·
1556 2989 1557 3015 ¹

185 3075 382 3157 gntiorealis,
398 3094 461 3140 non
474 3095 545 3140 vero
559 3093 643 3140 merc
654 3075 830 3156 personalis.
846 3112 885 3121 -
906 3075 938 3138 V.
956 3073 1063 3152 Corus,
1079 3097 1110 3138 n.
1128 3081 1218 3140 10⁰7.
1555 3089 1556 3115 l

659 3253 914 3318 ARTICULUS
948 3255 980 3316 ΙΙ

728 3409 766 3454 DE
786 3407 912 3453 elatione

222 3555 293 3616 938.
316 3587 356 3598 -
372 3550 486 3632 Pignus
510 3557 558 3615 ast
579 3536 832 3632 contractusque
853 3550 969 3614 debitor
986 3569 1052 3614 rem
1073 3551 1217 3615 mobilem
1238 3553 1382 3617 creditori
1405 3555 1457 3616 dat

181 3640 216 3703 in
229 3640 487 3704 assecurationem
500 3639 619 3704 crediti.
633 3676 674 3687 —
684 3639 822 3721 Pignoris
836 3638 962 3704 nomine
975 3640 1062 3704 venit
1076 3640 1169 3703 etiam
1184 3659 1232 3704 res
1243 3642 1452 3722 oppignorata

302 3795 474 3876 nequlae
495 3794 695 3877 pipnorls.

220 3939 245 4001 1.
257 3941 306 4002 Ex
318 3944 404 4020 parte
416 3938 560 4002 debitoris
570 3937 683 4020 pignus
697 3936 858 4001 tradentis.
873 3937 967 4000 Debet
980 3955 987 4000 :
1005 3944 1037 4000 ιθ
1050 3938 1169 4002 tradere
1183 3939 1327 4003 creditori
1342 3943 1452 4024 pignus

178 4025 343 4104 idoneum3
359 4031 392 4090 2⁰
406 4025 566 4091 refundere
577 4025 720 4090 creditori
733 4025 887 4106 impensas
900 4025 1084 4089 necessarias
1100 4045 1169 4108 qus
1185 4027 1271 4091 lacta
1284 4028 1403 4094 brerint
1415 4031 1450 4092 ad

178 4113 222 4178 rei
238 4115 559 4193 conservationem
576 4115 689 4197 pignus
708 4133 771 4178 non
789 4117 923 4194 repetere
939 4113 1124 4196 priusquam
1138 4115 1298 4197 integrum
1311 4119 1449 4181 debiturn
1534 4187 1535 4190 ,

177 4202 319 4278 solverit,
333 4203 394 4266 nisi
408 4223 443 4267 eo
457 4204 587 4268 creditor
599 4204 757 4267 abutatur.

220 4293 259 4354 n.
272 4293 320 4354 Ex
333 4299 419 4373 parte
435 4293 595 4355 creditoris
613 4291 726 4373 pignus
742 4292 927 4372 accipientis.
944 4292 1055 4355 Debet:
1072 4298 1106 4356 ιο
1124 4311 1187 4356 non
1199 4294 1249 4356 uti
1265 4311 1300 4358 re
1315 4295 1379 4358 sibi
1392 4313 1448 4358 cre

176 4379 255 4452 dita,
271 4378 335 4442 nisi
353 4381 391 4443 de
404 4397 555 4444 consensu
573 4379 734 4457 debitoris;
750 4385 784 4444 2⁰
798 4379 960 4461 diligenter
977 4381 1091 4462 pignus
1106 4383 1274 4458 custodire;
1293 4401 1399 4458 secus,
1413 4383 1447 4445 xsle

176 4462 287 4522 damno
310 4471 448 4543 tanetum
466 4473 498 4531 3⁰
521 4469 640 4532 fructus
664 4487 702 4532 ex
721 4468 847 4550 pignore
866 4476 1021 4549 perceptos
1040 4467 1189 4534 indebiti
1207 4471 1447 4536 dimmntionem

177 4553 361 4623 computare,
377 4553 416 4613 ad
427 4555 634 4633 equalitatem
649 4557 762 4621 scilicet
774 4557 966 4634 servandam
983 4563 1016 4622 4⁰
1031 4575 1094 4624 non
1107 4560 1235 4624 vendere
1248 4559 1365 4642 pignus
1379 4579 1448 4642 pm-
