3156 5026
201 228 270 288 etc
510 193 525 224 ⁴
735 239 941 288 reserares

201 351 384 504 perpumteant
403 369 434 414 se
455 351 551 415 anari
571 352 610 415 ad
631 351 851 415 restituendam
873 351 967 415 etiarn
983 358 1101 433 partem
1122 351 1161 415 ab
1182 351 1251 415 aliis
1272 353 1411 416 ablatam
1430 355 1475 416 rel

222 459 253 502 es
269 459 323 502 ruc
356 458 398 504 m.

323 578 518 655 Quaesitae.

242 709 313 770 696.
327 741 367 752 -
388 709 489 782 Quen.
513 712 545 769 l⁰
573 706 622 768 Aa
644 707 773 769 tenearis
795 725 827 770 m
848 725 992 781 soumuu,
1012 710 1046 768 ic
1068 706 1161 769 dubio
1190 725 1230 768 aa
1255 707 1421 789 inflareris
1445 710 1474 770 ic

204 804 295 857 lotum
310 794 471 858 mrum?

243 885 331 967 Rerp.
348 883 425 965 Nep.
439 883 643 967 probabilius,
657 902 729 947 cum
746 883 899 947 sententia
912 884 1085 958 communi,
1102 884 1176 966 quia
1187 903 1265 948 onus
1281 892 1403 949 certum
1417 886 1476 950 im·

202 973 274 1055 poni
288 972 396 1054 nequit
407 991 462 1053 pro
472 972 587 1036 incerta
599 972 791 1054 obligatione.
804 1009 846 1020 -
860 973 895 1036 S.
905 973 1011 1054 Lipcr.
1025 991 1058 1033 n.
1070 976 1145 1048 ars,
1158 979 1216 1036 etc.

243 1065 345 1139 Quas.
361 1065 395 1124 2⁰
407 1061 456 1122 Ac
472 1063 649 1123 terrarium
669 1080 813 1138 soumcu,
828 1066 861 1123 ir
873 1061 968 1124 dubio
983 1082 1023 1122 aa
1037 1059 1190 1124 olriacum
1202 1070 1393 1145 partempm
1406 1073 1474 1128 ratu

203 1149 408 1213 restituerint?

243 1239 332 1323 Rerp.
354 1239 432 1322 Nep.
454 1237 643 1321 probabilius
667 1239 712 1314 si,
732 1238 810 1302 iacta
829 1238 971 1320 diligenti
988 1238 1203 1321 inquisitione,
1225 1239 1357 1302 dubium
1379 1259 1475 1322 perse

203 1333 301 1403 reret,
317 1327 391 1409 quia
413 1333 584 1409 cooperator
606 1346 667 1389 non
685 1333 807 1390 tenetur
826 1327 863 1390 ad
882 1327 967 1390 aliud
980 1335 1089 1408 praeter
1107 1334 1226 1408 partem
1240 1347 1348 1403 suam,
1364 1329 1428 1392 nisi
1440 1330 1473 1393 in

202 1416 321 1480 deiectu
343 1416 468 1479 altanus
479 1435 486 1492 ;
498 1420 528 1479 ot
551 1415 578 1478 si
601 1415 734 1478 dubium
751 1415 793 1479 sit
811 1415 848 1479 de
866 1415 918 1478 illo
937 1415 1070 1493 deiectu,
1091 1415 1224 1480 dubium
1240 1421 1285 1479 est
1302 1418 1342 1480 de
1361 1417 1474 1500 obliga-

203 1505 296 1570 tione.
307 1541 346 1551 -—
359 1504 535 1586 llorecplia
553 1504 716 1583 Salmcnt,
733 1511 803 1580 etc,
819 1510 924 1568 contra
933 1505 1018 1568 alios.

243 1597 344 1671 Quart.
361 1599 393 1658 3⁰
405 1595 456 1656 Aa
470 1593 558 1655 detur
569 1593 716 1676 oblipatio
729 1593 907 1656 restituendi
922 1611 954 1656 m
969 1613 1111 1669 scumcu,
1124 1593 1180 1655 ubi
1191 1597 1361 1677 cooperatio
1372 1597 1476 1678 influit

203 1683 323 1766 quidem
340 1687 373 1744 in
394 1693 486 1745 totum
509 1681 649 1745 damnum
666 1685 712 1744 rei
727 1681 908 1762 individua,
928 1682 979 1744 red
996 1702 1056 1744 aaa
1070 1693 1113 1745 est
1126 1682 1161 1745 de
1181 1701 1211 1745 se
1228 1683 1406 1765 auspicierrs,
1424 1707 1477 1749 nee

201 1773 378 1846 morocoria,
390 1791 483 1854 neque
494 1771 632 1855 procedit
644 1791 683 1833 ec
696 1772 921 1854 conspiratione
933 1774 1050 1848 stricto,
1069 1792 1098 1834 o.
1114 1793 1178 1854 pr„
1191 1773 1362 1854 se'quatuor
1374 1793 1476 1858 aspor-

203 1872 267 1924 tent
278 1861 412 1937 trabem,
428 1880 519 1943 quum
535 1864 694 1922 trosellum
708 1868 932 1942 asportassent?

159 1998 165 2009 .
244 1951 332 2033 llerp.
354 1949 446 2031 Nep„
463 1947 551 2029 quia,
568 1966 640 2011 cum
660 1953 721 2012 tota
738 1949 816 2012 ratic
830 1947 1024 2030 obligationis
1042 1948 1084 2012 sit
1097 1947 1237 2011 influxus
1251 1949 1287 2012 in
1305 1951 1470 2024 damnum,

202 2038 255 2101 illa
273 2056 336 2101 non
354 2037 443 2101 debet
456 2055 521 2100 esse
542 2039 640 2117 maior
655 2055 749 2119 quam
763 2037 827 2118 ipse
842 2036 989 2100 influxus.
1007 2073 1046 2084 -
1065 2037 1199 2100 Aliunde
1212 2037 1268 2119 qui
1287 2045 1471 2102 concurreret

202 2129 241 2190 ad
259 2133 377 2208 partem
399 2125 507 2189 damni
525 2125 662 2200 dividui,
684 2126 753 2188 licet
773 2145 845 2188 curn
865 2125 933 2189 aliis
947 2132 1138 2188 concurreret
1154 2126 1194 2187 ad
1211 2129 1313 2189 totum
1326 2128 1472 2190 damnum

202 2223 355 2296 quaoenus
368 2233 439 2295 pars
453 2213 567 2276 confert
582 2215 620 2276 ad
633 2219 734 2276 totum
746 2215 975 2296 complendum,
991 2233 1063 2276 sane
1077 2214 1115 2276 ad
1130 2219 1232 2275 totum
1247 2215 1471 2279 restituendum

202 2322 265 2366 non
287 2310 457 2379 teneretur;
474 2321 558 2382 ergo,
575 2324 594 2363 a
607 2306 696 2385 puri,
712 2302 767 2383 qui
779 2303 932 2366 concurrit
945 2301 1116 2384 partialiter
1130 2301 1170 2364 ad
1189 2303 1341 2366 damnum
1362 2304 1475 2367 indiri-

202 2393 317 2467 damn,
333 2391 501 2472 partialiter
518 2395 642 2454 tantum
663 2391 701 2453 ad
722 2391 828 2454 damni
849 2391 1073 2472 reparationem
1094 2395 1227 2464 tenetur,
1255 2391 1330 2472 quia
1352 2411 1476 2456 causam

201 2481 361 2562 partialem
383 2481 495 2562 posuit.
516 2515 557 2526 -
575 2480 677 2560 Lapa,
695 2478 726 2541 d.
750 2499 816 2556 xm,
832 2502 863 2541 a.
881 2483 930 2544 at.
948 2515 988 2525 -
1015 2479 1133 2562 Vopler,
1154 2498 1184 2540 n.
1201 2482 1325 2542 349-
1342 2481 1380 2543 S.
1399 2482 1475 2564 Lep.

201 2570 255 2630 boc
271 2567 524 2652 dieitprobcbilc,
541 2589 572 2630 re.
589 2571 659 2631 579.

242 2662 312 2722 aet.
323 2694 364 2704 -
375 2659 474 2734 Quart.
490 2662 524 2720 4⁰
540 2661 592 2720 Aa
612 2657 739 2718 tenearis
758 2675 789 2719 rr
811 2675 951 2730 sormunt,
968 2657 998 2717 st
1008 2657 1086 2718 actio
1101 2667 1153 2721 tuo
1165 2656 1223 2738 snit
1237 2654 1358 2736 quidem
1375 2658 1476 2738 tuffi-

202 2753 282 2810 aare
307 2747 348 2810 cd
373 2757 467 2808 totum
492 2746 633 2808 domnam
659 2743 865 2826 ecferendum,
891 2745 944 2806 red
968 2747 1090 2809 minime
1112 2746 1292 2823 cermeria,
1313 2763 1408 2826 neque
1433 2764 1477 2806 ea

202 2837 424 2917 recuperatione
435 2836 598 2918 processit,
615 2855 645 2898 o.
657 2855 719 2918 pru,
740 2835 770 2895 si
781 2835 879 2916 ipram
898 2833 1002 2896 domui
1019 2834 1128 2899 otiante
1143 2833 1232 2896 simui
1248 2853 1315 2895 cara
1331 2833 1481 2917 pluribus

203 2925 274 2986 aliis
285 2923 485 3007 apposueris?

244 3013 335 3095 Hesp.
347 3032 360 3074 .·
377 3013 633 3077 controvertitur.
650 3012 820 3095 Aspirraont
834 3011 1049 3094 probabiliter,
1070 3011 1134 3076 imo
1155 3018 1187 3076 et
1201 3009 1394 3097 probabilius
1417 3029 1479 3074 non

204 3101 306 3182 pauci,
322 3101 412 3182 quia,
434 3101 488 3164 ubi
507 3102 586 3164 actio
608 3109 661 3165 tua
680 3101 740 3164 fuit
760 3101 914 3182 sufficiens
930 3102 970 3164 ad
988 3101 1131 3164 effectum
1151 3101 1354 3175 damnosum,
1374 3117 1479 3180 reapse

205 3197 305 3254 totum
324 3191 474 3252 damnum
496 3189 653 3253 moraliter
672 3189 729 3252 tibi
747 3196 779 3252 et
800 3189 929 3269 singulis
949 3189 1017 3253 aliis
1034 3196 1080 3252 est
1098 3189 1345 3254 adscribendum.
1361 3187 1482 3250 lionae-

203 3279 283 3362 9lr'o,
298 3277 450 3351 Sancbez,
469 3277 633 3357 Salmone,
654 3285 711 3340 etc.
727 3313 768 3324 -
786 3277 907 3358 lt'epaal
925 3297 995 3342 vero
1015 3277 1067 3340 atii
1086 3278 1300 3360 probabiliter,
1317 3276 1392 3358 quia
1410 3276 1482 3338 licet

204 3369 282 3432 actio
299 3366 527 3431 damnificatira
542 3365 693 3430 sufficiens
710 3365 803 3430 fuerit
816 3367 855 3430 ad
870 3371 971 3430 totum
985 3368 1153 3440 damnum,
1168 3385 1231 3430 non
1244 3365 1358 3429 habuit
1372 3371 1480 3427 tamen

204 3457 264 3520 nisi
277 3457 432 3520 initurum
446 3454 604 3536 partialem
616 3455 651 3518 in
665 3455 752 3530 illud,
766 3472 838 3518 curn
853 3474 907 3517 nec
918 3453 1012 3518 fuerit
1026 3455 1204 3531 necessaria,
1221 3473 1321 3536 neque
1333 3471 1476 3516 commu-

205 3546 254 3608 nis
268 3565 339 3609 cum
357 3545 424 3608 aliis
439 3564 476 3607 ex
492 3543 725 3624 conspiratione.
746 3547 825 3624 Ergo
843 3563 905 3607 non
921 3551 969 3607 est
987 3563 1077 3606 causa
1094 3543 1219 3608 moralis
1240 3543 1335 3608 totius
1357 3539 1478 3604 damni.

205 3637 263 3696 Nec
275 3633 366 3696 refert
380 3633 459 3713 quod
475 3633 512 3695 de
526 3649 558 3694 re
570 3632 732 3694 individua
747 3640 870 3712 agatur;
889 3632 962 3713 quia
976 3632 1144 3712 cooperatio
1158 3633 1197 3695 ad
1210 3636 1311 3694 totum
1324 3631 1476 3694 damnum

205 3740 264 3785 non
290 3722 473 3785 extenditur.
491 3725 634 3783 Attamen
652 3720 685 3784 id
702 3721 853 3801 intellige,
871 3721 991 3801 quoties
1006 3722 1073 3784 sine
1091 3729 1145 3784 tuo
1159 3737 1311 3784 concursu
1325 3715 1477 3783 ditinum

204 3811 406 3874 nihilomiuus
430 3809 593 3885 evenisset,
622 3827 707 3872 secus
728 3809 812 3872 euim
838 3809 933 3872 etiarn
957 3810 1036 3871 actio
1062 3817 1116 3871 tua
1141 3809 1178 3872 ad
1205 3809 1282 3871 illud
1308 3805 1481 3871 neumatis

204 3898 330 3962 dicenda
343 3899 430 3962 ioret.
447 3933 486 3942 —-
500 3897 629 3980 Sporer.
644 3933 683 3946 -
697 3897 826 3965 librar..
845 3903 902 3960 etc.
920 3933 960 3943 —
978 3903 1147 3979 Utramque
1166 3896 1353 3960 sententiam
1370 3894 1481 3978 proba·

203 3986 295 4050 bilem
309 3988 400 4052 habet
417 3986 453 4050 S.
467 3987 550 4068 Lip„
565 4007 596 4050 a.
613 3991 688 4063 679,
702 3987 831 4049 ctHorn.
846 3997 955 4070 oport,
971 4008 1001 4047 n.
1019 3991 1069 4050 55.

344 4125 553 4191 ResolveS.

243 4257 313 4318 698.
325 4289 365 4299 -
383 4259 413 4318 1⁰
425 4254 456 4318 Si
476 4253 545 4336 quis
560 4272 597 4316 ex
612 4252 869 4335 cooperatoribus,
884 4252 938 4334 qui
959 4253 1164 4316 conditionate
1182 4251 1217 4315 in
1234 4251 1369 4314 solidum
1387 4248 1483 4312 resti-

204 4349 289 4404 tuere
303 4349 458 4417 tenentur,
476 4350 578 4406 totum
592 4343 742 4404 damnum
754 4341 955 4422 reparaverit,
972 4341 1024 4404 alii
1039 4341 1208 4404 liberantur
1222 4341 1260 4403 ab
1275 4339 1363 4403 omni
1375 4335 1483 4401 debito

204 4447 274 4507 erga
286 4430 478 4506 creditoren1;
496 4431 627 4504 sedilia,
647 4431 701 4513 qui
717 4437 816 4493 toturn
829 4429 980 4506 restituit,
997 4449 1155 4494 recursum
1173 4429 1266 4493 habet
1280 4435 1388 4492 contra
1404 4425 1485 4489 alios

204 4516 447 4580 damnificatores
462 4537 548 4600 reque
562 4520 725 4600 obligatos,
741 4525 778 4582 ut
791 4517 869 4581 ratic
880 4518 1039 4600 perspicua
1049 4519 1254 4582 demonstrat.
