3168 5002
232 195 277 255 48
660 201 787 247 senius
812 201 1086 246 CthONOLOGICA

268 317 311 375 93.
328 319 419 374 Purus
432 329 512 371 amor
524 315 589 387 ipse
608 312 689 369 solus
707 313 858 368 constituit
872 313 960 368 totam
974 313 1062 370 sitam
1081 312 1246 369 interiorem
1258 331 1265 368 :
1277 314 1305 369 et
1322 316 1390 371 tunc
1410 317 1504 373 evadit

233 401 350 456 unicum
365 395 538 472 principium
548 395 577 450 et
590 392 706 450 unicum
721 393 858 449 motivum
871 393 998 449 omnium
1016 395 1131 450 actuum
1151 394 1200 467 qui
1213 392 1366 450 deliberati
1380 397 1409 452 et
1419 397 1505 454 meri-
1578 397 1579 466 i

233 481 298 537 torii
314 480 390 535 sunt.
1578 469 1579 550 j

270 567 426 622 Daroecla
442 567 468 618 et
480 560 646 635 reprobate
659 561 810 632 tanquam,
831 559 936 616 sivein
950 559 1034 616 obvio
1043 575 1143 617 esrum
1156 560 1307 617 verborum
1320 575 1425 632 sensu,
1442 563 1503 620 sive
1578 563 1579 646 3

232 648 341 704 attenta
353 643 561 701 sententiarum
576 640 766 710 connexione,
779 639 954 709 temerariae,
973 639 1166 710 scandalosae‚
1180 642 1256 698 male
1273 642 1425 711 sonantes,
1441 645 1504 716 pia·
1578 661 1579 702 r

233 744 296 784 rum
307 725 420 782 aurium
433 722 595 790 offensivae,
611 721 641 776 in
654 721 734 794 praxi
749 719 931 793 perniciosae,
947 736 980 777 ac
994 722 1081 777 etiam
1096 721 1254 794 respective
1268 738 1403 780 erroneae.

713 967 718 978 .
766 921 862 977 NUM.
892 921 969 979 XIV

287 1067 514 1143 propositione
535 1064 605 1134 ror,
629 1063 787 1122 roteneco·
810 1029 978 1134 acincus,
1002 1063 1155 1133 nepae
1178 1082 1198 1120 a
1220 1063 1368 1122 cleoneae
1385 1065 1450 1135 rr,

501 1145 719 1205 Constitutione
739 1145 925 1216 Unigenitus,
943 1152 1010 1216 etc,
1025 1143 1134 1216 SSept.
1155 1145 1235 1202 1713.

270 1318 295 1372 l.
312 1315 387 1384 Quid
404 1313 484 1371 aliud
502 1313 629 1370 remanet
648 1312 766 1380 animae,
783 1327 848 1384 quae
864 1313 954 1367 lleurn
974 1312 1060 1384 atque
1073 1311 1166 1385 ipsius
1181 1312 1301 1383 gratiam
1316 1314 1430 1384 amisit,
1446 1317 1507 1372 nisi

232 1399 397 1472 peccalum,
413 1397 442 1452 et
455 1393 564 1467 peccati
580 1393 813 1461 consecutiones,
834 1391 958 1465 superba
977 1392 1148 1465 paupertas,
1164 1393 1193 1449 et
1213 1393 1310 1464 segnis
1325 1394 1506 1466 indigentie,
1578 1391 1579 1470 ξ

234 1479 286 1534 hoc
311 1477 358 1598 esss
376 1473 519 1547 maereba
543 1473 713 1547 impotentia
736 1471 776 1556 ed
800 1471 943 1540 laborem,
963 1472 1000 1527 ad
1021 1473 1193 1541 orationem,
1219 1472 1302 1529 etad
1321 1489 1406 1531 omne
1433 1491 1507 1548 opus

234 1558 377 1700 Μέυῗέἐιι
390 1641 495 1699 Christi
511 1641 611 1712 gratia,
621 1639 792 1714 principium
802 1639 903 1696 elficer
918 1638 984 1694 boni
995 1640 1201 1712 cujuscumque
1212 1643 1324 1711 generis
1338 1643 1509 1700 necessaria

234 1728 279 1782 est
296 1724 332 1781 ad
348 1739 431 1778 omne
441 1737 514 1797 epus
526 1721 648 1777 bonum:
665 1720 775 1792 absque
788 1719 840 1776 illa
853 1735 909 1775 non
919 1718 1012 1775 solum
1024 1719 1098 1776 nihil
1111 1719 1157 1790 nt,
1174 1720 1224 1776 sed
1239 1737 1292 1777 nec
1308 1721 1370 1777 lieri
1383 1725 1492 1797 potest.
1578 1717 1579 1776 l

269 1811 294 1868 3.
308 1813 341 1867 ln
350 1825 471 1876 vanum,
487 1808 621 1875 Domine,
634 1807 782 1881 praecipis,
794 1807 820 1863 si
832 1808 864 1862 tu
876 1807 939 1880 ipse
953 1823 1009 1863 non
1024 1807 1075 1864 das
1088 1807 1162 1880 quod
1177 1807 1320 1881 precipis.
1578 1807 1579 1820 ³

267 1900 294 1954 l.
314 1900 370 1967 lta,
386 1896 522 1953 Domine:
539 1895 635 1950 omnia
652 1893 805 1968 possibilia
821 1894 889 1950 sunt
902 1894 945 1963 ei,
960 1894 1008 1950 cui
1023 1895 1118 1950 omnia
1130 1895 1282 1968 possibilie
1293 1896 1382 1967 lacis,
1401 1897 1508 1956 eadem

234 1977 375 2052 operando
390 1977 421 2033 in
433 1975 493 2032 illo.
1578 1987 1579 2040 l

269 2067 296 2123 5.
312 2063 431 2133 Quando
453 2065 529 2119 Deus
551 2077 607 2116 non
624 2058 736 2118 emollit
754 2077 802 2117 cor
817 2077 867 2134 per
886 2061 1052 2118 interiorem
1068 2063 1230 2119 unctionem
1252 2063 1351 2136 gratioe
1366 2081 1447 2135 suae,
1462 2082 1511 2122 ex·
1578 2041 1579 2120 l

233 2145 408 2201 hortationes
428 2143 457 2198 et
475 2141 574 2212 gratiae
590 2141 744 2198 exteriores
762 2157 818 2198 non
837 2141 998 2198 inserviunt
1019 2143 1076 2198 nisi
1093 2142 1128 2198 ad
1148 2142 1220 2198 illud
1241 2145 1333 2214 magis
1357 2145 1509 2202 obduran-
1578 2125 1579 2212 l

232 2225 310 2281 dum.
1430 2259 1434 2264 -
1578 2235 1579 2288 t

269 2311 296 2367 6.
311 2309 469 2366 Discrimen
489 2309 565 2366 inter
588 2308 681 2364 loedus
694 2308 842 2380 judaicum
867 2311 896 2364 et
918 2309 1108 2366 christianum
1129 2311 1192 2379 cst,
1208 2309 1284 2382 quod
1305 2311 1335 2367 in
1353 2311 1404 2368 illo
1427 2315 1511 2369 Deus
1578 2301 1579 2358 l

222 2383 322 2462 'erigit
337 2391 432 2460 lugam
448 2389 558 2462 peccati
573 2391 601 2444 et
613 2389 829 2461 implementum
850 2389 923 2460 legis
942 2405 959 2445 a
983 2393 1144 2463 peccatore,
1158 2389 1345 2463 relinquendo
1370 2389 1459 2448 illum
1479 2393 1513 2449 in

234 2487 287 2528 aua
303 2470 489 2542 impotentia:
509 2469 539 2526 in
555 2469 611 2525 isto
629 2485 697 2526 varo
711 2471 788 2526 Deus
806 2469 945 2544 peccatori
964 2469 1013 2526 dat
1028 2470 1102 2542 quod
1121 2470 1216 2542 jubet,
1241 2469 1323 2526 illurn
1339 2487 1393 2528 sua
1411 2473 1512 2544 gratia
1578 2469 1579 2546 {

234 2549 419 2625 purificando.

269 2639 294 2694 7.
307 2639 377 2706 Quae
387 2635 499 2694 utilitas
518 2636 698 2711 probamina
713 2637 743 2693 in
759 2638 848 2695 veteri
863 2638 983 2706 loedere,
999 2639 1030 2694 in
1044 2655 1100 2711 quo
1110 2641 1188 2696 Deus
1207 2637 1288 2694 illum
1307 2636 1425 2710 reliquit
1441 2643 1512 2714 ejus

233 2719 354 2792 propriae
369 2717 547 2786 infirmitati,
563 2717 734 2792 imponendo
754 2718 809 2792 ipsi
833 2735 914 2775 suam
929 2717 1040 2790 legem?
1056 2719 1125 2788 Quae
1144 2734 1211 2774 vero
1228 2717 1350 2775 felicitas
1369 2733 1429 2776 non
1446 2724 1511 2792 est,

231 2799 347 2854 admitti
362 2798 397 2854 ad
411 2797 503 2854 loedus
516 2798 546 2853 in
560 2814 616 2871 quo
627 2801 704 2854 bans
714 2798 796 2855 nobis
812 2797 899 2856 donat
913 2799 987 2872 quod
1000 2800 1071 2872 petit
1083 2815 1100 2855 a
1114 2797 1215 2855 nobis?
1578 2781 1579 2860 i

269 2887 294 2942 8.
310 2889 367 2942 Nos
388 2901 444 2941 non
460 2887 637 2958 pertinemus
653 2887 689 2942 ad
707 2902 810 2942 novmn
832 2885 940 2955 ledus,
955 2887 1014 2943 nisi
1032 2887 1062 2942 in
1078 2887 1216 2958 quantum
1230 2884 1383 2960 participes
1403 2903 1513 2945 sumus
1578 2905 1579 2938 r

233 2967 326 3040 ipsius
341 2979 421 3022 novae
437 2966 546 3037 gratiae,
565 2983 630 3038 quae
641 2968 774 3040 operatur
785 2967 816 3023 in
830 2967 912 3022 nobis
928 2966 956 3022 id
969 2967 1044 3038 quod
1059 2967 1135 3023 Dens
1148 2965 1231 3024 nobis
1241 2966 1382 3040 praecipit.
1578 2969 1579 2978 ‘

269 3052 294 3109 9.
311 3053 409 3110 Gratia
427 3053 533 3110 Christi
555 3054 599 3110 est
616 3055 708 3126 gratia
732 3070 880 3128 suprema,
895 3054 957 3110 sine
971 3069 1028 3127 qua
1042 3054 1171 3111 confiteri
1190 3053 1337 3112 Christum
1356 3069 1513 3127 nunquam

233 3149 400 3207 possumus,
415 3135 518 3190 etcum
528 3149 585 3206 qua
599 3149 745 3207 nunquam
764 3134 849 3190 illum
863 3133 1049 3205 abnegamus.
1578 3161 1579 3194 4

268 3219 311 3276 lo.
327 3219 424 3355 Grraltia
442 3221 488 3276 est
500 3221 629 3294 operatio
643 3237 745 3279 manus
761 3221 963 3294 omnipotentis
978 3221 1044 3288 Dei,
1066 3236 1151 3293 quam
1165 3219 1239 3277 nibil
1256 3220 1395 3294 impedire
1409 3223 1517 3296 potest
1578 3209 1579 3288 Ῐ

230 3303 282 3356 aut
296 3301 357 3356 rete
392 3317 450 3356 are.

268 3387 310 3443 ll.
322 3388 423 3480 'Gratia
435 3403 492 3443 non
508 3388 552 3444 est
565 3388 644 3444 aliud
657 3404 743 3461 quam
754 3387 887 3444 voluntas
899 3387 1103 3460 omnipotentis
1118 3387 1168 3445 Dei
1175 3387 1315 3459 jubentis,
1327 3389 1356 3443 ct
1370 3388 1517 3448 facientis

233 3465 311 3610 quit}
317 3467 448 3622 1Ξίἰὲἀο
463 3555 539 3612 Deus
552 3556 614 3612 vult
628 3555 741 3612 salvare
757 3555 893 3624 animam,
909 3569 1088 3628 quocumque
1102 3555 1239 3628 tempore,
1251 3570 1433 3628 quocumque
1445 3556 1518 3615 loco

231 3635 349 3692 effectus
365 3633 566 3692 indubitabilis
580 3636 712 3709 sequitur
721 3633 896 3692 voluntatem
909 3634 973 3692 Dei.
1578 3701 1579 3736 3

267 3722 311 3779 13.
326 3723 444 3792 Quando
459 3726 535 3781 Deus
546 3723 609 3781 vult
623 3726 748 3781 animam
766 3723 875 3780 salvem
891 3722 998 3792 lacere,
1020 3723 1049 3778 et
1062 3737 1125 3779 eam
1142 3723 1235 3795 tangit
1253 3723 1384 3780 interiori
1403 3725 1519 3795 gratita
1578 3737 1579 3786 3

232 3815 293 3858 suae
304 3819 409 3874 manu,
425 3802 505 3860 nulla
517 3802 649 3860 voluntas
664 3805 822 3860 humanaei
836 3802 954 3858 resistit
1578 3821 1579 3884 ᾗ

268 3885 311 3944 ll.
328 3889 593 3965 Quantumcumque
606 3893 731 3948 remotus
741 3905 759 3946 a
770 3889 866 3946 salute
875 3889 913 3945 sit
923 3889 1054 3961 peccator
1062 3889 1233 3960 obstinatus,
1247 3889 1359 3962 quando
1369 3891 1462 3948 lesus
1480 3910 1520 3952 se
1578 3905 1579 3922 ³

233 3965 260 4020 el
271 3967 425 4026 ridendum
438 3969 554 4027 exhibet
566 3971 676 4028 lumine
691 3969 810 4027 salutari
826 3984 885 4025 suae
902 3967 1011 4039 gratiae,
1026 3971 1136 4042 oportet
1147 3971 1180 4048 ut
1194 3985 1227 4026 aa
1239 3969 1343 4039 dedat,
1353 3977 1519 4044 accurrat¹

233 4044 453 4120 sesehumiliet‚
468 4052 497 4108 et
510 4051 609 4108 adoret
621 4050 795 4109 salvatorem
810 4064 905 4104 suum.
1421 4121 1427 4132 .
1578 4059 1579 4114 ζ

268 4127 312 4184 15.
328 4129 445 4199 Quando
466 4139 542 4194 Deus
561 4137 724 4193 mandatum
739 4151 823 4192 suum
844 4137 879 4194 et¹
892 4151 972 4191 suam
993 4136 1139 4191 externam
1156 4135 1330 4194 locutionem
1348 4138 1522 4200 comitatur
1578 4185 1579 4210 3

233 4212 365 4270 unctione
379 4220 424 4274 sui
438 4221 561 4293 Spiritus
583 4223 612 4278 et
631 4219 761 4277 interiori
779 4217 809 4277 ri
826 4217 927 4290 gratiae
948 4233 1024 4287 suae,
1041 4220 1174 4294 operatur
1186 4219 1267 4276 illam
1284 4221 1315 4277 in
1330 4221 1426 4292 corde
1437 4224 1522 4282 obe-
1578 4235 1579 4288 j

230 4287 465 4366 dientiamqnsm
478 4301 558 4372 petil.
1578 4291 1579 4302 ³

231 4453 255 4510 0
257 4373 315 4510 11lltli11
317 4379 422 4528 plgctrglr}
433 4386 500 4441 sunt
509 4385 652 4444 illecabrae
668 4399 731 4458 quae
741 4401 798 4444 non
808 4385 911 4443 cedant
922 4383 1068 4444 illecebris
1083 4385 1182 4458 gratie
1194 4405 1201 4444 :
1213 4388 1280 4460 quia
1292 4387 1367 4444 nihil
1386 4391 1523 4452 resistit
1578 4409 1579 4456 ὲ

383 4475 401 4514 n
414 4477 434 4518 1.
