<?xml version="1.0" encoding="UTF-8"?>
<!DOCTYPE html PUBLIC "-//W3C//DTD XHTML 1.0 Transitional//EN"
    "http://www.w3.org/TR/xhtml1/DTD/xhtml1-transitional.dtd">
<html xmlns="http://www.w3.org/1999/xhtml" xml:lang="en" lang="en">
 <head>
  <title>
</title>
<meta http-equiv="Content-Type" content="text/html;charset=utf-8" />
  <meta name='ocr-system' content='tesseract 3.04.00' />
  <meta name='ocr-capabilities' content='ocr_page ocr_carea ocr_par ocr_line ocrx_word'/>
</head>
<body>
  <div class='ocr_page' id='page_1' title='image "./compendiumtheol02gurygoog_0059.png"; bbox 0 0 3168 5002; ppageno 0'>
   <div class='ocr_carea' id='block_1_1' title="bbox 207 174 1054 236">
    <p class='ocr_par' dir='ltr' id='par_1_1' title="bbox 207 174 1054 236">
     <span class='ocr_line' id='line_1_1' title="bbox 207 174 1054 236; baseline 0.004 -5"><span class='ocrx_word' id='word_1_1' title='bbox 207 174 252 232; x_wconf 75' lang='lat' dir='ltr'>la</span> <span class='ocrx_word' id='word_1_2' title='bbox 634 189 757 232; x_wconf 78' lang='lat' dir='ltr'>serras</span> <span class='ocrx_word' id='word_1_3' title='bbox 780 189 1054 236; x_wconf 81' lang='lat' dir='ltr'>orraouotoerca</span> 
     </span>
    </p>
   </div>
   <div class='ocr_carea' id='block_1_2' title="bbox 207 277 1580 460">
    <p class='ocr_par' dir='ltr' id='par_1_2' title="bbox 207 277 1580 460">
     <span class='ocr_line' id='line_1_2' title="bbox 207 277 1580 388; baseline 0.007 -34"><span class='ocrx_word' id='word_1_4' title='bbox 207 298 311 355; x_wconf 79' lang='lat' dir='ltr'>elicere</span> <span class='ocrx_word' id='word_1_5' title='bbox 324 298 405 354; x_wconf 85' lang='lat' dir='ltr'>actus</span> <span class='ocrx_word' id='word_1_6' title='bbox 418 297 523 354; x_wconf 89' lang='lat' dir='ltr'>amoris</span> <span class='ocrx_word' id='word_1_7' title='bbox 537 313 604 368; x_wconf 81' lang='lat' dir='ltr'>erga</span> <span class='ocrx_word' id='word_1_8' title='bbox 618 277 734 354; x_wconf 87' lang='lat' dir='ltr'>beatam</span> <span class='ocrx_word' id='word_1_9' title='bbox 744 299 900 371; x_wconf 82' lang='lat' dir='ltr'>Virginem,</span> <span class='ocrx_word' id='word_1_10' title='bbox 916 301 1046 372; x_wconf 84' lang='lat' dir='ltr'>Sanctae,</span> <span class='ocrx_word' id='word_1_11' title='bbox 1059 304 1109 358; x_wconf 90' lang='lat' dir='ltr'>aut</span> <span class='ocrx_word' id='word_1_12' title='bbox 1125 303 1337 360; x_wconf 85' lang='lat' dir='ltr'>Humanitatem</span> <span class='ocrx_word' id='word_1_13' title='bbox 1353 302 1461 362; x_wconf 85' lang='lat' dir='ltr'><strong>Christi</strong></span> <span class='ocrx_word' id='word_1_14' title='bbox 1477 325 1484 362; x_wconf 92' lang='lat'><strong>:</strong></span> <span class='ocrx_word' id='word_1_15' title='bbox 1579 355 1580 388; x_wconf 67' lang='lat'>,</span> 
     </span>
     <span class='ocr_line' id='line_1_3' title="bbox 208 377 1580 460; baseline 0.004 -26"><span class='ocrx_word' id='word_1_16' title='bbox 208 378 289 451; x_wconf 91' lang='lat' dir='ltr'>quia,</span> <span class='ocrx_word' id='word_1_17' title='bbox 304 394 368 434; x_wconf 94' lang='lat' dir='ltr'>cum</span> <span class='ocrx_word' id='word_1_18' title='bbox 382 377 439 434; x_wconf 90' lang='lat' dir='ltr'>ista</span> <span class='ocrx_word' id='word_1_19' title='bbox 451 377 562 449; x_wconf 75' lang='lat' dir='ltr'>obiecta</span> <span class='ocrx_word' id='word_1_20' title='bbox 575 377 725 434; x_wconf 80' lang='lat' dir='ltr'>sensibilia</span> <span class='ocrx_word' id='word_1_21' title='bbox 739 379 812 448; x_wconf 90' lang='lat' dir='ltr'>sint,</span> <span class='ocrx_word' id='word_1_22' title='bbox 829 381 897 437; x_wconf 87' lang='lat' dir='ltr'>talis</span> <span class='ocrx_word' id='word_1_23' title='bbox 909 383 954 437; x_wconf 86' lang='lat' dir='ltr'>est</span> <span class='ocrx_word' id='word_1_24' title='bbox 967 397 1046 438; x_wconf 87' lang='lat' dir='ltr'>emor</span> <span class='ocrx_word' id='word_1_25' title='bbox 1060 398 1128 454; x_wconf 81' lang='lat' dir='ltr'>erga</span> <span class='ocrx_word' id='word_1_26' title='bbox 1142 381 1202 439; x_wconf 91' lang='lat' dir='ltr'>illa.</span> <span class='ocrx_word' id='word_1_27' title='bbox 1579 389 1580 460; x_wconf 74' lang='lat' dir='ltr'>l</span> 
     </span>
    </p>
   </div>
   <div class='ocr_carea' id='block_1_3' title="bbox 207 463 1580 629">
    <p class='ocr_par' dir='ltr' id='par_1_3' title="bbox 207 463 1580 629">
     <span class='ocr_line' id='line_1_4' title="bbox 242 463 1580 546; baseline 0.005 -15"><span class='ocrx_word' id='word_1_28' title='bbox 242 473 286 531; x_wconf 87' lang='lat'>36.</span> <span class='ocrx_word' id='word_1_29' title='bbox 297 472 383 530; x_wconf 90' lang='lat' dir='ltr'>Nulla</span> <span class='ocrx_word' id='word_1_30' title='bbox 396 474 536 545; x_wconf 84' lang='lat' dir='ltr'>creatura,</span> <span class='ocrx_word' id='word_1_31' title='bbox 552 490 604 530; x_wconf 88' lang='lat' dir='ltr'>nec</span> <span class='ocrx_word' id='word_1_32' title='bbox 616 475 701 531; x_wconf 88' lang='lat' dir='ltr'>Beata</span> <span class='ocrx_word' id='word_1_33' title='bbox 710 475 806 546; x_wconf 84' lang='lat' dir='ltr'>Virgo,</span> <span class='ocrx_word' id='word_1_34' title='bbox 818 492 871 532; x_wconf 88' lang='lat' dir='ltr'>nec</span> <span class='ocrx_word' id='word_1_35' title='bbox 883 477 980 534; x_wconf 82' lang='lat' dir='ltr'>Sancti</span> <span class='ocrx_word' id='word_1_36' title='bbox 994 477 1094 536; x_wconf 90' lang='lat' dir='ltr'>sedere</span> <span class='ocrx_word' id='word_1_37' title='bbox 1103 478 1209 536; x_wconf 89' lang='lat' dir='ltr'>debent</span> <span class='ocrx_word' id='word_1_38' title='bbox 1220 479 1251 534; x_wconf 90' lang='lat' dir='ltr'>in</span> <span class='ocrx_word' id='word_1_39' title='bbox 1260 479 1357 535; x_wconf 81' lang='lat' dir='ltr'>nostro</span> <span class='ocrx_word' id='word_1_40' title='bbox 1373 480 1459 537; x_wconf 89' lang='lat' dir='ltr'>corde</span> <span class='ocrx_word' id='word_1_41' title='bbox 1473 499 1481 536; x_wconf 95' lang='lat'><strong>:</strong></span> <span class='ocrx_word' id='word_1_42' title='bbox 1579 463 1580 538; x_wconf 70' lang='lat'>?</span> 
     </span>
     <span class='ocr_line' id='line_1_5' title="bbox 207 549 1580 629; baseline -0.004 -19"><span class='ocrx_word' id='word_1_43' title='bbox 207 555 274 626; x_wconf 89' lang='lat' dir='ltr'>quia</span> <span class='ocrx_word' id='word_1_44' title='bbox 289 553 367 610; x_wconf 92' lang='lat' dir='ltr'>solus</span> <span class='ocrx_word' id='word_1_45' title='bbox 380 555 456 610; x_wconf 88' lang='lat' dir='ltr'>Deus</span> <span class='ocrx_word' id='word_1_46' title='bbox 468 553 529 610; x_wconf 85' lang='lat' dir='ltr'>vult</span> <span class='ocrx_word' id='word_1_47' title='bbox 542 553 616 610; x_wconf 93' lang='lat' dir='ltr'>illud</span> <span class='ocrx_word' id='word_1_48' title='bbox 631 569 768 629; x_wconf 90' lang='lat' dir='ltr'>occupare</span> <span class='ocrx_word' id='word_1_49' title='bbox 783 559 811 612; x_wconf 91' lang='lat' dir='ltr'>et</span> <span class='ocrx_word' id='word_1_50' title='bbox 824 557 981 628; x_wconf 90' lang='lat' dir='ltr'>possidere.</span> <span class='ocrx_word' id='word_1_51' title='bbox 1579 549 1580 592; x_wconf 65' lang='lat' dir='ltr'>t</span> 
     </span>
    </p>
   </div>
   <div class='ocr_carea' id='block_1_4' title="bbox 205 634 1580 920">
    <p class='ocr_par' dir='ltr' id='par_1_4' title="bbox 205 634 1580 920">
     <span class='ocr_line' id='line_1_6' title="bbox 242 634 1580 714; baseline 0.005 -18"><span class='ocrx_word' id='word_1_52' title='bbox 242 641 286 698; x_wconf 86' lang='lat'>37.</span> <span class='ocrx_word' id='word_1_53' title='bbox 300 644 333 698; x_wconf 90' lang='lat' dir='ltr'>In</span> <span class='ocrx_word' id='word_1_54' title='bbox 346 643 496 698; x_wconf 75' lang='lat' dir='ltr'>occasione</span> <span class='ocrx_word' id='word_1_55' title='bbox 506 642 694 698; x_wconf 81' lang='lat' dir='ltr'>tentationum</span> <span class='ocrx_word' id='word_1_56' title='bbox 704 643 791 699; x_wconf 90' lang='lat' dir='ltr'>etiam</span> <span class='ocrx_word' id='word_1_57' title='bbox 804 644 986 714; x_wconf 78' lang='lat' dir='ltr'>furiosarum,</span> <span class='ocrx_word' id='word_1_58' title='bbox 999 661 1056 701; x_wconf 91' lang='lat' dir='ltr'>non</span> <span class='ocrx_word' id='word_1_59' title='bbox 1070 645 1154 702; x_wconf 88' lang='lat' dir='ltr'>debet</span> <span class='ocrx_word' id='word_1_60' title='bbox 1167 646 1263 702; x_wconf 89' lang='lat' dir='ltr'>anima</span> <span class='ocrx_word' id='word_1_61' title='bbox 1276 645 1382 702; x_wconf 88' lang='lat' dir='ltr'>elicere</span> <span class='ocrx_word' id='word_1_62' title='bbox 1395 648 1483 703; x_wconf 87' lang='lat' dir='ltr'>actus</span> <span class='ocrx_word' id='word_1_63' title='bbox 1579 634 1580 706; x_wconf 56' lang='lat' dir='ltr'>J</span> 
     </span>
     <span class='ocr_line' id='line_1_7' title="bbox 205 720 1580 798; baseline 0.004 -20"><span class='ocrx_word' id='word_1_64' title='bbox 205 720 355 795; x_wconf 81' lang='lat' dir='ltr'>explicitos</span> <span class='ocrx_word' id='word_1_65' title='bbox 369 722 508 779; x_wconf 90' lang='lat' dir='ltr'>virtutum</span> <span class='ocrx_word' id='word_1_66' title='bbox 520 722 725 796; x_wconf 91' lang='lat' dir='ltr'>oppositarum,</span> <span class='ocrx_word' id='word_1_67' title='bbox 741 723 791 779; x_wconf 91' lang='lat' dir='ltr'>sed</span> <span class='ocrx_word' id='word_1_68' title='bbox 807 723 891 780; x_wconf 89' lang='lat' dir='ltr'>debet</span> <span class='ocrx_word' id='word_1_69' title='bbox 906 725 936 780; x_wconf 91' lang='lat' dir='ltr'>in</span> <span class='ocrx_word' id='word_1_70' title='bbox 954 725 1117 798; x_wconf 90' lang='lat' dir='ltr'>supradicto</span> <span class='ocrx_word' id='word_1_71' title='bbox 1131 741 1228 782; x_wconf 91' lang='lat' dir='ltr'>amore</span> <span class='ocrx_word' id='word_1_72' title='bbox 1240 728 1270 782; x_wconf 88' lang='lat' dir='ltr'>et</span> <span class='ocrx_word' id='word_1_73' title='bbox 1282 726 1485 797; x_wconf 81' lang='lat' dir='ltr'>resignatione</span> <span class='ocrx_word' id='word_1_74' title='bbox 1579 725 1580 728; x_wconf 69' lang='grc'>’</span> 
     </span>
     <span class='ocr_line' id='line_1_8' title="bbox 206 818 1580 920; baseline 0.006 -63"><span class='ocrx_word' id='word_1_75' title='bbox 206 818 382 875; x_wconf 89' lang='lat' dir='ltr'>permanere.</span> <span class='ocrx_word' id='word_1_76' title='bbox 1579 861 1580 920; x_wconf 31' lang='grc'>1</span> 
     </span>
    </p>
   </div>
   <div class='ocr_carea' id='block_1_5' title="bbox 207 887 1580 1042">
    <p class='ocr_par' dir='ltr' id='par_1_5' title="bbox 207 887 1580 1042">
     <span class='ocr_line' id='line_1_9' title="bbox 242 887 1580 966; baseline 0.005 -22"><span class='ocrx_word' id='word_1_77' title='bbox 242 887 286 946; x_wconf 86' lang='lat'>38.</span> <span class='ocrx_word' id='word_1_78' title='bbox 312 890 387 946; x_wconf 87' lang='lat' dir='ltr'>Crux</span> <span class='ocrx_word' id='word_1_79' title='bbox 407 887 570 946; x_wconf 86' lang='lat' dir='ltr'>voluntaria</span> <span class='ocrx_word' id='word_1_80' title='bbox 600 889 869 961; x_wconf 86' lang='lat' dir='ltr'>mortificationum,</span> <span class='ocrx_word' id='word_1_81' title='bbox 889 891 1000 966; x_wconf 91' lang='lat' dir='ltr'>pondus</span> <span class='ocrx_word' id='word_1_82' title='bbox 1022 908 1108 964; x_wconf 82' lang='lat' dir='ltr'>grave</span> <span class='ocrx_word' id='word_1_83' title='bbox 1130 895 1176 950; x_wconf 91' lang='lat' dir='ltr'>est</span> <span class='ocrx_word' id='word_1_84' title='bbox 1200 896 1230 950; x_wconf 91' lang='lat' dir='ltr'>et</span> <span class='ocrx_word' id='word_1_85' title='bbox 1252 893 1485 963; x_wconf 83' lang='lat' dir='ltr'>infructuosum,</span> <span class='ocrx_word' id='word_1_86' title='bbox 1579 937 1580 944; x_wconf 16' lang='grc' dir='ltr'><strong>κ</strong></span> 
     </span>
     <span class='ocr_line' id='line_1_10' title="bbox 207 969 519 1042; baseline 0 -16"><span class='ocrx_word' id='word_1_87' title='bbox 207 969 327 1042; x_wconf 88' lang='lat' dir='ltr'>ideoque</span> <span class='ocrx_word' id='word_1_88' title='bbox 342 969 519 1027; x_wconf 84' lang='lat' dir='ltr'>dimittenda.</span> 
     </span>
    </p>
   </div>
   <div class='ocr_carea' id='block_1_6' title="bbox 206 985 1580 1546">
    <p class='ocr_par' dir='ltr' id='par_1_6' title="bbox 206 985 1580 1546">
     <span class='ocr_line' id='line_1_11' title="bbox 1579 985 1580 1024; baseline 0 0"><span class='ocrx_word' id='word_1_89' title='bbox 1579 985 1580 1024; x_wconf 73' lang='lat' dir='ltr'>r</span> 
     </span>
     <span class='ocr_line' id='line_1_12' title="bbox 242 1056 1485 1132; baseline 0.004 -20"><span class='ocrx_word' id='word_1_90' title='bbox 242 1056 286 1114; x_wconf 88' lang='grc'>39.</span> <span class='ocrx_word' id='word_1_91' title='bbox 302 1056 449 1114; x_wconf 88' lang='lat' dir='ltr'>Sanctiora</span> <span class='ocrx_word' id='word_1_92' title='bbox 467 1073 553 1130; x_wconf 90' lang='lat' dir='ltr'>opera</span> <span class='ocrx_word' id='word_1_93' title='bbox 569 1059 598 1115; x_wconf 87' lang='lat' dir='ltr'>et</span> <span class='ocrx_word' id='word_1_94' title='bbox 617 1057 792 1132; x_wconf 78' lang='lat' dir='ltr'>poenitentiae</span> <span class='ocrx_word' id='word_1_95' title='bbox 806 1074 878 1131; x_wconf 91' lang='lat' dir='ltr'>quas</span> <span class='ocrx_word' id='word_1_96' title='bbox 893 1061 1063 1132; x_wconf 87' lang='lat' dir='ltr'>peregerunt</span> <span class='ocrx_word' id='word_1_97' title='bbox 1082 1060 1196 1132; x_wconf 79' lang='lat' dir='ltr'>Sancti,</span> <span class='ocrx_word' id='word_1_98' title='bbox 1212 1077 1268 1118; x_wconf 85' lang='lat' dir='ltr'>non</span> <span class='ocrx_word' id='word_1_99' title='bbox 1280 1061 1429 1118; x_wconf 85' lang='lat' dir='ltr'>sufficiunt</span> <span class='ocrx_word' id='word_1_100' title='bbox 1443 1061 1485 1118; x_wconf 90' lang='lat' dir='ltr'>ad</span> 
     </span>
     <span class='ocr_line' id='line_1_13' title="bbox 207 1136 1580 1218; baseline 0 -23"><span class='ocrx_word' id='word_1_101' title='bbox 207 1137 408 1195; x_wconf 82' lang='lat' dir='ltr'>removendam</span> <span class='ocrx_word' id='word_1_102' title='bbox 424 1137 460 1194; x_wconf 91' lang='lat' dir='ltr'>ab</span> <span class='ocrx_word' id='word_1_103' title='bbox 477 1137 574 1194; x_wconf 90' lang='lat' dir='ltr'>anima</span> <span class='ocrx_word' id='word_1_104' title='bbox 588 1136 632 1194; x_wconf 90' lang='lat' dir='ltr'>vel</span> <span class='ocrx_word' id='word_1_105' title='bbox 648 1138 762 1194; x_wconf 92' lang='lat' dir='ltr'>unicam</span> <span class='ocrx_word' id='word_1_106' title='bbox 778 1138 981 1196; x_wconf 83' lang='lat' dir='ltr'>adhaesionem.</span> <span class='ocrx_word' id='word_1_107' title='bbox 1579 1151 1580 1218; x_wconf 37' lang='lat' dir='ltr'>p</span> 
     </span>
     <span class='ocr_line' id='line_1_14' title="bbox 241 1223 1580 1300; baseline 0.003 -20"><span class='ocrx_word' id='word_1_108' title='bbox 241 1223 286 1280; x_wconf 81' lang='lat' dir='ltr'>lo.</span> <span class='ocrx_word' id='word_1_109' title='bbox 300 1225 386 1281; x_wconf 88' lang='lat' dir='ltr'>Beata</span> <span class='ocrx_word' id='word_1_110' title='bbox 402 1224 488 1297; x_wconf 80' lang='lat' dir='ltr'>Virgo</span> <span class='ocrx_word' id='word_1_111' title='bbox 502 1224 614 1281; x_wconf 94' lang='lat' dir='ltr'>nullum</span> <span class='ocrx_word' id='word_1_112' title='bbox 631 1241 757 1299; x_wconf 88' lang='lat' dir='ltr'>unquam</span> <span class='ocrx_word' id='word_1_113' title='bbox 775 1242 847 1298; x_wconf 93' lang='lat' dir='ltr'>opus</span> <span class='ocrx_word' id='word_1_114' title='bbox 866 1227 993 1283; x_wconf 82' lang='lat' dir='ltr'>exterius</span> <span class='ocrx_word' id='word_1_115' title='bbox 1007 1228 1130 1300; x_wconf 75' lang='lat' dir='ltr'>peregit,</span> <span class='ocrx_word' id='word_1_116' title='bbox 1144 1230 1172 1284; x_wconf 90' lang='lat' dir='ltr'>et</span> <span class='ocrx_word' id='word_1_117' title='bbox 1188 1229 1282 1284; x_wconf 76' lang='lat' dir='ltr'>tanim</span> <span class='ocrx_word' id='word_1_118' title='bbox 1296 1229 1351 1285; x_wconf 88' lang='lat' dir='ltr'>luit</span> <span class='ocrx_word' id='word_1_119' title='bbox 1364 1228 1483 1285; x_wconf 87' lang='lat' dir='ltr'>Sanctis</span> <span class='ocrx_word' id='word_1_120' title='bbox 1579 1227 1580 1296; x_wconf 55' lang='grc' dir='ltr'><em>ἕ</em></span> 
     </span>
     <span class='ocr_line' id='line_1_15' title="bbox 206 1304 1485 1397; baseline 0.002 -35"><span class='ocrx_word' id='word_1_121' title='bbox 206 1304 339 1397; x_wconf 80' lang='lat' dir='ltr'>omnibus</span> <span class='ocrx_word' id='word_1_122' title='bbox 361 1306 496 1363; x_wconf 90' lang='lat' dir='ltr'>sanctior.</span> <span class='ocrx_word' id='word_1_123' title='bbox 516 1306 606 1378; x_wconf 80' lang='lat' dir='ltr'>Igitur</span> <span class='ocrx_word' id='word_1_124' title='bbox 625 1304 660 1362; x_wconf 90' lang='lat' dir='ltr'>ad</span> <span class='ocrx_word' id='word_1_125' title='bbox 683 1306 863 1362; x_wconf 82' lang='lat' dir='ltr'>sanctitatem</span> <span class='ocrx_word' id='word_1_126' title='bbox 884 1307 1027 1380; x_wconf 90' lang='lat' dir='ltr'>perveniri</span> <span class='ocrx_word' id='word_1_127' title='bbox 1049 1311 1143 1381; x_wconf 85' lang='lat' dir='ltr'>potest</span> <span class='ocrx_word' id='word_1_128' title='bbox 1162 1308 1271 1381; x_wconf 84' lang='lat' dir='ltr'>absque</span> <span class='ocrx_word' id='word_1_129' title='bbox 1291 1324 1376 1381; x_wconf 91' lang='lat' dir='ltr'>opere</span> <span class='ocrx_word' id='word_1_130' title='bbox 1399 1311 1485 1365; x_wconf 82' lang='lat' dir='ltr'>exte·</span> 
     </span>
     <span class='ocr_line' id='line_1_16' title="bbox 207 1400 1482 1546; baseline 0.006 -18"><span class='ocrx_word' id='word_1_131' title='bbox 207 1400 286 1529; x_wconf 45' lang='lat' dir='ltr'>molal:</span> <span class='ocrx_word' id='word_1_132' title='bbox 300 1474 376 1529; x_wconf 87' lang='lat' dir='ltr'>Deus</span> <span class='ocrx_word' id='word_1_133' title='bbox 390 1472 530 1546; x_wconf 89' lang='lat' dir='ltr'>permittit</span> <span class='ocrx_word' id='word_1_134' title='bbox 542 1474 570 1530; x_wconf 90' lang='lat' dir='ltr'>et</span> <span class='ocrx_word' id='word_1_135' title='bbox 584 1471 655 1543; x_wconf 86' lang='lat' dir='ltr'>vult,</span> <span class='ocrx_word' id='word_1_136' title='bbox 671 1472 706 1528; x_wconf 91' lang='lat' dir='ltr'>ad</span> <span class='ocrx_word' id='word_1_137' title='bbox 722 1489 774 1530; x_wconf 89' lang='lat' dir='ltr'>nos</span> <span class='ocrx_word' id='word_1_138' title='bbox 789 1473 982 1531; x_wconf 91' lang='lat' dir='ltr'>humiliandos</span> <span class='ocrx_word' id='word_1_139' title='bbox 996 1476 1025 1531; x_wconf 91' lang='lat' dir='ltr'>et</span> <span class='ocrx_word' id='word_1_140' title='bbox 1038 1477 1074 1532; x_wconf 88' lang='lat' dir='ltr'>ad</span> <span class='ocrx_word' id='word_1_141' title='bbox 1089 1493 1185 1534; x_wconf 90' lang='lat' dir='ltr'>veram</span> <span class='ocrx_word' id='word_1_142' title='bbox 1198 1475 1482 1532; x_wconf 81' lang='lat' dir='ltr'>transformationem</span> 
     </span>
    </p>
   </div>
   <div class='ocr_carea' id='block_1_7' title="bbox 204 1549 1580 2008">
    <p class='ocr_par' dir='ltr' id='par_1_7' title="bbox 204 1549 1580 2008">
     <span class='ocr_line' id='line_1_17' title="bbox 206 1549 1580 1628; baseline 0.002 -20"><span class='ocrx_word' id='word_1_143' title='bbox 206 1551 418 1626; x_wconf 90' lang='lat' dir='ltr'>perducendos,</span> <span class='ocrx_word' id='word_1_144' title='bbox 445 1551 518 1625; x_wconf 91' lang='lat' dir='ltr'>quod</span> <span class='ocrx_word' id='word_1_145' title='bbox 541 1553 571 1607; x_wconf 91' lang='lat' dir='ltr'>in</span> <span class='ocrx_word' id='word_1_146' title='bbox 594 1551 740 1624; x_wconf 87' lang='lat' dir='ltr'>aliquibus</span> <span class='ocrx_word' id='word_1_147' title='bbox 764 1553 915 1611; x_wconf 86' lang='lat' dir='ltr'>animabus</span> <span class='ocrx_word' id='word_1_148' title='bbox 936 1555 1087 1628; x_wconf 85' lang='lat' dir='ltr'>perlectis,</span> <span class='ocrx_word' id='word_1_149' title='bbox 1111 1556 1198 1612; x_wconf 87' lang='lat' dir='ltr'>etiam</span> <span class='ocrx_word' id='word_1_150' title='bbox 1222 1572 1279 1612; x_wconf 93' lang='lat' dir='ltr'>non</span> <span class='ocrx_word' id='word_1_151' title='bbox 1301 1554 1481 1628; x_wconf 85' lang='lat' dir='ltr'>arreptitiis,</span> <span class='ocrx_word' id='word_1_152' title='bbox 1579 1549 1580 1624; x_wconf 67' lang='lat' dir='ltr'>i</span> 
     </span>
     <span class='ocr_line' id='line_1_18' title="bbox 206 1631 1580 1707; baseline 0.001 -19"><span class='ocrx_word' id='word_1_153' title='bbox 206 1633 316 1689; x_wconf 69' lang='lat' dir='ltr'>daemon</span> <span class='ocrx_word' id='word_1_154' title='bbox 329 1631 496 1688; x_wconf 86' lang='lat' dir='ltr'>violentiam</span> <span class='ocrx_word' id='word_1_155' title='bbox 511 1631 614 1689; x_wconf 81' lang='lat' dir='ltr'>inierat</span> <span class='ocrx_word' id='word_1_156' title='bbox 628 1649 725 1689; x_wconf 89' lang='lat' dir='ltr'>earum</span> <span class='ocrx_word' id='word_1_157' title='bbox 741 1633 920 1706; x_wconf 82' lang='lat' dir='ltr'>corporibus,</span> <span class='ocrx_word' id='word_1_158' title='bbox 936 1650 1042 1707; x_wconf 85' lang='lat' dir='ltr'>easque</span> <span class='ocrx_word' id='word_1_159' title='bbox 1060 1637 1142 1692; x_wconf 90' lang='lat' dir='ltr'>actus</span> <span class='ocrx_word' id='word_1_160' title='bbox 1156 1634 1286 1692; x_wconf 90' lang='lat' dir='ltr'>carnales</span> <span class='ocrx_word' id='word_1_161' title='bbox 1300 1633 1484 1692; x_wconf 90' lang='lat' dir='ltr'>committere</span> <span class='ocrx_word' id='word_1_162' title='bbox 1579 1687 1580 1704; x_wconf 64' lang='lat'>,</span> 
     </span>
     <span class='ocr_line' id='line_1_19' title="bbox 204 1707 1580 1790; baseline 0 -21"><span class='ocrx_word' id='word_1_163' title='bbox 204 1713 292 1769; x_wconf 82' lang='lat' dir='ltr'>iaciat</span> <span class='ocrx_word' id='word_1_164' title='bbox 314 1712 401 1770; x_wconf 89' lang='lat' dir='ltr'>etiam</span> <span class='ocrx_word' id='word_1_165' title='bbox 422 1712 453 1768; x_wconf 94' lang='lat' dir='ltr'>in</span> <span class='ocrx_word' id='word_1_166' title='bbox 471 1711 570 1784; x_wconf 75' lang='lat' dir='ltr'>vigilia</span> <span class='ocrx_word' id='word_1_167' title='bbox 588 1714 617 1769; x_wconf 89' lang='lat' dir='ltr'>at</span> <span class='ocrx_word' id='word_1_168' title='bbox 635 1713 698 1769; x_wconf 90' lang='lat' dir='ltr'>sine</span> <span class='ocrx_word' id='word_1_169' title='bbox 715 1714 820 1770; x_wconf 88' lang='lat' dir='ltr'>mentis</span> <span class='ocrx_word' id='word_1_170' title='bbox 842 1715 1043 1784; x_wconf 83' lang='lat' dir='ltr'>offuscatione,</span> <span class='ocrx_word' id='word_1_171' title='bbox 1061 1715 1200 1772; x_wconf 89' lang='lat' dir='ltr'>movendo</span> <span class='ocrx_word' id='word_1_172' title='bbox 1222 1715 1339 1789; x_wconf 80' lang='lat' dir='ltr'>physice</span> <span class='ocrx_word' id='word_1_173' title='bbox 1360 1714 1483 1770; x_wconf 89' lang='lat' dir='ltr'>illarum</span> <span class='ocrx_word' id='word_1_174' title='bbox 1579 1707 1580 1790; x_wconf 72' lang='lat' dir='ltr'>l</span> 
     </span>
     <span class='ocr_line' id='line_1_20' title="bbox 206 1790 1580 1870; baseline 0.001 -22"><span class='ocrx_word' id='word_1_175' title='bbox 206 1809 308 1848; x_wconf 88' lang='lat' dir='ltr'>manus</span> <span class='ocrx_word' id='word_1_176' title='bbox 321 1793 350 1848; x_wconf 81' lang='lat' dir='ltr'>el</span> <span class='ocrx_word' id='word_1_177' title='bbox 362 1790 421 1848; x_wconf 89' lang='lat' dir='ltr'>alia</span> <span class='ocrx_word' id='word_1_178' title='bbox 439 1791 567 1848; x_wconf 88' lang='lat' dir='ltr'>membra</span> <span class='ocrx_word' id='word_1_179' title='bbox 580 1793 678 1849; x_wconf 90' lang='lat' dir='ltr'>contra</span> <span class='ocrx_word' id='word_1_180' title='bbox 697 1809 796 1850; x_wconf 90' lang='lat' dir='ltr'>earum</span> <span class='ocrx_word' id='word_1_181' title='bbox 811 1792 996 1851; x_wconf 88' lang='lat' dir='ltr'>voluntatem.</span> <span class='ocrx_word' id='word_1_182' title='bbox 1014 1795 1142 1852; x_wconf 82' lang='lat' dir='ltr'>Elidem</span> <span class='ocrx_word' id='word_1_183' title='bbox 1163 1795 1268 1852; x_wconf 85' lang='lat' dir='ltr'>dicitur</span> <span class='ocrx_word' id='word_1_184' title='bbox 1290 1794 1382 1867; x_wconf 88' lang='lat' dir='ltr'>quoad</span> <span class='ocrx_word' id='word_1_185' title='bbox 1404 1793 1482 1850; x_wconf 90' lang='lat' dir='ltr'>alios</span> <span class='ocrx_word' id='word_1_186' title='bbox 1579 1807 1580 1870; x_wconf 69' lang='lat' dir='ltr'>l</span> 
     </span>
     <span class='ocr_line' id='line_1_21' title="bbox 206 1871 1580 1949; baseline -0.003 -21"><span class='ocrx_word' id='word_1_187' title='bbox 206 1877 287 1929; x_wconf 89' lang='lat' dir='ltr'>actus</span> <span class='ocrx_word' id='word_1_188' title='bbox 307 1888 357 1945; x_wconf 90' lang='lat' dir='ltr'>per</span> <span class='ocrx_word' id='word_1_189' title='bbox 375 1888 406 1928; x_wconf 90' lang='lat' dir='ltr'>se</span> <span class='ocrx_word' id='word_1_190' title='bbox 424 1872 638 1945; x_wconf 88' lang='lat' dir='ltr'>peccaminosos</span> <span class='ocrx_word' id='word_1_191' title='bbox 650 1891 657 1928; x_wconf 92' lang='lat'>:</span> <span class='ocrx_word' id='word_1_192' title='bbox 669 1872 699 1928; x_wconf 92' lang='lat' dir='ltr'>in</span> <span class='ocrx_word' id='word_1_193' title='bbox 715 1889 770 1946; x_wconf 91' lang='lat' dir='ltr'>quo</span> <span class='ocrx_word' id='word_1_194' title='bbox 789 1889 859 1930; x_wconf 88' lang='lat' dir='ltr'>casu</span> <span class='ocrx_word' id='word_1_195' title='bbox 878 1890 934 1929; x_wconf 91' lang='lat' dir='ltr'>nou</span> <span class='ocrx_word' id='word_1_196' title='bbox 952 1876 1019 1931; x_wconf 88' lang='lat' dir='ltr'>sunt</span> <span class='ocrx_word' id='word_1_197' title='bbox 1033 1877 1163 1949; x_wconf 86' lang='lat' dir='ltr'>peccata,</span> <span class='ocrx_word' id='word_1_198' title='bbox 1179 1875 1246 1948; x_wconf 90' lang='lat' dir='ltr'>quia</span> <span class='ocrx_word' id='word_1_199' title='bbox 1263 1874 1309 1933; x_wconf 93' lang='lat' dir='ltr'>his</span> <span class='ocrx_word' id='word_1_200' title='bbox 1324 1890 1381 1931; x_wconf 94' lang='lat' dir='ltr'>non</span> <span class='ocrx_word' id='word_1_201' title='bbox 1396 1874 1482 1930; x_wconf 89' lang='lat' dir='ltr'>adest</span> <span class='ocrx_word' id='word_1_202' title='bbox 1579 1871 1580 1924; x_wconf 85' lang='lat' dir='ltr'>l</span> 
     </span>
     <span class='ocr_line' id='line_1_22' title="bbox 207 1967 946 2008; baseline -0.007 0"><span class='ocrx_word' id='word_1_203' title='bbox 207 1967 375 2008; x_wconf 85' lang='lat' dir='ltr'>consensus.</span> <span class='ocrx_word' id='word_1_204' title='bbox 944 1987 946 1992; x_wconf 68' lang='lat'>,</span> 
     </span>
    </p>
   </div>
   <div class='ocr_carea' id='block_1_8' title="bbox 206 2036 1580 2271">
    <p class='ocr_par' dir='ltr' id='par_1_8' title="bbox 206 1999 1580 2271">
     <span class='ocr_line' id='line_1_23' title="bbox 242 2036 1481 2112; baseline 0.001 -18"><span class='ocrx_word' id='word_1_205' title='bbox 242 2039 287 2095; x_wconf 74' lang='lat' dir='ltr'>lu.</span> <span class='ocrx_word' id='word_1_206' title='bbox 298 2039 395 2094; x_wconf 89' lang='lat' dir='ltr'>Potest</span> <span class='ocrx_word' id='word_1_207' title='bbox 408 2036 469 2093; x_wconf 93' lang='lat' dir='ltr'>dari</span> <span class='ocrx_word' id='word_1_208' title='bbox 484 2054 584 2108; x_wconf 89' lang='lat' dir='ltr'>casus,</span> <span class='ocrx_word' id='word_1_209' title='bbox 600 2038 676 2111; x_wconf 90' lang='lat' dir='ltr'>quod</span> <span class='ocrx_word' id='word_1_210' title='bbox 691 2039 856 2111; x_wconf 87' lang='lat' dir='ltr'>hujusmodi</span> <span class='ocrx_word' id='word_1_211' title='bbox 870 2040 1014 2097; x_wconf 80' lang='lat' dir='ltr'>violentiae</span> <span class='ocrx_word' id='word_1_212' title='bbox 1028 2043 1063 2098; x_wconf 91' lang='lat' dir='ltr'>ad</span> <span class='ocrx_word' id='word_1_213' title='bbox 1075 2045 1155 2099; x_wconf 91' lang='lat' dir='ltr'>actus</span> <span class='ocrx_word' id='word_1_214' title='bbox 1167 2040 1296 2099; x_wconf 86' lang='lat' dir='ltr'>carnales</span> <span class='ocrx_word' id='word_1_215' title='bbox 1311 2041 1481 2112; x_wconf 75' lang='lat' dir='ltr'>contingant</span> 
     </span>
     <span class='ocr_line' id='line_1_24' title="bbox 207 2117 1580 2194; baseline 0.001 -19"><span class='ocrx_word' id='word_1_216' title='bbox 207 2119 305 2175; x_wconf 90' lang='lat' dir='ltr'>eodem</span> <span class='ocrx_word' id='word_1_217' title='bbox 326 2117 452 2190; x_wconf 91' lang='lat' dir='ltr'>tempore</span> <span class='ocrx_word' id='word_1_218' title='bbox 470 2133 505 2173; x_wconf 88' lang='lat' dir='ltr'>ex</span> <span class='ocrx_word' id='word_1_219' title='bbox 526 2121 607 2192; x_wconf 85' lang='lat' dir='ltr'>parte</span> <span class='ocrx_word' id='word_1_220' title='bbox 620 2118 741 2176; x_wconf 89' lang='lat' dir='ltr'>duarum</span> <span class='ocrx_word' id='word_1_221' title='bbox 760 2135 960 2194; x_wconf 90' lang='lat' dir='ltr'>personarum,</span> <span class='ocrx_word' id='word_1_222' title='bbox 976 2121 1088 2180; x_wconf 89' lang='lat' dir='ltr'>scilicet</span> <span class='ocrx_word' id='word_1_223' title='bbox 1103 2123 1190 2179; x_wconf 91' lang='lat' dir='ltr'>maris</span> <span class='ocrx_word' id='word_1_224' title='bbox 1205 2123 1234 2178; x_wconf 91' lang='lat' dir='ltr'>et</span> <span class='ocrx_word' id='word_1_225' title='bbox 1245 2122 1383 2190; x_wconf 87' lang='lat' dir='ltr'>ioeminae,</span> <span class='ocrx_word' id='word_1_226' title='bbox 1399 2121 1429 2176; x_wconf 89' lang='lat' dir='ltr'>et</span> <span class='ocrx_word' id='word_1_227' title='bbox 1443 2136 1481 2176; x_wconf 82' lang='lat' dir='ltr'>ex</span> <span class='ocrx_word' id='word_1_228' title='bbox 1579 2127 1580 2148; x_wconf 66' lang='lat'>¹</span> 
     </span>
     <span class='ocr_line' id='line_1_25' title="bbox 206 2197 708 2271; baseline 0.006 -18"><span class='ocrx_word' id='word_1_229' title='bbox 206 2201 287 2271; x_wconf 88' lang='lat' dir='ltr'>parte</span> <span class='ocrx_word' id='word_1_230' title='bbox 302 2197 453 2270; x_wconf 88' lang='lat' dir='ltr'>utriusque</span> <span class='ocrx_word' id='word_1_231' title='bbox 467 2201 602 2271; x_wconf 86' lang='lat' dir='ltr'>sequatur</span> <span class='ocrx_word' id='word_1_232' title='bbox 617 2200 708 2256; x_wconf 89' lang='lat' dir='ltr'>actus.</span> 
     </span>
    </p>
   </div>
   <div class='ocr_carea' id='block_1_9' title="bbox 205 2291 1580 2605">
    <p class='ocr_par' dir='ltr' id='par_1_9' title="bbox 205 2291 1580 2605">
     <span class='ocr_line' id='line_1_26' title="bbox 241 2291 1580 2368; baseline 0.003 -20"><span class='ocrx_word' id='word_1_233' title='bbox 241 2291 286 2349; x_wconf 70' lang='grc'>43.</span> <span class='ocrx_word' id='word_1_234' title='bbox 302 2295 378 2349; x_wconf 86' lang='lat' dir='ltr'>Deus</span> <span class='ocrx_word' id='word_1_235' title='bbox 397 2293 549 2367; x_wconf 87' lang='lat' dir='ltr'>praeteritis</span> <span class='ocrx_word' id='word_1_236' title='bbox 569 2293 683 2351; x_wconf 86' lang='lat' dir='ltr'>saeculis</span> <span class='ocrx_word' id='word_1_237' title='bbox 703 2296 817 2352; x_wconf 88' lang='lat' dir='ltr'>sanctos</span> <span class='ocrx_word' id='word_1_238' title='bbox 836 2294 978 2352; x_wconf 87' lang='lat' dir='ltr'>alliciebat</span> <span class='ocrx_word' id='word_1_239' title='bbox 998 2299 1183 2368; x_wconf 85' lang='lat' dir='ltr'>tyrannorum</span> <span class='ocrx_word' id='word_1_240' title='bbox 1206 2296 1387 2353; x_wconf 84' lang='lat' dir='ltr'>ministerio:</span> <span class='ocrx_word' id='word_1_241' title='bbox 1401 2311 1481 2352; x_wconf 89' lang='lat' dir='ltr'>nunc</span> <span class='ocrx_word' id='word_1_242' title='bbox 1579 2319 1580 2362; x_wconf 67' lang='lat' dir='ltr'>r</span> 
     </span>
     <span class='ocr_line' id='line_1_27' title="bbox 206 2373 1580 2449; baseline 0.001 -19"><span class='ocrx_word' id='word_1_243' title='bbox 206 2389 274 2431; x_wconf 90' lang='lat' dir='ltr'>vero</span> <span class='ocrx_word' id='word_1_244' title='bbox 292 2389 341 2430; x_wconf 91' lang='lat' dir='ltr'>eos</span> <span class='ocrx_word' id='word_1_245' title='bbox 361 2373 449 2430; x_wconf 86' lang='lat' dir='ltr'>elficit</span> <span class='ocrx_word' id='word_1_246' title='bbox 470 2378 583 2431; x_wconf 86' lang='lat' dir='ltr'>sanctos</span> <span class='ocrx_word' id='word_1_247' title='bbox 601 2374 762 2431; x_wconf 88' lang='lat' dir='ltr'>ministerio</span> <span class='ocrx_word' id='word_1_248' title='bbox 781 2375 956 2446; x_wconf 75' lang='lat' dir='ltr'>daemonum,</span> <span class='ocrx_word' id='word_1_249' title='bbox 977 2377 1027 2449; x_wconf 92' lang='lat' dir='ltr'>qui</span> <span class='ocrx_word' id='word_1_250' title='bbox 1045 2377 1190 2434; x_wconf 88' lang='lat' dir='ltr'>causando</span> <span class='ocrx_word' id='word_1_251' title='bbox 1211 2377 1240 2432; x_wconf 92' lang='lat' dir='ltr'>in</span> <span class='ocrx_word' id='word_1_252' title='bbox 1260 2377 1304 2433; x_wconf 89' lang='lat' dir='ltr'>eis</span> <span class='ocrx_word' id='word_1_253' title='bbox 1326 2375 1480 2449; x_wconf 84' lang='lat' dir='ltr'>praedictas</span> <span class='ocrx_word' id='word_1_254' title='bbox 1579 2399 1580 2426; x_wconf 68' lang='lat' dir='ltr'>r</span> 
     </span>
     <span class='ocr_line' id='line_1_28' title="bbox 205 2451 1580 2538; baseline -0.003 -28"><span class='ocrx_word' id='word_1_255' title='bbox 205 2451 369 2524; x_wconf 83' lang='lat' dir='ltr'>violentias,</span> <span class='ocrx_word' id='word_1_256' title='bbox 379 2453 447 2510; x_wconf 89' lang='lat' dir='ltr'>lacit</span> <span class='ocrx_word' id='word_1_257' title='bbox 460 2461 492 2509; x_wconf 90' lang='lat' dir='ltr'>ut</span> <span class='ocrx_word' id='word_1_258' title='bbox 505 2452 548 2510; x_wconf 93' lang='lat' dir='ltr'>illi</span> <span class='ocrx_word' id='word_1_259' title='bbox 563 2455 673 2528; x_wconf 86' lang='lat' dir='ltr'>seipsos</span> <span class='ocrx_word' id='word_1_260' title='bbox 684 2454 776 2526; x_wconf 82' lang='lat' dir='ltr'>magis</span> <span class='ocrx_word' id='word_1_261' title='bbox 791 2455 950 2528; x_wconf 89' lang='lat' dir='ltr'>despiciant</span> <span class='ocrx_word' id='word_1_262' title='bbox 964 2457 1049 2529; x_wconf 87' lang='lat' dir='ltr'>atque</span> <span class='ocrx_word' id='word_1_263' title='bbox 1061 2455 1232 2538; x_wconf 81' lang='lat' dir='ltr'>annihilent,</span> <span class='ocrx_word' id='word_1_264' title='bbox 1244 2457 1272 2511; x_wconf 89' lang='lat' dir='ltr'>et</span> <span class='ocrx_word' id='word_1_265' title='bbox 1287 2472 1318 2511; x_wconf 92' lang='lat' dir='ltr'>se</span> <span class='ocrx_word' id='word_1_266' title='bbox 1333 2459 1391 2512; x_wconf 89' lang='lat' dir='ltr'>Deo</span> <span class='ocrx_word' id='word_1_267' title='bbox 1406 2455 1481 2512; x_wconf 91' lang='lat' dir='ltr'>resi·</span> <span class='ocrx_word' id='word_1_268' title='bbox 1579 2489 1580 2506; x_wconf 50' lang='lat' dir='ltr'>r</span> 
     </span>
     <span class='ocr_line' id='line_1_29' title="bbox 205 2538 302 2605; baseline 0.021 -17"><span class='ocrx_word' id='word_1_269' title='bbox 205 2538 302 2605; x_wconf 82' lang='lat' dir='ltr'>gnent.</span> 
     </span>
    </p>
   </div>
   <div class='ocr_carea' id='block_1_10' title="bbox 205 2597 1580 2759">
    <p class='ocr_par' dir='ltr' id='par_1_10' title="bbox 205 2597 1580 2759">
     <span class='ocr_line' id='line_1_30' title="bbox 226 2597 1580 2758; baseline 0.001 -82"><span class='ocrx_word' id='word_1_270' title='bbox 226 2621 347 2758; x_wconf 44' lang='grc' dir='ltr'>ο414181)</span> <span class='ocrx_word' id='word_1_271' title='bbox 359 2620 577 2695; x_wconf 78' lang='lat' dir='ltr'>blasphemavit,</span> <span class='ocrx_word' id='word_1_272' title='bbox 591 2623 620 2678; x_wconf 91' lang='lat' dir='ltr'>et</span> <span class='ocrx_word' id='word_1_273' title='bbox 630 2623 726 2679; x_wconf 90' lang='lat' dir='ltr'>tamen</span> <span class='ocrx_word' id='word_1_274' title='bbox 740 2638 796 2679; x_wconf 90' lang='lat' dir='ltr'>nou</span> <span class='ocrx_word' id='word_1_275' title='bbox 810 2623 938 2696; x_wconf 85' lang='lat' dir='ltr'>peccavit</span> <span class='ocrx_word' id='word_1_276' title='bbox 950 2622 1035 2682; x_wconf 89' lang='lat' dir='ltr'>labiis</span> <span class='ocrx_word' id='word_1_277' title='bbox 1050 2623 1112 2680; x_wconf 90' lang='lat' dir='ltr'>suis</span> <span class='ocrx_word' id='word_1_278' title='bbox 1124 2642 1131 2681; x_wconf 74' lang='grc' dir='ltr'><strong>ε</strong></span> <span class='ocrx_word' id='word_1_279' title='bbox 1143 2624 1211 2697; x_wconf 88' lang='lat' dir='ltr'>quia</span> <span class='ocrx_word' id='word_1_280' title='bbox 1222 2623 1276 2679; x_wconf 85' lang='lat' dir='ltr'>luit</span> <span class='ocrx_word' id='word_1_281' title='bbox 1290 2637 1325 2678; x_wconf 82' lang='lat' dir='ltr'>ex</span> <span class='ocrx_word' id='word_1_282' title='bbox 1334 2621 1478 2678; x_wconf 90' lang='lat' dir='ltr'>doemonis</span> <span class='ocrx_word' id='word_1_283' title='bbox 1579 2597 1580 2644; x_wconf 25' lang='grc' dir='ltr'>ἦ</span> 
     </span>
     <span class='ocr_line' id='line_1_31' title="bbox 205 2717 352 2759; baseline 0 -1"><span class='ocrx_word' id='word_1_284' title='bbox 205 2717 251 2758; x_wconf 87' lang='lat' dir='ltr'>vro</span> <span class='ocrx_word' id='word_1_285' title='bbox 264 2717 301 2759; x_wconf 84' lang='lat' dir='ltr'>en</span> <span class='ocrx_word' id='word_1_286' title='bbox 314 2717 352 2758; x_wconf 90' lang='lat' dir='ltr'>ra.</span> 
     </span>
    </p>
   </div>
   <div class='ocr_carea' id='block_1_11' title="bbox 204 2759 1580 3127">
    <p class='ocr_par' dir='ltr' id='par_1_11' title="bbox 204 2759 1580 3127">
     <span class='ocr_line' id='line_1_32' title="bbox 240 2759 1580 2871; baseline 0.001 -19"><span class='ocrx_word' id='word_1_287' title='bbox 240 2794 287 2853; x_wconf 81' lang='lat' dir='ltr'>rs.</span> <span class='ocrx_word' id='word_1_288' title='bbox 298 2797 420 2854; x_wconf 87' lang='lat' dir='ltr'>Sanctus</span> <span class='ocrx_word' id='word_1_289' title='bbox 433 2797 540 2854; x_wconf 86' lang='lat' dir='ltr'>Paulus</span> <span class='ocrx_word' id='word_1_290' title='bbox 553 2798 718 2870; x_wconf 86' lang='lat' dir='ltr'>hujusmodi</span> <span class='ocrx_word' id='word_1_291' title='bbox 731 2797 868 2855; x_wconf 82' lang='lat' dir='ltr'>daemonis</span> <span class='ocrx_word' id='word_1_292' title='bbox 883 2797 1036 2855; x_wconf 88' lang='lat' dir='ltr'>violentias</span> <span class='ocrx_word' id='word_1_293' title='bbox 1050 2799 1079 2856; x_wconf 91' lang='lat' dir='ltr'>iu</span> <span class='ocrx_word' id='word_1_294' title='bbox 1094 2815 1146 2856; x_wconf 91' lang='lat' dir='ltr'>suo</span> <span class='ocrx_word' id='word_1_295' title='bbox 1161 2813 1276 2871; x_wconf 89' lang='lat' dir='ltr'>corpore</span> <span class='ocrx_word' id='word_1_296' title='bbox 1289 2813 1394 2870; x_wconf 88' lang='lat' dir='ltr'>passus</span> <span class='ocrx_word' id='word_1_297' title='bbox 1409 2799 1477 2854; x_wconf 87' lang='lat' dir='ltr'>est:</span> <span class='ocrx_word' id='word_1_298' title='bbox 1579 2759 1580 2808; x_wconf 28' lang='grc' dir='ltr'>ἕ</span> 
     </span>
     <span class='ocr_line' id='line_1_33' title="bbox 205 2874 1580 3012; baseline 0.002 -83"><span class='ocrx_word' id='word_1_299' title='bbox 205 2874 286 3012; x_wconf 53' lang='lat' dir='ltr'>upgiie]</span> <span class='ocrx_word' id='word_1_300' title='bbox 296 2877 410 2951; x_wconf 90' lang='lat' dir='ltr'>scripsit</span> <span class='ocrx_word' id='word_1_301' title='bbox 423 2898 430 2933; x_wconf 92' lang='lat'><strong>:</strong></span> <span class='ocrx_word' id='word_1_302' title='bbox 445 2877 517 2936; x_wconf 81' lang='lat' dir='ltr'>Nou</span> <span class='ocrx_word' id='word_1_303' title='bbox 529 2877 608 2951; x_wconf 79' lang='lat' dir='ltr'>qood</span> <span class='ocrx_word' id='word_1_304' title='bbox 626 2877 690 2934; x_wconf 86' lang='lat' dir='ltr'>eolo</span> <span class='ocrx_word' id='word_1_305' title='bbox 707 2877 834 2949; x_wconf 79' lang='lat' dir='ltr'>bouem,</span> <span class='ocrx_word' id='word_1_306' title='bbox 849 2878 903 2935; x_wconf 86' lang='lat' dir='ltr'>boc</span> <span class='ocrx_word' id='word_1_307' title='bbox 922 2895 977 2951; x_wconf 75' lang='lat' dir='ltr'>apo</span> <span class='ocrx_word' id='word_1_308' title='bbox 989 2897 998 2932; x_wconf 93' lang='grc'>.·</span> <span class='ocrx_word' id='word_1_309' title='bbox 1010 2880 1078 2946; x_wconf 78' lang='lat' dir='ltr'>scd,</span> <span class='ocrx_word' id='word_1_310' title='bbox 1097 2878 1177 2952; x_wconf 82' lang='lat' dir='ltr'>quod</span> <span class='ocrx_word' id='word_1_311' title='bbox 1190 2875 1258 2935; x_wconf 80' lang='lat' dir='ltr'>nolo</span> <span class='ocrx_word' id='word_1_312' title='bbox 1275 2875 1407 2944; x_wconf 64' lang='lat' dir='ltr'>wem,</span> <span class='ocrx_word' id='word_1_313' title='bbox 1422 2875 1479 2933; x_wconf 85' lang='lat' dir='ltr'>hoc</span> <span class='ocrx_word' id='word_1_314' title='bbox 1579 2911 1580 2986; x_wconf 38' lang='lat' dir='ltr'>p</span> 
     </span>
     <span class='ocr_line' id='line_1_34' title="bbox 204 2955 1478 3127; baseline 0 -22"><span class='ocrx_word' id='word_1_315' title='bbox 204 2955 284 3107; x_wconf 57' lang='lat' dir='ltr'>flii.</span> <span class='ocrx_word' id='word_1_316' title='bbox 301 3052 471 3122; x_wconf 73' lang='lat' dir='ltr'>Huiusmodi</span> <span class='ocrx_word' id='word_1_317' title='bbox 492 3050 637 3108; x_wconf 81' lang='lat' dir='ltr'>violentiae</span> <span class='ocrx_word' id='word_1_318' title='bbox 656 3055 724 3110; x_wconf 85' lang='lat' dir='ltr'>sunt</span> <span class='ocrx_word' id='word_1_319' title='bbox 743 3052 870 3110; x_wconf 89' lang='lat' dir='ltr'>medium</span> <span class='ocrx_word' id='word_1_320' title='bbox 885 3054 975 3125; x_wconf 77' lang='lat' dir='ltr'>magis</span> <span class='ocrx_word' id='word_1_321' title='bbox 995 3054 1237 3127; x_wconf 89' lang='lat' dir='ltr'>proportionatum</span> <span class='ocrx_word' id='word_1_322' title='bbox 1256 3053 1292 3109; x_wconf 91' lang='lat' dir='ltr'>ad</span> <span class='ocrx_word' id='word_1_323' title='bbox 1310 3051 1478 3108; x_wconf 90' lang='lat' dir='ltr'>annihilan-</span> 
     </span>
    </p>
   </div>
   <div class='ocr_carea' id='block_1_12' title="bbox 204 3129 1580 3284">
    <p class='ocr_par' dir='ltr' id='par_1_12' title="bbox 204 3129 1580 3284">
     <span class='ocr_line' id='line_1_35' title="bbox 205 3129 1580 3206; baseline 0.001 -20"><span class='ocrx_word' id='word_1_324' title='bbox 205 3129 271 3186; x_wconf 92' lang='lat' dir='ltr'>dam</span> <span class='ocrx_word' id='word_1_325' title='bbox 284 3130 425 3200; x_wconf 87' lang='lat' dir='ltr'>animam,</span> <span class='ocrx_word' id='word_1_326' title='bbox 438 3133 468 3188; x_wconf 88' lang='lat' dir='ltr'>et</span> <span class='ocrx_word' id='word_1_327' title='bbox 481 3132 593 3188; x_wconf 88' lang='lat' dir='ltr'>adeam</span> <span class='ocrx_word' id='word_1_328' title='bbox 607 3132 643 3188; x_wconf 92' lang='lat' dir='ltr'>ad</span> <span class='ocrx_word' id='word_1_329' title='bbox 658 3149 754 3189; x_wconf 88' lang='lat' dir='ltr'>veram</span> <span class='ocrx_word' id='word_1_330' title='bbox 769 3132 1047 3189; x_wconf 81' lang='lat' dir='ltr'>transformationem</span> <span class='ocrx_word' id='word_1_331' title='bbox 1061 3135 1090 3190; x_wconf 81' lang='lat' dir='ltr'>el</span> <span class='ocrx_word' id='word_1_332' title='bbox 1103 3133 1238 3191; x_wconf 89' lang='lat' dir='ltr'>unionem</span> <span class='ocrx_word' id='word_1_333' title='bbox 1252 3131 1477 3206; x_wconf 89' lang='lat' dir='ltr'>perducendam,</span> <span class='ocrx_word' id='word_1_334' title='bbox 1579 3139 1580 3200; x_wconf 60' lang='lat' dir='ltr'>l</span> 
     </span>
     <span class='ocr_line' id='line_1_36' title="bbox 204 3207 1580 3284; baseline 0.001 -16"><span class='ocrx_word' id='word_1_335' title='bbox 204 3225 257 3268; x_wconf 90' lang='lat' dir='ltr'>nec</span> <span class='ocrx_word' id='word_1_336' title='bbox 271 3207 329 3266; x_wconf 91' lang='lat' dir='ltr'>alia</span> <span class='ocrx_word' id='word_1_337' title='bbox 343 3212 475 3284; x_wconf 88' lang='lat' dir='ltr'>superest</span> <span class='ocrx_word' id='word_1_338' title='bbox 485 3212 532 3268; x_wconf 90' lang='lat' dir='ltr'>via</span> <span class='ocrx_word' id='word_1_339' title='bbox 543 3231 550 3268; x_wconf 92' lang='lat'>:</span> <span class='ocrx_word' id='word_1_340' title='bbox 562 3213 590 3268; x_wconf 90' lang='lat' dir='ltr'>et</span> <span class='ocrx_word' id='word_1_341' title='bbox 603 3211 664 3268; x_wconf 76' lang='lat' dir='ltr'>baro</span> <span class='ocrx_word' id='word_1_342' title='bbox 678 3215 723 3269; x_wconf 87' lang='lat' dir='ltr'>est</span> <span class='ocrx_word' id='word_1_343' title='bbox 737 3212 784 3268; x_wconf 91' lang='lat' dir='ltr'>via</span> <span class='ocrx_word' id='word_1_344' title='bbox 801 3213 911 3269; x_wconf 79' lang='lat' dir='ltr'>facilior</span> <span class='ocrx_word' id='word_1_345' title='bbox 927 3215 957 3269; x_wconf 90' lang='lat' dir='ltr'>et</span> <span class='ocrx_word' id='word_1_346' title='bbox 974 3213 1072 3269; x_wconf 87' lang='lat' dir='ltr'>tutior.</span> <span class='ocrx_word' id='word_1_347' title='bbox 1579 3221 1580 3238; x_wconf 66' lang='lat'>¹</span> 
     </span>
    </p>
   </div>
   <div class='ocr_carea' id='block_1_13' title="bbox 202 3305 1580 3942">
    <p class='ocr_par' dir='ltr' id='par_1_13' title="bbox 202 3305 1580 3942">
     <span class='ocr_line' id='line_1_37' title="bbox 239 3305 1580 3384; baseline 0 -20"><span class='ocrx_word' id='word_1_348' title='bbox 239 3307 284 3364; x_wconf 79' lang='lat' dir='ltr'>ll.</span> <span class='ocrx_word' id='word_1_349' title='bbox 298 3307 367 3366; x_wconf 89' lang='lat' dir='ltr'>Cum</span> <span class='ocrx_word' id='word_1_350' title='bbox 389 3305 555 3381; x_wconf 90' lang='lat' dir='ltr'>hujusmodi</span> <span class='ocrx_word' id='word_1_351' title='bbox 569 3309 712 3367; x_wconf 80' lang='lat' dir='ltr'>violentiae</span> <span class='ocrx_word' id='word_1_352' title='bbox 731 3310 897 3379; x_wconf 88' lang='lat' dir='ltr'>occurrunt,</span> <span class='ocrx_word' id='word_1_353' title='bbox 914 3309 1008 3367; x_wconf 90' lang='lat' dir='ltr'>sinere</span> <span class='ocrx_word' id='word_1_354' title='bbox 1021 3309 1132 3384; x_wconf 89' lang='lat' dir='ltr'>oportet</span> <span class='ocrx_word' id='word_1_355' title='bbox 1145 3310 1178 3366; x_wconf 82' lang='lat' dir='ltr'>ut</span> <span class='ocrx_word' id='word_1_356' title='bbox 1195 3311 1311 3366; x_wconf 88' lang='lat' dir='ltr'>satanas</span> <span class='ocrx_word' id='word_1_357' title='bbox 1330 3309 1476 3383; x_wconf 89' lang='lat' dir='ltr'>operetur,</span> <span class='ocrx_word' id='word_1_358' title='bbox 1579 3317 1580 3378; x_wconf 69' lang='lat' dir='ltr'>l</span> 
     </span>
     <span class='ocr_line' id='line_1_38' title="bbox 202 3385 1580 3464; baseline 0.001 -20"><span class='ocrx_word' id='word_1_359' title='bbox 202 3385 313 3444; x_wconf 90' lang='lat' dir='ltr'>nullam</span> <span class='ocrx_word' id='word_1_360' title='bbox 337 3387 497 3444; x_wconf 90' lang='lat' dir='ltr'>adhibendo</span> <span class='ocrx_word' id='word_1_361' title='bbox 519 3387 692 3446; x_wconf 87' lang='lat' dir='ltr'>industriam</span> <span class='ocrx_word' id='word_1_362' title='bbox 714 3389 882 3462; x_wconf 91' lang='lat' dir='ltr'>nullumque</span> <span class='ocrx_word' id='word_1_363' title='bbox 904 3390 1048 3464; x_wconf 90' lang='lat' dir='ltr'>proprium</span> <span class='ocrx_word' id='word_1_364' title='bbox 1071 3392 1217 3460; x_wconf 85' lang='lat' dir='ltr'>conatum,</span> <span class='ocrx_word' id='word_1_365' title='bbox 1238 3390 1287 3447; x_wconf 91' lang='lat' dir='ltr'>sed</span> <span class='ocrx_word' id='word_1_366' title='bbox 1307 3405 1479 3462; x_wconf 89' lang='lat' dir='ltr'>permanere</span> <span class='ocrx_word' id='word_1_367' title='bbox 1579 3387 1580 3426; x_wconf 36' lang='grc' dir='ltr'>ἕ</span> 
     </span>
     <span class='ocr_line' id='line_1_39' title="bbox 202 3467 1580 3549; baseline 0.001 -26"><span class='ocrx_word' id='word_1_368' title='bbox 202 3467 288 3525; x_wconf 90' lang='lat' dir='ltr'>debet</span> <span class='ocrx_word' id='word_1_369' title='bbox 307 3467 392 3524; x_wconf 92' lang='lat' dir='ltr'>bomo</span> <span class='ocrx_word' id='word_1_370' title='bbox 405 3467 437 3524; x_wconf 89' lang='lat' dir='ltr'>in</span> <span class='ocrx_word' id='word_1_371' title='bbox 451 3484 504 3525; x_wconf 91' lang='lat' dir='ltr'>suo</span> <span class='ocrx_word' id='word_1_372' title='bbox 526 3468 635 3527; x_wconf 87' lang='lat' dir='ltr'>nihilo:</span> <span class='ocrx_word' id='word_1_373' title='bbox 651 3470 680 3527; x_wconf 88' lang='lat' dir='ltr'>et</span> <span class='ocrx_word' id='word_1_374' title='bbox 701 3469 815 3526; x_wconf 87' lang='lat' dir='ltr'>etiamsi</span> <span class='ocrx_word' id='word_1_375' title='bbox 836 3470 992 3542; x_wconf 85' lang='lat' dir='ltr'>sequantur</span> <span class='ocrx_word' id='word_1_376' title='bbox 1010 3468 1182 3545; x_wconf 87' lang='lat' dir='ltr'>pollutiones</span> <span class='ocrx_word' id='word_1_377' title='bbox 1200 3473 1230 3526; x_wconf 83' lang='lat' dir='ltr'>et</span> <span class='ocrx_word' id='word_1_378' title='bbox 1250 3472 1331 3526; x_wconf 91' lang='lat' dir='ltr'>actus</span> <span class='ocrx_word' id='word_1_379' title='bbox 1351 3468 1478 3526; x_wconf 76' lang='lat' dir='ltr'>obscaeni</span> <span class='ocrx_word' id='word_1_380' title='bbox 1579 3503 1580 3549; x_wconf 52' lang='lat'>,</span> 
     </span>
     <span class='ocr_line' id='line_1_40' title="bbox 203 3546 1477 3624; baseline 0.002 -22"><span class='ocrx_word' id='word_1_381' title='bbox 203 3547 326 3621; x_wconf 90' lang='lat' dir='ltr'>propriis</span> <span class='ocrx_word' id='word_1_382' title='bbox 345 3546 488 3618; x_wconf 87' lang='lat' dir='ltr'>manibus,</span> <span class='ocrx_word' id='word_1_383' title='bbox 504 3550 534 3606; x_wconf 91' lang='lat' dir='ltr'>et</span> <span class='ocrx_word' id='word_1_384' title='bbox 545 3551 631 3606; x_wconf 89' lang='lat' dir='ltr'>etiam</span> <span class='ocrx_word' id='word_1_385' title='bbox 645 3551 752 3624; x_wconf 85' lang='lat' dir='ltr'>pejora,</span> <span class='ocrx_word' id='word_1_386' title='bbox 763 3565 820 3606; x_wconf 91' lang='lat' dir='ltr'>non</span> <span class='ocrx_word' id='word_1_387' title='bbox 838 3565 910 3623; x_wconf 94' lang='lat' dir='ltr'>opus</span> <span class='ocrx_word' id='word_1_388' title='bbox 925 3553 970 3606; x_wconf 90' lang='lat' dir='ltr'>est</span> <span class='ocrx_word' id='word_1_389' title='bbox 985 3565 1016 3606; x_wconf 90' lang='lat' dir='ltr'>se</span> <span class='ocrx_word' id='word_1_390' title='bbox 1031 3551 1125 3623; x_wconf 90' lang='lat' dir='ltr'>ipsum</span> <span class='ocrx_word' id='word_1_391' title='bbox 1143 3550 1313 3623; x_wconf 86' lang='lat' dir='ltr'>inquietare,</span> <span class='ocrx_word' id='word_1_392' title='bbox 1330 3549 1381 3606; x_wconf 91' lang='lat' dir='ltr'>sed</span> <span class='ocrx_word' id='word_1_393' title='bbox 1399 3549 1477 3605; x_wconf 86' lang='lat' dir='ltr'>iores</span> 
     </span>
     <span class='ocr_line' id='line_1_41' title="bbox 204 3627 1580 3703; baseline 0.001 -21"><span class='ocrx_word' id='word_1_394' title='bbox 204 3627 352 3685; x_wconf 88' lang='lat' dir='ltr'>emittendi</span> <span class='ocrx_word' id='word_1_395' title='bbox 372 3631 439 3685; x_wconf 87' lang='lat' dir='ltr'>sunt</span> <span class='ocrx_word' id='word_1_396' title='bbox 460 3630 604 3703; x_wconf 89' lang='lat' dir='ltr'>scrupuli,</span> <span class='ocrx_word' id='word_1_397' title='bbox 622 3630 724 3700; x_wconf 90' lang='lat' dir='ltr'>dubia,</span> <span class='ocrx_word' id='word_1_398' title='bbox 737 3630 766 3686; x_wconf 91' lang='lat' dir='ltr'>et</span> <span class='ocrx_word' id='word_1_399' title='bbox 785 3629 902 3686; x_wconf 86' lang='lat' dir='ltr'>timores</span> <span class='ocrx_word' id='word_1_400' title='bbox 915 3651 922 3686; x_wconf 92' lang='lat'>:</span> <span class='ocrx_word' id='word_1_401' title='bbox 933 3629 1000 3703; x_wconf 87' lang='lat' dir='ltr'>quia</span> <span class='ocrx_word' id='word_1_402' title='bbox 1018 3630 1115 3686; x_wconf 89' lang='lat' dir='ltr'>anima</span> <span class='ocrx_word' id='word_1_403' title='bbox 1133 3629 1165 3686; x_wconf 89' lang='lat' dir='ltr'>tit</span> <span class='ocrx_word' id='word_1_404' title='bbox 1186 3631 1278 3702; x_wconf 79' lang='lat' dir='ltr'>magis</span> <span class='ocrx_word' id='word_1_405' title='bbox 1293 3628 1476 3698; x_wconf 89' lang='lat' dir='ltr'>illuminata,</span> <span class='ocrx_word' id='word_1_406' title='bbox 1579 3629 1580 3694; x_wconf 48' lang='lat' dir='ltr'>i</span> 
     </span>
     <span class='ocr_line' id='line_1_42' title="bbox 204 3707 1580 3784; baseline 0.001 -21"><span class='ocrx_word' id='word_1_407' title='bbox 204 3709 296 3778; x_wconf 81' lang='lat' dir='ltr'>magis</span> <span class='ocrx_word' id='word_1_408' title='bbox 311 3707 455 3777; x_wconf 87' lang='lat' dir='ltr'>roborata,</span> <span class='ocrx_word' id='word_1_409' title='bbox 470 3709 620 3781; x_wconf 78' lang='lat' dir='ltr'>magisque</span> <span class='ocrx_word' id='word_1_410' title='bbox 633 3710 768 3781; x_wconf 89' lang='lat' dir='ltr'>candida,</span> <span class='ocrx_word' id='word_1_411' title='bbox 784 3710 814 3766; x_wconf 77' lang='lat' dir='ltr'>ct</span> <span class='ocrx_word' id='word_1_412' title='bbox 830 3709 987 3782; x_wconf 87' lang='lat' dir='ltr'>acquiritur</span> <span class='ocrx_word' id='word_1_413' title='bbox 1002 3711 1100 3766; x_wconf 88' lang='lat' dir='ltr'>sancta</span> <span class='ocrx_word' id='word_1_414' title='bbox 1112 3709 1241 3768; x_wconf 90' lang='lat' dir='ltr'>libertas.</span> <span class='ocrx_word' id='word_1_415' title='bbox 1259 3711 1294 3767; x_wconf 87' lang='lat' dir='ltr'>lit</span> <span class='ocrx_word' id='word_1_416' title='bbox 1310 3725 1370 3784; x_wconf 85' lang='lat' dir='ltr'>prae</span> <span class='ocrx_word' id='word_1_417' title='bbox 1388 3709 1479 3766; x_wconf 90' lang='lat' dir='ltr'>omni·</span> <span class='ocrx_word' id='word_1_418' title='bbox 1579 3711 1580 3782; x_wconf 57' lang='lat' dir='ltr'>l</span> 
     </span>
     <span class='ocr_line' id='line_1_43' title="bbox 203 3785 1478 3863; baseline 0.004 -23"><span class='ocrx_word' id='word_1_419' title='bbox 203 3785 257 3841; x_wconf 83' lang='lat' dir='ltr'>bur</span> <span class='ocrx_word' id='word_1_420' title='bbox 269 3804 326 3845; x_wconf 92' lang='lat' dir='ltr'>non</span> <span class='ocrx_word' id='word_1_421' title='bbox 340 3803 412 3862; x_wconf 86' lang='lat' dir='ltr'>opus</span> <span class='ocrx_word' id='word_1_422' title='bbox 426 3789 472 3844; x_wconf 87' lang='lat' dir='ltr'>est</span> <span class='ocrx_word' id='word_1_423' title='bbox 483 3787 543 3844; x_wconf 83' lang='lat' dir='ltr'>haec</span> <span class='ocrx_word' id='word_1_424' title='bbox 558 3789 697 3859; x_wconf 82' lang='lat' dir='ltr'>confiteri,</span> <span class='ocrx_word' id='word_1_425' title='bbox 709 3791 739 3846; x_wconf 90' lang='lat' dir='ltr'>et</span> <span class='ocrx_word' id='word_1_426' title='bbox 751 3789 933 3845; x_wconf 87' lang='lat' dir='ltr'>sanctissime</span> <span class='ocrx_word' id='word_1_427' title='bbox 948 3789 981 3844; x_wconf 90' lang='lat' dir='ltr'>lit</span> <span class='ocrx_word' id='word_1_428' title='bbox 994 3804 1051 3847; x_wconf 91' lang='lat' dir='ltr'>non</span> <span class='ocrx_word' id='word_1_429' title='bbox 1062 3789 1221 3846; x_wconf 87' lang='lat' dir='ltr'>confitendo</span> <span class='ocrx_word' id='word_1_430' title='bbox 1232 3811 1239 3846; x_wconf 74' lang='grc' dir='ltr'><strong><em>ε</em></strong></span> <span class='ocrx_word' id='word_1_431' title='bbox 1250 3789 1382 3862; x_wconf 88' lang='lat' dir='ltr'>quiahoc</span> <span class='ocrx_word' id='word_1_432' title='bbox 1392 3790 1478 3863; x_wconf 90' lang='lat' dir='ltr'>pacto</span> 
     </span>
     <span class='ocr_line' id='line_1_44' title="bbox 204 3867 1580 3942; baseline 0.004 -23"><span class='ocrx_word' id='word_1_433' title='bbox 204 3869 355 3938; x_wconf 87' lang='lat' dir='ltr'>superatur</span> <span class='ocrx_word' id='word_1_434' title='bbox 372 3867 496 3938; x_wconf 83' lang='lat' dir='ltr'>daemon,</span> <span class='ocrx_word' id='word_1_435' title='bbox 509 3868 539 3924; x_wconf 85' lang='lat' dir='ltr'>et</span> <span class='ocrx_word' id='word_1_436' title='bbox 552 3868 708 3941; x_wconf 87' lang='lat' dir='ltr'>acquiritur</span> <span class='ocrx_word' id='word_1_437' title='bbox 721 3869 875 3926; x_wconf 85' lang='lat' dir='ltr'>thesaurus</span> <span class='ocrx_word' id='word_1_438' title='bbox 889 3867 979 3942; x_wconf 90' lang='lat' dir='ltr'>pacis.</span> <span class='ocrx_word' id='word_1_439' title='bbox 1579 3873 1580 3902; x_wconf 74' lang='lat'>³</span> 
     </span>
    </p>
   </div>
   <div class='ocr_carea' id='block_1_14' title="bbox 204 3957 1580 4119">
    <p class='ocr_par' dir='ltr' id='par_1_14' title="bbox 204 3923 1580 4119">
     <span class='ocr_line' id='line_1_45' title="bbox 238 3957 1477 4039; baseline 0.006 -24"><span class='ocrx_word' id='word_1_440' title='bbox 238 3957 283 4016; x_wconf 65' lang='lat'>48.</span> <span class='ocrx_word' id='word_1_441' title='bbox 300 3963 434 4036; x_wconf 86' lang='lat' dir='ltr'>Satanas,</span> <span class='ocrx_word' id='word_1_442' title='bbox 451 3965 498 4039; x_wconf 90' lang='lat' dir='ltr'>qui</span> <span class='ocrx_word' id='word_1_443' title='bbox 513 3964 677 4037; x_wconf 85' lang='lat' dir='ltr'>hujusmodi</span> <span class='ocrx_word' id='word_1_444' title='bbox 692 3964 843 4022; x_wconf 89' lang='lat' dir='ltr'>violentias</span> <span class='ocrx_word' id='word_1_445' title='bbox 862 3963 962 4034; x_wconf 81' lang='lat' dir='ltr'>inient,</span> <span class='ocrx_word' id='word_1_446' title='bbox 979 3964 1079 4022; x_wconf 90' lang='lat' dir='ltr'>suadet</span> <span class='ocrx_word' id='word_1_447' title='bbox 1098 3965 1201 4023; x_wconf 89' lang='lat' dir='ltr'>deinde</span> <span class='ocrx_word' id='word_1_448' title='bbox 1215 3966 1313 4037; x_wconf 68' lang='lat' dir='ltr'>graue</span> <span class='ocrx_word' id='word_1_449' title='bbox 1326 3982 1393 4023; x_wconf 89' lang='lat' dir='ltr'>esse</span> <span class='ocrx_word' id='word_1_450' title='bbox 1405 3964 1477 4022; x_wconf 89' lang='lat' dir='ltr'>dcli·</span> 
     </span>
     <span class='ocr_line' id='line_1_46' title="bbox 204 4040 1580 4119; baseline 0.007 -25"><span class='ocrx_word' id='word_1_451' title='bbox 204 4040 259 4107; x_wconf 88' lang='lat' dir='ltr'>cta,</span> <span class='ocrx_word' id='word_1_452' title='bbox 269 4041 301 4095; x_wconf 87' lang='lat' dir='ltr'>ut</span> <span class='ocrx_word' id='word_1_453' title='bbox 314 4043 409 4102; x_wconf 85' lang='lat' dir='ltr'>anima</span> <span class='ocrx_word' id='word_1_454' title='bbox 423 4063 454 4103; x_wconf 89' lang='lat' dir='ltr'>se</span> <span class='ocrx_word' id='word_1_455' title='bbox 469 4044 617 4118; x_wconf 75' lang='lat' dir='ltr'>inquietet,</span> <span class='ocrx_word' id='word_1_456' title='bbox 630 4060 668 4100; x_wconf 90' lang='lat' dir='ltr'>ne</span> <span class='ocrx_word' id='word_1_457' title='bbox 680 4044 712 4100; x_wconf 94' lang='lat' dir='ltr'>in</span> <span class='ocrx_word' id='word_1_458' title='bbox 721 4045 769 4102; x_wconf 88' lang='lat' dir='ltr'>via</span> <span class='ocrx_word' id='word_1_459' title='bbox 783 4045 895 4102; x_wconf 86' lang='lat' dir='ltr'>interna</span> <span class='ocrx_word' id='word_1_460' title='bbox 904 4045 1027 4102; x_wconf 88' lang='lat' dir='ltr'>ulterius</span> <span class='ocrx_word' id='word_1_461' title='bbox 1040 4046 1237 4119; x_wconf 76' lang='lat' dir='ltr'>progrediatur</span> <span class='ocrx_word' id='word_1_462' title='bbox 1249 4065 1255 4102; x_wconf 93' lang='lat'>:</span> <span class='ocrx_word' id='word_1_463' title='bbox 1267 4047 1344 4103; x_wconf 90' lang='lat' dir='ltr'>unde</span> <span class='ocrx_word' id='word_1_464' title='bbox 1358 4045 1395 4103; x_wconf 91' lang='lat' dir='ltr'>ad</span> <span class='ocrx_word' id='word_1_465' title='bbox 1409 4046 1475 4118; x_wconf 89' lang='lat' dir='ltr'>ejus</span> <span class='ocrx_word' id='word_1_466' title='bbox 1579 4059 1580 4118; x_wconf 66' lang='lat' dir='ltr'>l</span> 
     </span>
    </p>
   </div>
   <div class='ocr_carea' id='block_1_15' title="bbox 202 4117 1580 4255">
    <p class='ocr_par' dir='ltr' id='par_1_15' title="bbox 202 4117 1580 4255">
     <span class='ocr_line' id='line_1_47' title="bbox 203 4117 1580 4252; baseline 0.005 -76"><span class='ocrx_word' id='word_1_467' title='bbox 203 4117 298 4252; x_wconf 78' lang='lat' dir='ltr'>viresal</span> <span class='ocrx_word' id='word_1_468' title='bbox 294 4125 469 4210; x_wconf 80' lang='lat' dir='ltr'>enervandas</span> <span class='ocrx_word' id='word_1_469' title='bbox 483 4125 587 4184; x_wconf 89' lang='lat' dir='ltr'>melius</span> <span class='ocrx_word' id='word_1_470' title='bbox 601 4127 647 4182; x_wconf 88' lang='lat' dir='ltr'>est</span> <span class='ocrx_word' id='word_1_471' title='bbox 661 4139 695 4181; x_wconf 87' lang='lat' dir='ltr'>ea</span> <span class='ocrx_word' id='word_1_472' title='bbox 708 4141 765 4182; x_wconf 90' lang='lat' dir='ltr'>non</span> <span class='ocrx_word' id='word_1_473' title='bbox 779 4125 907 4182; x_wconf 88' lang='lat' dir='ltr'>confiteri</span> <span class='ocrx_word' id='word_1_474' title='bbox 921 4125 1077 4199; x_wconf 88' lang='lat' dir='ltr'>:quianon</span> <span class='ocrx_word' id='word_1_475' title='bbox 1095 4127 1163 4184; x_wconf 90' lang='lat' dir='ltr'>sunt</span> <span class='ocrx_word' id='word_1_476' title='bbox 1174 4127 1301 4199; x_wconf 87' lang='lat' dir='ltr'>peccata,</span> <span class='ocrx_word' id='word_1_477' title='bbox 1317 4142 1371 4183; x_wconf 91' lang='lat' dir='ltr'>nec</span> <span class='ocrx_word' id='word_1_478' title='bbox 1385 4127 1475 4184; x_wconf 86' lang='lat' dir='ltr'>ctiam</span> <span class='ocrx_word' id='word_1_479' title='bbox 1579 4147 1580 4196; x_wconf 71' lang='lat' dir='ltr'>l</span> 
     </span>
     <span class='ocr_line' id='line_1_48' title="bbox 202 4211 338 4255; baseline 0.015 -2"><span class='ocrx_word' id='word_1_480' title='bbox 202 4211 268 4253; x_wconf 82' lang='lat' dir='ltr'>veni</span> <span class='ocrx_word' id='word_1_481' title='bbox 299 4214 338 4255; x_wconf 89' lang='lat' dir='ltr'>ra.</span> 
     </span>
    </p>
   </div>
   <div class='ocr_carea' id='block_1_16' title="bbox 238 4281 1580 4368">
    <p class='ocr_par' dir='ltr' id='par_1_16' title="bbox 238 4281 1580 4368">
     <span class='ocr_line' id='line_1_49' title="bbox 238 4281 1580 4368; baseline 0.013 -31"><span class='ocrx_word' id='word_1_482' title='bbox 238 4281 283 4339; x_wconf 78' lang='lat' dir='ltr'>lo.</span> <span class='ocrx_word' id='word_1_483' title='bbox 296 4283 347 4340; x_wconf 82' lang='lat' dir='ltr'>iob</span> <span class='ocrx_word' id='word_1_484' title='bbox 361 4302 397 4343; x_wconf 87' lang='lat' dir='ltr'>ex</span> <span class='ocrx_word' id='word_1_485' title='bbox 408 4290 541 4351; x_wconf 85' lang='lat' dir='ltr'>violentia</span> <span class='ocrx_word' id='word_1_486' title='bbox 556 4292 694 4350; x_wconf 79' lang='lat' dir='ltr'>demonis</span> <span class='ocrx_word' id='word_1_487' title='bbox 708 4309 739 4352; x_wconf 86' lang='lat' dir='ltr'>se</span> <span class='ocrx_word' id='word_1_488' title='bbox 752 4292 875 4367; x_wconf 88' lang='lat' dir='ltr'>propriis</span> <span class='ocrx_word' id='word_1_489' title='bbox 890 4291 1022 4350; x_wconf 90' lang='lat' dir='ltr'>manibus</span> <span class='ocrx_word' id='word_1_490' title='bbox 1036 4290 1197 4367; x_wconf 89' lang='lat' dir='ltr'>polluebat,</span> <span class='ocrx_word' id='word_1_491' title='bbox 1213 4292 1313 4349; x_wconf 90' lang='lat' dir='ltr'>eodem</span> <span class='ocrx_word' id='word_1_492' title='bbox 1327 4295 1475 4368; x_wconf 86' lang='lat' dir='ltr'>tempore,</span> <span class='ocrx_word' id='word_1_493' title='bbox 1579 4285 1580 4354; x_wconf 74' lang='grc' dir='ltr'>Ῑ</span> 
     </span>
    </p>
   </div>
   <div class='ocr_carea' id='block_1_17' title="bbox 204 4363 1474 4516">
    <p class='ocr_par' dir='ltr' id='par_1_17' title="bbox 204 4363 1580 4516">
     <span class='ocr_line' id='line_1_50' title="bbox 204 4363 1474 4516; baseline 0.015 -101"><span class='ocrx_word' id='word_1_494' title='bbox 204 4363 399 4516; x_wconf 53' lang='lat' dir='ltr'>ppplmundas</span> <span class='ocrx_word' id='word_1_495' title='bbox 418 4368 540 4432; x_wconf 84' lang='lat' dir='ltr'>habebat</span> <span class='ocrx_word' id='word_1_496' title='bbox 563 4373 598 4432; x_wconf 91' lang='lat' dir='ltr'>ad</span> <span class='ocrx_word' id='word_1_497' title='bbox 618 4376 707 4432; x_wconf 87' lang='lat' dir='ltr'>ileum</span> <span class='ocrx_word' id='word_1_498' title='bbox 722 4389 821 4448; x_wconf 86' lang='lat' dir='ltr'>preces</span> <span class='ocrx_word' id='word_1_499' title='bbox 837 4371 891 4446; x_wconf 86' lang='lat' dir='ltr'>[sic</span> <span class='ocrx_word' id='word_1_500' title='bbox 910 4371 1122 4447; x_wconf 85' lang='lat' dir='ltr'>interpretando</span> <span class='ocrx_word' id='word_1_501' title='bbox 1141 4369 1236 4430; x_wconf 91' lang='lat' dir='ltr'>locum</span> <span class='ocrx_word' id='word_1_502' title='bbox 1255 4389 1291 4430; x_wconf 85' lang='lat' dir='ltr'>ex</span> <span class='ocrx_word' id='word_1_503' title='bbox 1309 4375 1405 4448; x_wconf 88' lang='lat' dir='ltr'>capite</span> <span class='ocrx_word' id='word_1_504' title='bbox 1424 4389 1474 4432; x_wconf 78' lang='lat' dir='ltr'>xvi</span> 
     </span>
    </p>
   </div>
   <div class='ocr_carea' id='block_1_18' title="bbox 0 0 1588 5002">
    <p class='ocr_par' dir='ltr' id='par_1_18' title="bbox 0 0 1588 5002">
     <span class='ocr_line' id='line_1_51' title="bbox 0 0 1588 5002; baseline 0 1"><span class='ocrx_word' id='word_1_505' title='bbox 0 0 1588 5002; x_wconf 95' lang='lat' dir='ltr'> </span> 
     </span>
    </p>
   </div>
  </div>
 </body>
</html>
