3202 5020
187 189 250 247 lat
720 200 927 272 reserares

187 312 272 376 facile
286 312 421 394 judicare
438 320 551 394 potest,
571 331 648 376 num
666 313 819 394 poenitens
840 314 1036 394 scrupulosus
1055 312 1113 388 sit,
1130 331 1171 374 an
1187 318 1313 376 tantum
1332 315 1460 377 meticu-

188 403 280 465 losus.
296 439 334 447 —
348 401 491 484 Lancia,
510 401 560 464 tib.
579 405 608 476 l,
626 423 657 464 n.
675 407 744 476 51¹1,
763 412 820 464 etc.

577 589 640 657 lll.
660 591 800 658 Damno
817 593 1077 678 scrupulorum.

229 756 279 814 to.
296 785 336 797 -
350 751 489 832 Scrupuli
510 752 678 832 generatim
701 751 805 831 gravia
825 751 1018 815 incommoda
1040 755 1070 814 et
1088 752 1203 840 damna
1221 750 1412 832 spiritualia,
1433 757 1465 813 et

190 857 268 920 saepe
285 839 379 902 etiam
395 841 558 920 corporalia
572 858 675 902 secum
695 841 835 914 trabunt,
860 841 950 903 modo
968 859 1031 904 non
1050 840 1114 902 sint
1134 861 1153 902 a
1170 844 1228 902 Deo
1245 838 1396 912 immissi,
1410 843 1465 902 aut

190 929 297 991 saltem
313 947 348 990 ex
363 929 450 1009 culpa
463 929 600 992 hominis
618 947 681 992 non
699 936 902 1009 perseverent.
923 929 1077 1009 Precipua
1091 933 1196 992 autem
1210 929 1322 991 damna
1337 946 1465 1008 scrupu-

190 1018 291 1080 lorum
306 1024 380 1080 sunt
394 1017 552 1098 sequentia
570 1038 577 1080 :

232 1111 263 1168 l⁰
282 1111 395 1170 Nocent
406 1107 536 1186 corpori;
552 1126 606 1187 per
620 1107 781 1170 continuos
797 1107 881 1170 enim
895 1125 1020 1187 angores
1032 1126 1081 1171 cor
1094 1107 1322 1186 constringunt,
1340 1108 1466 1187 sangui-

190 1213 263 1258 nem
278 1202 493 1275 corrumpunt,
513 1195 642 1275 spiritus
656 1195 764 1258 vitales
779 1203 980 1272 consumunt,
997 1202 1028 1260 et
1042 1200 1131 1277 caput
1142 1194 1314 1258 debilitant.

231 1288 263 1346 2⁰
283 1284 501 1363 Scrupulosum
514 1285 654 1365 ineptum
672 1283 809 1347 efficiunt
827 1285 866 1347 ad
883 1284 1036 1348 fructuose
1055 1285 1209 1364 agendum
1223 1301 1294 1344 eum
1308 1283 1464 1364 proximo;

192 1372 328 1457 plerique
338 1372 421 1434 enim
436 1373 605 1454 scrupulosi
618 1372 720 1435 tetrici
735 1381 823 1448 sunt,
833 1378 864 1436 et
875 1392 946 1454 erga
958 1373 1136 1438 domesticos
1150 1391 1213 1436 non
1226 1371 1332 1434 minus
1346 1392 1382 1435 ac
1396 1392 1468 1454 erga

192 1467 350 1524 extraneos
364 1461 488 1523 morosi.

233 1554 264 1613 30
284 1553 398 1613 Nooent
413 1549 609 1626 obedientie,
629 1555 684 1614 aut
701 1551 796 1614 etiam
811 1571 879 1615 eam
898 1551 1031 1614 totaliter
1046 1551 1233 1632 impediunt;
1250 1550 1362 1630 quippe
1382 1568 1467 1612 scru-

192 1638 332 1718 pulosus,
354 1638 430 1701 dum
449 1638 552 1720 potius
575 1659 673 1720 nugas
694 1659 728 1703 ac
746 1641 915 1721 phantasiae
938 1641 1072 1704 ludibria
1089 1645 1231 1715 sectatur,
1256 1639 1295 1701 ad
1312 1639 1468 1718 agendum

192 1726 359 1806 impellitur
375 1733 480 1790 contra
490 1728 544 1790 Dei
558 1730 763 1805 voluntatem,
779 1748 847 1810 quas
861 1729 906 1792 illi
921 1735 1105 1810 perpetrem
1124 1729 1314 1810 spiritualem
1329 1732 1385 1789 aut
1401 1745 1469 1790 mo-

193 1817 363 1878 deratorem
377 1816 602 1880 manifestatur.

233 1909 265 1966 40
286 1905 438 1967 Orationis
456 1906 595 1968 studium
615 1913 647 1969 et
663 1925 799 1970 amorem
813 1907 988 1984 debilitant,
1005 1907 1163 1971 autetiam
1178 1906 1328 1970 demedio
1342 1906 1467 1986 penitus

192 1993 317 2068 tollunt,
330 1993 404 2074 quia
413 1992 478 2054 m'm
492 1994 604 2056 mentis
618 2003 780 2070 enervant,
793 1997 831 2058 ad
845 2015 942 2076 nugas
956 1997 1146 2077 perducendo
1159 1995 1348 2069 distrahunt,
1363 1995 1468 2056 anxie-

192 2081 308 2143 tatibus
332 2081 474 2144 auimum
497 2083 640 2164 implent,
669 2101 800 2164 eumque
821 2083 962 2165 ineptum
984 2086 1024 2147 ad
1046 2084 1290 2166 conjunctionem
1314 2101 1386 2145 oum
1409 2086 1468 2146 neo

193 2168 320 2231 faciunt.
337 2169 415 2233 Hinc
429 2170 569 2251 sequitur
584 2191 646 2234 non
662 2173 760 2235 solum
778 2174 900 2236 lucrum
922 2173 1080 2254 spirituale
1094 2191 1222 2252 cessam,
1243 2171 1406 2234 sedetiam
1420 2171 1467 2232 in-
1579 2231 1580 2234 ,

194 2275 268 2338 gens
282 2257 602 2342 domnumemerpcne.
1579 2305 1580 2334 ,

235 2350 267 2409 5⁰
287 2347 510 2410 Fortitudinem
534 2348 707 2431 infringunt
731 2371 739 2413 ε
765 2351 840 2432 quid
865 2351 949 2413 enim
972 2351 1077 2432 magni
1103 2346 1226 2424 audeat,
1247 2349 1301 2430 qui
1324 2352 1410 2411 totus
1435 2347 1470 2410 iu

150 2488 153 2496 ,
194 2435 287 2516 nugis
301 2441 471 2518 occupatur,
492 2441 537 2512 et,
559 2440 694 2519 neglecta
712 2441 748 2502 dc
763 2439 954 2521 passionibus
969 2439 1033 2502 suis
1048 2439 1191 2516 victorie,
1216 2445 1279 2500 tam
1293 2435 1378 2500 facile
1393 2436 1468 2518 deji-
1579 2431 1580 2458 ³

194 2524 275 2587 citur
288 2525 413 2589 animo?

236 2618 267 2677 60
287 2616 376 2695 Spem
400 2618 486 2679 valde
507 2617 717 2693 imminuunt,
734 2626 788 2680 aut
811 2619 906 2682 etiam
926 2618 1099 2699 perimunt,
1120 2616 1194 2699 quia
1218 2635 1267 2679 res
1287 2616 1414 2677 demum
1435 2633 1470 2676 eo

194 2702 368 2779 adducitur,
392 2712 442 2780 ut,
464 2706 578 2769 amissa
598 2706 632 2769 in
654 2710 751 2769 Deum
770 2707 894 2782 fiducia,
914 2707 949 2769 in
967 2706 1125 2768 laxitatem
1148 2705 1287 2768 declinet.
1311 2704 1471 2780 Quomodo

195 2792 280 2854 enim
294 2795 352 2854 Deo
366 2793 439 2857 fidet
456 2795 569 2870 debite,
589 2795 642 2876 qui
657 2796 746 2858 illum
760 2801 796 2858 ut
809 2795 1039 2859 severissimum
1053 2799 1222 2858 exactorem
1236 2809 1354 2872 semper
1366 2791 1470 2854 intue-

197 2882 269 2942 tur?
288 2881 487 2961 Scrupulosus
501 2883 606 2964 igitur,
623 2884 685 2948 nisi
705 2885 823 2948 fortiter
839 2891 943 2947 contra
963 2885 1120 2965 scrupulos
1134 2889 1265 2964 pugnet,
1283 2880 1321 2942 iis
1340 2887 1472 2943 vexatus

195 2968 230 3030 in
245 2968 485 3048 desperationem
501 2972 587 3035 brevi
599 2973 711 3054 agitur,
727 2980 758 3034 et
774 2972 994 3054 cupiditatibus
1009 2972 1074 3035 suis
1093 2971 1188 3034 frena
1203 2969 1333 3042 laxabit,
1351 2969 1399 3030 vel
1415 2969 1472 3031 sal·
1578 2979 1579 3054 g

197 3061 258 3118 tem
273 3056 368 3120 vitam
380 3059 587 3122 miserrimam
601 3068 630 3123 et
645 3079 717 3124 cum
727 3079 838 3141 magno
851 3061 1058 3124 damnationis
1072 3059 1205 3142 periculo
1216 3060 1317 3122 ducet.
1578 3057 1579 3068 ³

547 3241 604 3308 lV.
617 3279 661 3290 -
679 3241 841 3310 Remedio
859 3243 1117 3328 scrupulorum.
1141 3289 1146 3300 .

237 3415 286 3473 l'l.
307 3445 348 3458 —-
366 3413 536 3474 Versantur
555 3411 729 3493 frequenter
749 3411 887 3493 scrupuli
912 3431 919 3473 :
946 3417 977 3474 l⁰
1000 3411 1078 3474 eirca
1103 3410 1235 3474 actiones
1259 3407 1471 3490 quotidianas;

196 3501 228 3561 20
240 3499 319 3562 circa
331 3517 441 3581 pravas
455 3499 666 3580 cogitationes;
684 3506 716 3565 30
730 3500 808 3563 circa
820 3500 1030 3564 confessiones.
1044 3500 1142 3582 Igitur

238 3591 262 3650 l.
281 3589 485 3669 scrupulosis,
511 3589 566 3670 qui
588 3589 623 3652 in
644 3589 788 3653 omnibus
807 3589 979 3652 actionibus
1000 3595 1159 3670 angrmtur
1181 3588 1291 3650 timore
1311 3587 1473 3667 peccandi,
1577 3657 1578 3666 ἵ

199 3675 424 3758 injungendum
438 3681 499 3753 est,
522 3682 557 3740 ut
571 3685 695 3742 strenue
709 3687 814 3742 contra
828 3678 984 3759 scrupulos
1002 3683 1109 3758 agant,
1130 3678 1169 3740 ab
1182 3677 1282 3758 iisque
1294 3675 1476 3738 confitendis
1577 3669 1578 3756 l

198 3765 388 3842 abstineant,
413 3765 475 3829 nisi
497 3767 661 3830 certissimi
687 3767 749 3830 sint
771 3766 816 3830 ibi
837 3768 939 3830 adesse
958 3771 1125 3847 peceatum.
1151 3763 1297 3842 Quamvis
1320 3762 1406 3826 enim
1429 3762 1475 3825 sic
1577 3759 1578 3794 ³

200 3856 314 3934 agendo
335 3855 494 3918 interdum
515 3855 713 3918 materialiter
731 3860 869 3936 peccent,
898 3873 960 3917 non
984 3855 1151 3935 peccabunt
1176 3861 1281 3917 tamen
1304 3851 1479 3915 formaliter

197 3943 315 4006 ratione
328 3944 522 4018 obedientiae,
539 3962 634 4025 quam
648 3943 835 4006 confessario
848 3949 993 4025 praestare
1007 3942 1128 4006 debent.
1140 3979 1181 3990 -
1196 3943 1234 4006 S.
1245 3942 1314 4023 Lip.
1330 3961 1363 4005 n.
1380 3945 1430 4003 l'l.

236 4032 275 4092 ll.
297 4033 503 4113 Scrupulosis,
527 4031 581 4113 qui
602 4037 715 4114 pavent
736 4050 896 4095 assensum
915 4031 1064 4112 praebere,
1086 4033 1134 4095 vel
1156 4030 1322 4114 prebuisse
1345 4027 1475 4092 cuilibet

197 4137 301 4201 pravae
321 4121 497 4200 cogitationi
516 4127 621 4185 contra
639 4121 827 4196 castitatem,
846 4121 952 4184 Fidem
974 4125 1028 4183 aut
1046 4120 1227 4195 Cantatem,
1250 4118 1475 4200 imponendum

199 4215 260 4282 est,
277 4215 314 4270 ut
327 4208 383 4270 has
402 4210 597 4290 cogitationes
618 4209 703 4272 velut
723 4228 808 4272 mera
822 4209 1038 4290 phantasmata
1052 4209 1235 4291 despiciant,
1252 4215 1283 4271 et
1296 4205 1476 4269 abstineant
1576 4203 1577 4208 ’

198 4295 237 4360 ab
250 4296 430 4379 hujusmodi
446 4299 666 4380 cogitationum
685 4298 885 4376 confessione,
901 4297 964 4362 nisi
978 4301 1082 4381 jurare
1096 4297 1214 4381 possint
1229 4315 1260 4360 se
1274 4295 1390 4360 eisdem
1404 4310 1478 4356 rere

199 4384 398 4448 consensisse.
415 4421 455 4432 -
469 4386 503 4450 S.
518 4388 587 4470 Lip.
603 4409 634 4450 n.
651 4392 700 4454 lb.

239 4475 290 4537 Ill.
315 4474 519 4553 Scurpulosis,
541 4477 595 4556 qui
616 4497 734 4560 semper
755 4497 840 4542 anim
861 4483 935 4542 sunt
959 4477 1036 4542 circa
1057 4475 1271 4552 confessiones,
1287 4471 1477 4558 presertim,
