3168 5002
446 275 737 322 rnoros1r1onuu
762 277 1014 324 cannabinum
1313 271 1353 330 31

93 389 159 460 jecto
179 389 207 443 et
226 386 357 443 omnibus
378 386 602 442 circumstantiis
621 390 729 444 rectum
748 388 793 444 est
813 390 842 446 et
861 388 968 446 bonum
983 388 1070 461 (quod
1090 391 1236 448 moraliter
1250 393 1356 452 bonum

95 467 230 542 appellare
249 465 486 538 consueveruntl,
506 466 552 523 vel
572 468 640 540 quia
659 471 703 524 est
718 469 896 525 meritorium
916 469 996 540 regni
1013 471 1112 526 aeterni
1134 488 1167 528 eo
1189 474 1263 544 quod
1285 477 1358 533 sita

94 550 152 604 riso
166 547 269 622 Christi
284 548 412 603 membro
426 563 476 620 per
491 548 624 620 spiritum
643 547 806 617 charitatis,
819 549 975 621 rejicienda
989 552 1043 606 est.

126 635 166 692 63.
183 635 237 692 Sed
253 636 282 690 et
297 633 348 690 illa
360 634 508 691 distinctio
522 633 646 709 duplicis
658 635 796 706 iustitiae,
812 635 932 694 alterius
950 653 1013 708 quae
1030 637 1062 694 nt
1075 653 1127 711 per
1140 639 1272 712 spiritum
1287 642 1356 699 cha-

96 715 180 772 ritatis
189 715 412 783 inhabitantem,
426 714 547 772 alterius
562 731 626 787 quae
639 716 671 772 fit
680 732 716 772 ex
731 717 920 790 inspiratione
934 717 1049 792 quidem
1065 719 1189 792 Spiritus
1205 724 1296 780 sancti
1309 740 1357 780 cor
1429 746 1432 754 ’

97 796 129 853 ad
150 795 341 869 poenitentiam
362 795 528 864 excitantis,
545 796 596 852 sad
614 795 739 854 nondum
759 813 808 854 cor
826 797 1015 854 inhabitantis
1035 800 1064 854 et
1086 799 1117 854 in
1138 815 1171 856 eo
1190 801 1356 861 charitatem

98 876 270 932 diffundentis
286 891 342 949 qua
355 875 461 931 divinae
475 874 548 946 legis
558 876 726 948 justificatio
741 876 905 950 impleatur,
922 876 1055 934 similiter
1068 879 1206 951 rejicitur.

128 961 168 1018 os.
181 965 250 1020 itam
267 965 297 1020 ct
313 961 366 1018 illa
380 961 527 1019 distinctio
545 961 670 1037 duplicis
684 963 905 1034 vivificationis,
920 963 1109 1038 alteriusque
1125 966 1285 1024 vivificatur
1297 983 1358 1044 pec-

98 1047 165 1099 cator
176 1043 243 1099 dum
262 1043 291 1100 ei
306 1042 483 1116 poeniteutiae
499 1043 527 1098 et
541 1043 607 1100 vitae
625 1060 705 1100 norae
722 1045 898 1119 propositum
910 1047 940 1102 et
953 1045 1097 1102 inchoatio
1112 1049 1224 1120 perlici
1237 1049 1357 1120 gratiam

98 1123 251 1196 inspiratur,
267 1123 389 1180 alterius
403 1139 460 1195 qua
471 1122 632 1180 vivificatur
643 1125 693 1196 qui
707 1141 774 1181 rere
784 1125 971 1197 justificatur,
990 1129 1020 1182 et
1038 1125 1148 1199 palmes
1163 1127 1245 1185 virus
1258 1130 1287 1185 in
1299 1129 1358 1187 rito

98 1202 197 1276 dbristo
207 1203 344 1272 allicitur,
359 1203 467 1276 pariter
481 1205 676 1261 commentitia
689 1207 735 1261 est
744 1207 773 1262 et
784 1205 938 1279 Scripturis
953 1205 1072 1262 minime
1086 1219 1256 1278 congruens.

126 1289 167 1346 65.
186 1290 306 1347 Nonnisi
317 1289 468 1364 pelagiano
481 1307 575 1347 errore
589 1291 702 1348 admitti
716 1294 810 1366 potest
824 1308 896 1349 usus
912 1292 1019 1365 aliquis
1030 1291 1113 1350 liberi
1124 1295 1236 1351 arbitrii
1249 1296 1355 1366 bouus„

97 1371 152 1426 sire
165 1386 217 1426 non
228 1369 324 1428 malus
339 1390 346 1426 ι
362 1375 392 1427 et
405 1371 504 1442 gratie
519 1371 625 1427 Christi
640 1371 773 1444 injuriam
788 1373 871 1441 iacit,
887 1373 936 1445 qui
949 1372 989 1428 ita
999 1375 1087 1430 sentit
1098 1377 1127 1431 et
1141 1375 1232 1432 docet.

128 1457 170 1514 uo.
189 1458 251 1515 Sola
265 1457 404 1515 violentia
416 1461 555 1532 repugnat
570 1458 696 1516 libertati
709 1458 834 1515 hominis
853 1459 987 1516 naturali.

127 1545 167 1601 67.
186 1547 271 1604 liomo
284 1547 397 1619 peccat,
412 1546 497 1602 etiam
509 1545 721 1615 damnabiliter,
735 1545 766 1601 in
779 1563 813 1602 eo
828 1545 903 1618 quod
915 1549 1078 1604 necessario
1092 1547 1167 1605 tacit.

127 1631 168 1690 68.
187 1632 345 1691 Infidelitas
361 1649 432 1708 pure
446 1635 594 1706 negativa,
612 1635 643 1690 in
657 1633 703 1690 his
723 1633 754 1690 iu
770 1633 875 1708 quibus
890 1633 1020 1691 Christus
1038 1639 1152 1691 nonest
1169 1635 1356 1709 predicatus,

97 1717 356 1858 Ρθὲἓῗῐῗιᾙῐῖῑὶἓαῐίο
371 1801 452 1874 impii
472 1801 503 1856 fit
518 1800 675 1858 formaliter
688 1818 738 1874 per
750 1800 942 1858 obedientiam
962 1800 1048 1873 legis,
1064 1817 1121 1857 non
1135 1803 1231 1858 autem
1246 1819 1295 1875 per
1310 1820 1358 1860 oc-

97 1880 193 1969 cultam
207 1882 492 1939 communicationem
503 1883 531 1938 et
542 1881 758 1956 inspirationem
770 1881 868 1952 gratia
882 1898 945 1954 quae
956 1899 1006 1955 per
1015 1898 1079 1938 eam
1085 1881 1259 1955 iustificatos
1274 1884 1360 1941 iaciat

97 1960 412 2106 lmpgurggffglglimem
422 2049 451 2104 iu
464 2049 579 2122 peccato
591 2047 715 2118 mortali,
726 2048 787 2104 sivo
797 2049 827 2104 in
838 2050 919 2105 reatu
930 2051 1043 2105 reternae
1053 2047 1255 2118 damnationis,
1266 2051 1361 2124 potest

96 2125 195 2184 habere
205 2145 301 2185 reram
316 2129 483 2185 charitatem
496 2133 541 2185 :et
554 2128 676 2185 charitas
686 2129 773 2185 etiam
787 2129 912 2202 perlecta
925 2131 1019 2202 potest
1029 2129 1187 2186 consistere
1199 2146 1264 2185 cum
1280 2135 1360 2187 reatu

96 2211 204 2264 aternae
217 2209 418 2265 damnationis.

127 2295 172 2350 71.
193 2297 244 2352 Per
263 2297 462 2353 contritionem
479 2296 566 2353 etiarn
585 2311 651 2352 cum
669 2295 808 2353 charitate
826 2296 951 2369 perlecta
968 2297 998 2351 et
1016 2311 1080 2353 cum
1099 2299 1164 2352 voto
1184 2297 1361 2370 suscipiendi

96 2376 306 2432 Sacramentum
320 2377 515 2448 coniunctam,
532 2393 588 2432 non
600 2376 755 2433 remittitur
769 2377 894 2446 crimen,
908 2377 988 2432 extra
1003 2391 1101 2432 casum
1113 2377 1297 2434 necessitatis
1312 2379 1362 2434 aut
1441 2375 1446 2382 ⁴

96 2455 237 2526 martyrii,
252 2457 313 2512 siue
325 2456 431 2513 actuali
444 2457 626 2529 susceptione
640 2457 827 2514 sacramenti.

128 2541 170 2598 lh.
192 2543 297 2600 Omnes
308 2543 424 2600 omnino
436 2545 580 2616 justorum
599 2543 768 2600 aitlictiones
787 2544 855 2599 suut
875 2541 1000 2599 ultiones
1015 2544 1195 2616 peccatorum
1211 2543 1360 2617 ipsorum:

97 2623 165 2679 unde
178 2625 206 2680 et
219 2623 272 2680 Job
292 2627 320 2680 et
332 2627 487 2697 martyres,
501 2639 564 2696 quae
576 2624 654 2698 passi
670 2627 750 2694 sunt,
764 2623 878 2698 propter
891 2624 1007 2696 peccata
1023 2639 1075 2679 sua
1090 2624 1170 2696 passi
1183 2625 1260 2680 sunt.

127 2709 168 2766 73.
187 2713 294 2780 Nemo,
313 2715 415 2785 praeter
430 2711 589 2780 Christum,
613 2714 657 2767 est
677 2711 785 2782 absque
804 2710 918 2784 peccato
933 2707 1080 2781 originali;
1096 2707 1163 2766 hinc
1180 2709 1263 2767 beata
1276 2709 1362 2782 Virgo

98 2795 199 2846 mortua
217 2793 265 2847 est
278 2794 394 2865 propter
407 2794 555 2865 peccatum
576 2806 611 2847 ex
630 2791 720 2847 Adam
737 2792 928 2862 contractum,
946 2805 1101 2861 omnesque
1115 2790 1177 2862 ejus
1192 2790 1362 2847 aillictiones

98 2871 270 2941 interrita,
288 2871 363 2928 sicut
377 2873 406 2928 et
417 2870 538 2928 aliorum
550 2871 709 2944 iustorum,
721 2869 971 2926 lueruntultiones
986 2870 1096 2943 peccati
1111 2869 1232 2927 actualis
1246 2869 1291 2926 vel
1304 2871 1363 2927 ori-

97 2949 200 3020 pinalis.

127 3039 167 3100 il.
187 3037 427 3113 Concupiscentia
442 3039 472 3093 in
491 3037 600 3094 renatis
618 3035 740 3110 relapsis
763 3036 794 3093 in
817 3037 966 3110 peccatum
984 3033 1119 3107 mortale,
1136 3035 1167 3093 in
1185 3033 1288 3110 quibus
1302 3039 1363 3112 jam

99 3118 263 3188 dominatur,
278 3123 427 3193 peccatum
439 3122 498 3188 est,
516 3117 590 3174 sicut
602 3120 631 3174 et
644 3115 694 3174 alii
705 3117 821 3174 habitus
832 3117 922 3191 pravi,

127 3207 166 3269 75,
186 3211 284 3266 Motus
299 3207 380 3280 pravi
396 3205 634 3280 concupiscentia
645 3207 726 3274 sunt,
740 3221 790 3284 pro
801 3206 878 3261 statu
891 3203 1017 3284 hominis
1029 3204 1138 3273 vitiati,
1153 3203 1288 3277 prohibiti
1298 3221 1364 3278 pree

98 3290 169 3360 cepto
182 3287 258 3346 Nora
276 3285 489 3360 concupisces:
504 3284 679 3342 undebomo
697 3301 745 3342 eos
756 3285 909 3353 sentiens,
928 3287 957 3340 et
975 3299 1032 3342 non
1055 3283 1252 3354 consentiens,
1272 3285 1366 3340 trans-

97 3368 214 3436 peditur
234 3369 412 3442 pracceptum
430 3365 502 3424 Non
521 3364 709 3440 concupisces
724 3385 734 3421 :
748 3363 878 3439 quamvis
893 3365 1084 3436 transgressio
1099 3364 1129 3419 in
1140 3367 1288 3438 peccatum
1307 3377 1364 3418 nou

98 3447 252 3520 deputetur,

128 3534 167 3599 76.
185 3535 333 3606 Quamdiu
348 3533 457 3608 aliquid
471 3533 708 3608 concupiscentie
721 3530 846 3590 carnalis
861 3532 892 3588 in
909 3529 1047 3603 diligente
1061 3533 1119 3604 est,
1138 3549 1195 3589 non
1212 3530 1279 3588 tacit
1292 3545 1364 3603 prm-

97 3617 202 3688 ceptum
217 3615 334 3690 Ditipca
347 3615 512 3672 Dominum
529 3611 623 3670 Deum
635 3619 723 3669 tutam
737 3629 777 3670 ecc
788 3619 846 3670 toto
861 3611 1020 3671 cordetuo.

127 3703 167 3766 Π,
188 3703 409 3762 satisfactiones
428 3699 576 3758 laboriosae
594 3693 816 3773 justificatorum
837 3715 894 3756 non
914 3699 1013 3756 valent
1031 3700 1148 3774 capiare
1169 3697 1203 3756 de
1225 3695 1363 3768 condigno

97 3799 202 3853 penam
223 3783 409 3857 temporalem
425 3784 579 3839 restantem
592 3782 656 3854 post
669 3778 782 3855 culpam
798 3779 994 3841 condonatam¹

127 3870 168 3933 78.
190 3869 397 3929 immortalitas
416 3870 501 3944 primi
520 3868 645 3927 hominis
667 3883 724 3926 nou
744 3870 805 3925 erat
827 3868 925 3942 gratiae
947 3867 1133 3936 beneficium,
1154 3863 1203 3923 sed
1223 3862 1364 3923 naturalis

96 3953 225 4016 conditio,

126 4040 168 4102 79,
187 4038 275 4098 Falsa
288 4043 334 4098 est
347 4041 494 4096 doctorum
511 4037 668 4110 sententia,
684 4037 808 4112 primum
823 4033 968 4094 hominem
985 4035 1114 4112 potuisse
1127 4049 1144 4090 a
1158 4034 1215 4090 Deo
1234 4034 1322 4092 creari
1335 4036 1364 4091 et

97 4118 206 4180 institui
219 4121 283 4180 sinc
295 4121 409 4194 justitia
420 4118 557 4184 naturali,
