3156 5026
191 189 261 250 106
727 197 936 246 rauounrcs

192 313 300 381 domui
319 315 412 378 alieni
431 311 619 396 possibilitas
637 313 671 376 in
690 313 781 376 rebus
800 311 947 376 humanis
969 313 1087 376 nandi
1109 331 1171 400 non
1188 315 1310 392 debeat;
1325 336 1363 380 ex
1377 320 1473 382 altera

191 410 277 486 parte
291 411 377 468 actus
390 403 534 466 internus*
546 419 610 466 non
622 401 753 466 efficitur
765 402 902 485 injuriae
914 401 1034 464 ratione
1047 403 1241 479 intentionis,
1252 423 1324 468 cum
1335 405 1471 470 intentio

190 509 252 556 non
265 492 378 555 influat
390 493 423 555 in
440 491 604 555 efficaciam
619 505 727 567 eausae,
744 491 844 553 souin
858 489 1029 572 periculum
1048 491 1166 554 damni.
1181 493 1325 569 Quocirca
1344 495 1472 558 dicenda

190 589 238 646 ert
256 599 347 644 cauea
361 599 444 645 mere
457 601 516 665 per
534 581 690 660 accidens,
705 597 760 642 nec
779 596 873 661 prava
890 578 1023 642 intentio
1047 583 1114 662 ejus
1133 588 1279 646 naturam
1300 591 1416 648 mutat.
1432 619 1473 632 -

189 671 240 733 Ito
262 671 395 746 hence,
418 671 469 733 lib.
487 673 529 746 Π,
553 692 579 732 e.
600 689 646 746 tx,
663 676 694 730 et.
708 672 778 732 113.
792 705 832 715 -
853 667 972 751 Voqler,
990 689 1021 730 n.
1038 673 1108 746 101,
1124 680 1154 733 et
1168 670 1227 732 att·
1239 691 1296 733 cco
1312 675 1418 755 penei.
1431 709 1471 722 -

189 759 240 822 11⁰
251 776 323 822 vero
347 759 508 823 Sententia
529 758 689 842 affimat,
712 775 776 821 non
793 757 918 820 infirmo
937 757 1139 821 brndamento
1157 759 1277 822 innixa.
1294 761 1386 826 Ratio
1403 771 1467 839 est,
1539 754 1541 758 ’

190 848 264 931 quia
285 848 319 910 in
339 847 472 928 praefatis
492 848 614 911 casibus
635 845 837 910 homicidium
858 853 905 908 est
930 865 1002 908 sane
1026 853 1131 909 contra
1148 847 1324 929 justitiam,
1347 857 1380 913 et
1406 871 1465 916 uon

191 943 366 1011 excusatur,
382 937 444 999 uisi
458 941 613 1017 quatenus
624 935 882 998 involuntarium.
899 939 990 998 Porro
1004 935 1137 998 intentio
1151 936 1228 999 iilud
1242 937 1345 1002 reddit
1359 941 1468 1004 volun-

192 1025 318 1090 tarium.
339 1025 408 1088 Ideo
430 1025 515 1088 enim
543 1026 659 1088 seclusa
681 1023 868 1098 intentione,
885 1041 948 1086 nou
965 1029 1014 1086 est
1023 1024 1249 1102 voluntarium,
1265 1027 1340 1108 quia
1353 1047 1467 1108 ponens

190 1131 316 1178 oausam
333 1133 397 1178 non
417 1120 557 1178 censetur
576 1114 653 1178 velle
675 1111 834 1176 efficaciter
855 1111 1016 1188 effectum,
1035 1129 1107 1176 cum
1128 1113 1253 1177 effectus
1271 1115 1471 1195 probabiliter

190 1219 254 1267 non
275 1209 471 1267 connectatur
491 1219 562 1266 cum
583 1220 689 1278 eausa;
706 1203 759 1265 sed
779 1201 913 1264 intentio
932 1201 1018 1264 illam
1039 1202 1261 1265 connexionem
1280 1206 1416 1286 supplet,
1438 1215 1468 1269 et

191 1291 263 1356 iacit
280 1299 317 1355 ut
340 1309 465 1374 operans
487 1311 559 1356 vera
576 1291 660 1354 illius
678 1309 769 1354 causa
790 1289 847 1364 sit,
864 1290 976 1372 quippe
994 1292 1032 1354 ad
1051 1291 1200 1355 rationem
1215 1311 1314 1356 causae
1330 1296 1467 1358 multum

192 1381 334 1445 conducit
356 1380 489 1444 intentio
510 1379 675 1462 operantis.
699 1381 815 1460 Ergo...
829 1413 870 1425 -
883 1379 935 1442 Ito
956 1379 1060 1462 Lupo,
1083 1379 1114 1441 d.
1136 1397 1209 1456 vru,
1225 1402 1256 1442 n.
1278 1387 1329 1446 75.
1343 1419 1385 1430 -
1399 1385 1468 1447 Set-

191 1481 286 1531 munt.
309 1501 350 1516 -
370 1469 513 1532 Advertit
531 1487 619 1550 porm
640 1471 740 1548 Lupo,
756 1467 791 1530 in
812 1467 947 1548 praetatis
967 1468 1089 1532 casibus
1110 1469 1149 1530 ad
1167 1469 1319 1533 rationem
1345 1472 1468 1555 injurie

192 1576 255 1620 non
278 1557 411 1621 sufficere
430 1557 643 1638 provisionem
663 1555 876 1638 possibilitatis
895 1557 1020 1635 damni,
1040 1558 1091 1621 aed
1112 1557 1229 1639 requiri
1250 1559 1346 1622 etiam
1365 1561 1470 1625 inteu-

191 1646 308 1709 tiouem
324 1646 400 1710 illud
414 1646 608 1727 procurandi.

707 1793 880 1870 CAPUT
911 1793 951 1869 ΙΙ

252 1990 300 2041 bt:
324 1989 465 2041 intuma
490 1989 528 2040 IN
554 1985 676 2041 SPECOE
701 1987 768 2041 SEU
795 1989 841 2040 DE
866 1987 1032 2042 puocatis
1057 1989 1198 2042 CONTRA
1222 1991 1401 2044 susurrum

234 2146 291 2210 Hic
304 2153 430 2210 tantum
449 2147 486 2208 de
500 2144 625 2228 injuriis
639 2145 674 2208 iu
692 2143 781 2208 bortis
799 2145 930 2208 torcunae
946 2146 1179 2226 agendumst,
1200 2147 1315 2211 scilieet
1332 2149 1367 2212 de
1383 2147 1469 2212 furto

193 2241 224 2298 et
252 2237 318 2315 ejus
342 2235 507 2316 speciebus.
529 2238 631 2296 —De
654 2232 723 2300 aliis
744 2233 828 2297 enim
854 2233 993 2315 injuriis,
1014 2235 1049 2296 iu
1067 2235 1156 2298 bonis
1179 2235 1294 2300 seilicet
1320 2238 1466 2319 corporia,

192 2322 318 2385 honoris
336 2329 367 2386 at
384 2323 489 2396 samm,
510 2327 558 2386 sat
576 2322 692 2386 dictum
710 2330 758 2385 eet
775 2323 809 2385 iu
832 2323 978 2386 Traetcto
993 2323 1029 2386 de
1046 2324 1151 2406 quinto
1166 2336 1193 2386 et
1208 2334 1310 2408 octove
1322 2325 1471 2408 Deeotcpt

187 2420 394 2654 Frigidum
411 2507 443 2565 1ο
461 2501 498 2564 dc
516 2508 629 2564 natura
646 2507 678 2564 et
697 2499 847 2581 gravitate
866 2497 956 2577 fruti;
969 2535 1010 2548 -
1027 2507 1061 2566 2⁰
1078 2503 1115 2564 de
1133 2501 1258 2565 tamisa
1275 2501 1358 2564 iurto
1371 2521 1470 2565 excu-

196 2608 252 2654 san
300 2609 349 2653 ue.

711 2727 925 2791 ARTIGULUS
944 2729 958 2788 I

655 2883 697 2928 DE
724 2881 870 2928 uadunt
901 2879 1010 2928 acuit

236 3029 306 3092 605.
323 3062 363 3074 -
376 3030 546 3092 Dnmurmc.
564 3033 697 3094 Furtum
718 3028 751 3090 in
771 3045 878 3108 genere
892 3033 939 3090 est
952 3027 1069 3110 injusta
1086 3027 1200 3090 ablatio
1216 3027 1262 3091 rei
1280 3027 1402 3104 aliena,
1418 3029 1468 3092 do

195 3113 281 3178 mino
295 3115 518 3180 rationabiliter
532 3116 641 3180 invito.

234 3207 366 3268 Drvrsro.
383 3209 516 3268 Furtum
528 3205 571 3268 sic
585 3204 808 3286 distinguitur:

235 3299 269 3356 1ο
290 3297 423 3356 Furtum
443 3293 641 3376 simpliciter,
662 3294 688 3357 si
710 3293 764 3356 fiat
783 3293 906 3356 occulte.
921 3329 961 3339 —
974 3298 1008 3357 2⁰
1027 3293 1160 3375 Rapina,
1177 3293 1271 3359 sitiat
1283 3303 1387 3378 operte
1399 3311 1468 3356 cum

195 3383 228 3446 ci
240 3381 364 3446 domino
377 3381 473 3445 illata.
489 3417 529 3428 -
541 3387 573 3446 3ο
587 3381 798 3463 Sacrilegium,
813 3382 841 3444 si
854 3381 907 3446 fiat
919 3383 997 3446 circa
1011 3402 1077 3446 rem
1091 3401 1219 3446 sacram.

318 3533 542 3616 Principia.

236 3682 260 3742 I.
276 3683 424 3756 Furtum,
439 3697 633 3762 quocumque
645 3679 771 3742 nomine
784 3681 962 3761 appelletur,
977 3679 1134 3762 peccatum
1146 3699 1238 3763 grave
1250 3685 1296 3745 est
1311 3699 1351 3744 ee
1362 3699 1470 3762 penne

197 3789 267 3841 aco,
286 3769 359 3852 quia
374 3769 509 3850 graciter
518 3789 576 3851 per
590 3769 690 3849 selegi
707 3768 841 3832 naturali
853 3770 1042 3848 adverstaun
1055 3777 1093 3834 ut
1105 3777 1190 3852 petet
1204 3776 1273 3832 tum
1285 3785 1324 3833 ex
1337 3769 1470 3852 ratione,

195 3862 267 3921 tum
280 3857 486 3939 exscriptum
499 3875 593 3932 saera,
610 3857 645 3920 in
659 3876 721 3938 qun
735 3859 958 3921 adnumeratur
970 3859 1101 3942 peccatis
1111 3877 1179 3942 qua
1191 3877 1312 3940 arogno
1326 3857 1469 3922 coelorum

196 3947 371 4010 excludunt.
397 3948 445 4010 Sic
462 3947 547 4010 enim
568 3949 688 4027 Apost,
711 3949 725 4008 Ι
743 3950 809 4010 Cor.
826 3967 875 4023 rr,
893 3953 931 4012 10
942 3967 949 4010 :
962 3945 1067 4032 Neque
1087 3950 1221 4032 screa...,
1244 3967 1340 4031 neque
1354 3965 1473 4030 repares

196 4055 322 4118 reptatam
336 4036 397 4098 Dei
407 4035 617 4118 possidebunt.

236 4127 273 4188 u.
290 4127 424 4188 Furtum
440 4125 621 4206 sacrilegum
637 4132 668 4188 et
677 4124 785 4206 rapina
798 4126 931 4208 speciem
944 4125 1072 4191 malitia
1087 4128 1240 4192 diversam
1257 4125 1470 4191 constituunt:

195 4214 287 4289 illud,
303 4214 376 4296 quia
387 4221 496 4296 prater
505 4213 663 4298 justitiam
682 4213 777 4276 dolet
790 4215 986 4298 religionem
1008 4216 1084 4294 ista,
1102 4216 1176 4299 quia
1188 4217 1313 4299 injusta
1328 4211 1473 4278 ablutioni

196 4303 241 4366 rei
267 4303 374 4366 alienae
398 4306 484 4368 addit
504 4303 654 4386 injuriam
673 4319 808 4384 persona
829 4305 957 4368 illatam.
981 4305 1089 4370 Catari
1116 4310 1220 4369 autem
1240 4303 1341 4379 modi,
1356 4299 1471 4366 celatia

196 4391 313 4470 Obie‘ia
331 4391 422 4542 alfii,
439 4393 570 4474 speciem
592 4409 654 4457 non
674 4395 813 4471 mutant,
835 4394 909 4476 qeaia
929 4411 984 4476 per
1003 4393 1065 4458 ista
1088 4393 1346 4458 damnificationis
1365 4393 1471 4455 natura

196 4495 261 4542 non
276 4494 327 4541 mu
378 4497 427 4542 ur.
