3156 5026
538 279 580 322 DE
599 276 768 324 tussim
788 278 830 323 ΕΤ
849 281 936 324 Just}

617 511 793 588 CAPUT
821 512 861 588 ΙΙ

423 707 474 760 DE
499 707 723 758 RADIGIBUS
744 705 1062 760 nusrtuuutouls

147 894 217 954 633.
230 921 272 936 -—
283 887 408 954 Rudicss
430 885 634 951 restitutionis
655 887 807 949 dicuntur·
819 903 916 952 cause
929 907 968 951 ex
985 889 1214 971 quihuson'tur
1232 891 1374 973 obligatio

105 977 300 1042 restituendi.
318 979 364 1040 Er
373 975 485 1057 triplioi
497 981 602 1039 autem
616 975 713 1056 sepite
727 976 943 1052 desumuntur,
958 977 1090 1040 scilicet:
1108 983 1140 1041 1⁰
1152 997 1190 1042 er
1206 982 1376 1062 acceptione

101 1066 146 1129 rei
160 1065 288 1142 elienses
304 1099 346 1112 -
358 1069 393 1128 2⁰
405 1084 443 1128 ex
455 1065 572 1146 injusta
584 1061 846 1141 terrificatione
858 1101 899 1111 —
915 1069 949 1128 30
963 1085 1001 1128 ex
1011 1067 1129 1148 injusta
1143 1069 1348 1150 cooperatione
1366 1090 1374 1132 :

103 1173 185 1237 quae,
205 1155 310 1238 quood
329 1171 397 1216 rem
420 1152 561 1235 quidem,
584 1154 623 1215 ed
643 1153 826 1215 alterutmm
844 1173 860 1216 e
879 1155 1119 1233 precedentibus
1140 1156 1224 1220 facile
1243 1159 1378 1222 revocari

101 1251 220 1324 posset,
236 1259 350 1308 rerum
363 1243 402 1306 ed
415 1244 562 1324 majorem
576 1241 774 1306 dicendorum
788 1241 1015 1306 distinctionem
1025 1261 1163 1308 seorsum
1175 1247 1377 1328 opportunius

618 1485 836 1550 sustentus
853 1487 868 1546 l

518 1657 557 1702 nr
576 1655 832 1726 summoueret
846 1656 965 1702 unsrun

251 1805 510 1889 Principium
532 1810 744 1890 qenerale„

143 1975 218 2035 634.
236 2006 276 2015 -
290 1970 376 2032 Solus
389 1969 434 2032 rei
448 1969 593 2032 dominns
602 1987 662 2052 per
671 1968 858 2052 schebetJ'us
869 1987 938 2032 eom
952 1967 1141 2049 possidendi,
1157 1969 1269 2032 neerei
1283 1971 1379 2034 domi·

100 2059 196 2122 nium
212 2059 343 2132 amittit,
360 2058 399 2120 ad
412 2060 631 2139 cujuscrnnque
645 2076 757 2121 manus
770 2057 822 2120 ille
836 2059 963 2120 demum
975 2057 1126 2120 deveniet.
1137 2092 1179 2104 —
1190 2057 1317 2134 Dicitur,
1320 2080 1381 2142 per

97 2166 151 2227 se‚·
166 2147 247 2229 quia
261 2145 340 2208 elius
354 2164 506 2226 possessor
524 2146 669 2228 quilibet,
686 2146 780 2209 etiam
794 2146 881 2209 honae
895 2145 965 2208 fidei
979 2165 1042 2208 nou
1056 2145 1118 2208 nisi
1129 2165 1187 2228 per
1203 2147 1338 2210 occidens
1351 2155 1382 2212 et

96 2255 138 2300 er
150 2253 260 2299 errore
273 2233 448 2297 invincibili
457 2237 509 2316 jus
523 2235 616 2297 habet
632 2253 698 2297 rem
712 2233 895 2315 possidendi.
912 2234 1015 2296 -Ita
1029 2239 1128 2296 omnin
1141 2237 1219 2298 tura
1232 2244 1380 2300 statuunt.

98 2361 143 2372 -
157 2328 209 2387 Ex
225 2322 285 2386 hoo
300 2329 405 2386 autem
424 2322 555 2404 generali
578 2323 726 2404 principio
742 2327 848 2404 sponte
865 2341 922 2386 sua
938 2323 1041 2386 fluunt
1059 2331 1191 2404 quatuor
1204 2325 1270 2388 haec
1286 2325 1381 2390 notis-

99 2415 188 2476 sima
202 2411 377 2486 axiomata,
390 2429 458 2492 que
473 2429 550 2492 sepe
564 2411 675 2492 sepius
690 2412 726 2474 in
744 2412 873 2475 decursu
893 2410 987 2492 hujus
1001 2411 1190 2476 tractationis
1208 2421 1379 2492 recurrent,

99 2501 225 2565 seilicet
241 2521 249 2562 ε

142 2595 180 2686 1σο
196 2587 259 2651 Iter
272 2589 380 2651 clamat
394 2589 527 2668 domino,
550 2589 583 2651 id
601 2594 647 2652 est
667 2589 792 2652 domino
812 2590 957 2671 competit
973 2591 1025 2671 J'us
1044 2591 1186 2655 strictum
1206 2611 1272 2656 rem
1293 2611 1381 2657 suem

97 2677 324 2758 recuperandi,
340 2677 528 2760 ubicumque
541 2695 609 2740 eam
622 2678 772 2741 inveniat.

138 2771 176 2830 2⁰
192 2767 253 2828 Res
266 2765 437 2849 smctifioot
449 2767 568 2829 domim
574 2784 588 2845 ;
602 2767 677 2848 quia
688 2785 764 2830 usus
777 2771 808 2830 et
817 2767 924 2830 fruitio
940 2769 1108 2832 necessario
1120 2769 1155 2832 in
1168 2769 1237 2834 idea
1250 2770 1379 2834 dominii

94 2854 231 2938 perfecti
247 2855 427 2918 includitur.

140 2951 174 3010 3⁰
190 2945 253 3007 Res
266 2943 451 3006 nmwcliter
464 2945 551 3026 perit
571 2945 709 3022 domina·
727 2944 801 3026 quia
818 2945 973 3008 deficiente
988 2946 1117 3008 dominii
1131 2948 1258 3029 objecto,
1273 2967 1381 3012 evane-

94 3037 158 3098 scit
181 3041 216 3096 et
238 3033 342 3113 ipsum
362 3031 547 3096 dominium.
571 3033 602 3095 Si
622 3039 726 3096 tamen
746 3033 873 3097 exsistat
891 3034 991 3097 adhuc
1009 3035 1042 3096 ia
1062 3036 1269 3118 aequivalenti,
1294 3038 1378 3101 istud

93 3121 290 3206 coquinatores
302 3121 426 3186 domiuo
438 3121 593 3202 competit.

135 3217 172 3276 40
186 3210 290 3274 Nemo
309 3229 346 3272 ee
365 3229 399 3272 re
416 3209 543 3272 atterius
560 3210 739 3293 locupletari
759 3212 870 3292 injuste
882 3210 967 3273 dedet
981 3231 994 3272 .·
1007 3212 1062 3274 Vel
1073 3213 1142 3275 aliis
1153 3213 1253 3277 verbis
1270 3234 1277 3275 :
1293 3214 1381 3276 Men-

93 3321 175 3364 sura
195 3301 407 3361 restitutionis
426 3307 469 3362 est
487 3301 644 3382 peanitas
658 3301 704 3362 rei
724 3299 832 3362 olieaoe
847 3301 909 3362 siae
928 3319 1017 3364 caasa
1031 3300 1166 3367 detentae.
1183 3303 1269 3366 Ratio
1282 3305 1379 3384 patet;

91 3393 154 3455 soli
173 3388 267 3453 enim
281 3387 404 3452 domino
418 3387 463 3451 rei
475 3388 619 3469 competit
632 3388 798 3451 utilitatem
813 3407 850 3451 ex
859 3389 965 3452 eadem
978 3390 1139 3471 percipere.

136 3483 267 3542 Verum
278 3477 512 3558 heoprincipia,
524 3480 728 3558 preterquam
736 3478 817 3558 quod
829 3477 991 3559 aliquando
999 3481 1091 3559 juxte
1100 3478 1234 3542 diversas
1246 3477 1381 3540 locorum

90 3571 183 3650 leges
198 3567 357 3630 diversam
377 3567 549 3630 sortiuntur
567 3566 815 3648 applicationem,
830 3566 956 3648 insuper
969 3566 1183 3631 modificantur
1195 3585 1249 3647 pro
1264 3565 1382 3629 diversa

91 3655 290 3740 possessoris
308 3654 491 3718 conditione.
508 3655 625 3736 Quippe
638 3661 738 3736 potest
756 3655 826 3736 quis
846 3674 912 3718 rem
923 3655 1055 3719 menam
1073 3654 1224 3736 possidere
1243 3655 1290 3718 vel
1311 3673 1381 3718 cum

91 3748 202 3821 bona,
221 3743 269 3807 rel
283 3761 354 3806 cum
368 3744 466 3819 male,
482 3742 529 3807 vel
543 3761 614 3806 cum
626 3743 720 3806 dubis
732 3743 800 3807 fide.
812 3743 980 3807 Dicendum
991 3744 1096 3826 itaque
1109 3764 1116 3806 :
1127 3745 1202 3807 l⁰de
1213 3761 1381 3825 possessore

91 3836 195 3900 bonae
210 3832 297 3908 fidei3
313 3837 345 3895 20
359 3833 396 3895 de
415 3850 582 3914 possessore
596 3833 684 3896 mele
701 3831 787 3909 fidei3
808 3837 841 3896 30
860 3833 897 3896 de
910 3851 1078 3915 possessore
1090 3832 1191 3896 dubie
1203 3832 1285 3895 fidei.

470 4019 530 4109 51.
550 4021 598 4088 Dc
612 4039 801 4108 possessore
817 4021 914 4090 boae
931 4021 1025 4106 ieet.

140 4189 305 4249 Possessor
320 4182 403 4244 donoe
411 4181 488 4264 fidei
495 4181 545 4244 ille
559 4186 615 4258 est,
629 4181 684 4262 qui
693 4180 914 4244 insimiliter
925 4181 1048 4261 ignorat
1058 4196 1125 4242 rem
1138 4198 1157 4242 a
1171 4197 1202 4242 se
1212 4195 1381 4260 possessam

94 4292 171 4338 esse
186 4273 336 4346 alienam,
356 4289 390 4334 ac
405 4272 571 4352 prudenter
581 4271 700 4352 judicat
713 4289 777 4334 esse
789 4288 893 4344 suam,
910 4289 940 4332 v.
955 4287 1014 4350 gr,
1028 4268 1101 4349 quia
1117 4267 1203 4330 illem
1219 4267 1384 4348 acquisivit

92 4361 202 4426 titulo
216 4359 346 4424 dominii
360 4359 439 4422 dese
460 4360 653 4436 noestatiao,
674 4365 766 4440 puta,
784 4357 988 4433 hereditatis
1004 4356 1112 4438 legati,
1134 4355 1307 4420 donationis
1326 4361 1383 4418 eut

93 4449 286 4531 emptionis.
304 4448 491 4530 supponitur
503 4454 609 4511 autem
622 4448 712 4512 illum
724 4466 790 4511 rem
803 4465 973 4528 possessum
990 4446 1129 4510 nondum
1142 4444 1380 4528 praescripsisse

94 4557 198 4602 secus
209 4538 293 4601 enim
303 4541 369 4620 jam
381 4555 444 4601 non
458 4543 540 4600 esset
551 4538 687 4600 detentor
700 4541 747 4599 rei
759 4535 884 4612 alienae,
898 4536 950 4599 sed
962 4553 1034 4600 suae.
