3136 5034
717 242 925 288 nutemus

489 437 511 527 ξ
530 437 575 505 ll.
602 441 648 505 Dc
665 438 758 506 vitiis
775 437 955 504 mensal
970 435 1145 523 oppositis.

221 612 375 691 Pracipua
389 616 463 672 sunt
480 627 573 682 error,
590 608 694 680 dolus,
711 607 759 670 ris
775 613 805 668 et
821 611 933 668 metus.

731 802 871 848 PUNCTUM
892 803 903 847 I

676 932 717 986 De
731 943 827 986 errore
841 931 870 986 et
883 927 960 986 dolo.

219 1084 289 1143 rm.
302 1114 340 1124 -
351 1080 442 1139 Error
455 1076 491 1138 in
505 1075 710 1138 contractibus
723 1075 837 1138 versari
852 1081 971 1155 potest:
986 1079 1019 1136 10
1030 1074 1109 1136 circa
1123 1074 1333 1136 substantiam
1349 1075 1412 1149 rei,
1428 1083 1463 1138 ut

180 1169 304 1232 sternes
316 1183 447 1246 cuprum
461 1183 515 1246 pro
529 1182 619 1240 anm3
634 1169 667 1226 2⁰
682 1163 760 1226 circa
774 1171 919 1226 naturam
933 1181 985 1226 seu
999 1161 1129 1244 speciem
1146 1169 1342 1236 contractus,
1357 1183 1389 1226 r.
1402 1183 1460 1246 gr„

181 1258 207 1320 si
222 1274 327 1320 sumas
341 1254 521 1317 locationem
535 1271 590 1334 pro
604 1252 795 1327 venditione;
814 1257 844 1315 30
859 1251 938 1314 circa
953 1251 1135 1332 qualitatem
1148 1269 1201 1314 seu
1215 1250 1390 1315 accidentia
1400 1253 1458 1326 rei,

179 1352 255 1427 puta
273 1344 299 1406 si
312 1361 410 1425 equus
425 1342 465 1405 sit
481 1341 603 1414 tardae,
622 1343 699 1404 dum
718 1347 880 1420 reputatur
893 1341 995 1416 relox;
1012 1345 1046 1402 10
1061 1339 1142 1403 circa
1154 1357 1335 1421 personam,
1355 1361 1385 1404 r.
1403 1360 1458 1421 gr,

180 1435 205 1496 si
222 1433 293 1516 quis
309 1433 395 1494 daret
411 1430 521 1504 Petro,
538 1431 641 1493 volens
660 1431 731 1492 dare
746 1428 848 1491 Paulo
853 1447 866 1507 ,·
884 1434 917 1492 5⁰
932 1429 1012 1492 circa
1027 1428 1195 1504 motivmn,
1212 1447 1242 1490 r.
1259 1447 1322 1509 gr„
1341 1430 1369 1491 si
1387 1430 1461 1510 quid

179 1524 265 1586 dares
280 1520 356 1584 Caio
374 1519 411 1582 ob
428 1523 638 1602 paupertatem
653 1517 701 1580 vel
714 1518 875 1598 pietatem,
892 1518 970 1580 dum
983 1516 1069 1582 dives
1084 1525 1133 1581 est
1145 1518 1194 1580 vel
1206 1517 1338 1598 impius.

218 1615 311 1672 Error
324 1615 429 1672 tamen
443 1607 521 1670 circa
535 1606 733 1688 qualitatem,
750 1606 820 1668 licet
834 1605 1065 1685 accidentalem,
1082 1611 1182 1687 potest
1196 1623 1260 1668 esse
1279 1627 1376 1670 carisa
1390 1626 1461 1670 con-

179 1705 309 1773 tractus,
324 1703 492 1780 quotenus,
504 1715 539 1758 eo
548 1701 680 1770 remoto,
693 1701 867 1758 contractus
879 1693 978 1757 initus
993 1713 1055 1758 non
1066 1694 1190 1770 fuisset;
1202 1695 1362 1758 motivum
1375 1695 1457 1758 enim

179 1787 287 1868 agendi
305 1785 516 1848 ocondariam
534 1802 625 1846 causa
643 1789 742 1864 potest
761 1801 840 1858 esse,
863 1801 918 1846 eur
939 1783 1056 1865 aliquid
1074 1783 1128 1846 fiat
1147 1787 1286 1846 autnon
1305 1783 1371 1848 liat.
1390 1784 1452 1858 Sic,

179 1896 209 1939 r.
226 1895 285 1956 gr,
299 1879 398 1956 potest
410 1873 481 1954 quis
493 1891 594 1935 emere
605 1873 734 1936 domum
747 1872 820 1954 quia
834 1871 935 1952 ampla
949 1876 1038 1934 estet
1052 1872 1227 1948 commoda,
1241 1890 1338 1954 quam
1353 1879 1451 1936 tamen

179 1983 242 2028 non
256 1964 397 2039 emisset,
414 1962 441 2024 si
455 1980 524 2025 carn
537 1960 675 2024 novisset
688 1960 875 2042 quibusdam
889 1959 924 2023 in
938 1961 1077 2041 partibus
1090 1961 1264 2024 ruinosam
1557 1989 1558 2012 t

218 2053 325 2128 Dolus,
338 2070 376 2114 ex
387 2051 517 2134 Dipest,
534 2049 555 2112 t.
570 2055 604 2126 t,
618 2056 665 2112 est
678 2049 865 2112 machinatio
878 2050 917 2112 ad
931 2049 1143 2131 decipiendum
1158 2049 1291 2112 atterum
1306 2049 1450 2114 adbibita.
1557 2049 1558 2094 t

179 2143 211 2204 Si
229 2135 371 2204 effectum
390 2139 541 2213 obtineat,
562 2137 684 2202 deliniri
697 2145 797 2219 potest
813 2157 820 2199 :
838 2137 1000 2200 artificiosa
1019 2137 1147 2200 alterius
1166 2139 1316 2219 deceptio;
1331 2143 1361 2201 et
1377 2144 1452 2200 tuna

179 2237 227 2292 est
237 2248 328 2292 causa
341 2230 459 2310 injusta
473 2227 600 2304 erroris,
616 2233 647 2290 ct
660 2227 767 2290 damni
781 2245 932 2290 exerrare
947 2226 1055 2290 secuti.

188 2403 191 2412 ·
302 2383 527 2462 Principia.

218 2533 287 2593 776.
304 2563 344 2574 -
363 2531 386 2591 Ι.
407 2529 513 2592 Omnis
537 2547 620 2591 error
641 2527 719 2590 circa
739 2527 782 2590 rei
801 2528 1000 2590 substantiam
1023 2535 1078 2590 aut
1099 2534 1265 2592 contractus
1282 2537 1452 2604 naturam,
1556 2583 1557 2592 ,

179 2625 371 2682 contractum
386 2617 508 2680 nultum
526 2616 636 2680 reddit.
653 2615 741 2681 Ratio
757 2621 819 2690 est,
836 2616 910 2697 quia
928 2622 1002 2680 tunc
1021 2617 1128 2680 nullus
1141 2623 1184 2680 ast
1196 2633 1375 2692 consensuS,
1392 2617 1451 2700 qui

178 2727 243 2770 rem
256 2706 383 2770 omnino
396 2705 550 2769 diversam
564 2705 697 2786 respicit.
712 2740 752 2750 —
768 2705 803 2766 S.
818 2705 889 2784 [ἐς.
903 2726 935 2768 a.
951 2711 1024 2772 711.

218 2799 256 2858 lt.
273 2799 364 2858 Error
377 2795 457 2858 circa
468 2793 563 2857 satam
576 2793 756 2877 qualitatem
769 2812 832 2857 non
847 2794 996 2858 invaleat
1004 2813 1065 2877 per
1078 2815 1108 2857 ee
1123 2799 1328 2862 contractum,
1343 2795 1458 2858 saltem

179 2885 206 2946 si
227 2883 347 2964 cognito
365 2901 465 2946 errore
489 2882 693 2946 nibilominus
715 2890 888 2946 contractus
910 2883 1019 2946 luisset
1042 2883 1154 2947 initus.
1175 2887 1348 2947 Conseustrs
1371 2884 1457 2948 enirn

178 2989 303 3056 prorsus
321 2971 516 3036 voluntarius
530 2971 609 3035 circe
628 2971 782 3056 objectam
799 2971 966 3053 principale
984 2973 1197 3036 conventionis
1213 2971 1356 3036 babetur.
1370 3009 1411 3019 —
1425 2973 1456 3035 Si
1555 2967 1556 2996 i

178 3065 283 3124 autem
296 3059 417 3142 cognito
436 3078 536 3124 errore
556 3059 656 3124 initus
670 3079 733 3124 uon
751 3059 858 3124 luisset
873 3065 1060 3134 contractus,
1077 3065 1328 3140 controvertitur,
1344 3070 1384 3125 ut
1396 3069 1455 3124 sn-

178 3148 237 3214 tinr
249 3148 397 3212 dicemus.

218 3237 268 3300 tlt.
285 3238 392 3313 baluc,
403 3257 463 3321 per
474 3258 502 3300 se
516 3245 547 3300 et
561 3243 694 3318 spectato
710 3237 772 3302 solo
781 3242 852 3321 jure
863 3244 998 3314 naturae,
1014 3245 1084 3301 tum
1096 3239 1221 3320 precise
1235 3240 1388 3304 invalidat
1401 3247 1456 3304 aut

179 3346 240 3390 non
253 3326 405 3392 invalidat
419 3333 626 3402 contractum,
643 3345 743 3409 quum
757 3327 887 3410 simplex
905 3347 988 3392 error
1001 3328 1035 3390 id
1053 3329 1148 3392 etiam
1166 3327 1276 3404 efficit3
1299 3347 1373 3392 nam
1387 3345 1454 3392 oon-

179 3417 283 3480 sensui
306 3433 411 3480 nocere
433 3433 497 3479 non
518 3421 632 3496 potest,
658 3415 720 3480 nisi
741 3425 896 3496 quantum
918 3424 950 3480 et
972 3423 1125 3500 quatenus
1148 3436 1240 3482 causa
1263 3425 1309 3481 est
1332 3417 1454 3482 errans.

179 3505 296 3586 lnjuria
315 3512 435 3580 tamen,
460 3521 529 3586 quae
547 3505 670 3586 decepto
688 3524 742 3587 per
761 3506 867 3569 dolum
884 3505 1027 3580 hilerim,
1048 3524 1127 3588 saepe
1147 3507 1249 3572 locum
1269 3495 1342 3572 dare
1359 3512 1458 3588 potest

180 3596 370 3656 contractum
383 3593 501 3656 initum
514 3594 718 3658 rescindendi.

301 3746 496 3822 Quaestta.

219 3895 289 3953 777.
306 3927 345 3938 -
359 3893 460 3966 Qum.
479 3896 513 3953 10
527 3893 576 3954 Aa
589 3912 678 3955 error
695 3893 743 3956 vel
758 3895 845 3956 dolas
865 3899 946 3958 circa
959 3894 1140 3977 qualitatem
1158 3895 1234 3957 dam
1247 3915 1374 3957 macera
1387 3913 1458 3956 con·

181 3981 296 4042 tractui
305 3982 411 4042 irritet
425 3990 612 4044 contractum
626 3986 688 4046 eive
701 4003 873 4058 cancerare,
888 3989 949 4048 sive
962 3983 1157 4067 protadium?

219 4065 309 4151 Hesp.
328 4075 361 4133 10
380 4067 457 4152 Nep.
476 4069 670 4153 probabilior
689 4074 789 4153 quoad
808 4078 980 4137 contractus
995 4093 1146 4150 onerosos,
1171 4074 1198 4136 si
1216 4080 1327 4154 agatur
1344 4075 1384 4138 de
1396 4073 1459 4135 solo

179 4173 294 4232 errore,
313 4159 387 4238 quia
409 4158 480 4222 talis
498 4177 582 4222 error
602 4178 664 4222 non
684 4160 814 4242 impedit
831 4165 1030 4245 copraitionem
1045 4181 1147 4244 neque
1166 4181 1339 4224 eonsensum
1356 4161 1455 4243 quoad

179 4245 224 4308 rei
240 4245 456 4311 substantiam.
481 4249 571 4312 Sccus
590 4267 678 4326 vero,
700 4249 754 4312 vix
773 4251 855 4314 ultus
873 4259 1047 4315 contractus
1068 4252 1190 4315 vatidus
1208 4251 1301 4325 toret,
1325 4251 1407 4333 quad
1422 4249 1456 4312 in

179 4335 350 4398 commercii
364 4336 497 4400 humani
511 4338 742 4403 subversionem
756 4340 884 4403 cederet.
901 4341 1013 4421 Excipe
1032 4339 1059 4403 si
1072 4340 1207 4421 qualitas
1220 4341 1309 4404 vetut
1320 4338 1457 4402 mactito

180 4421 244 4482 siae
258 4441 318 4502 qua
330 4443 391 4486 oon
405 4443 545 4505 expresse
559 4427 749 4504 intendatur,
766 4429 841 4509 quia
852 4435 928 4492 tunc
941 4429 977 4491 in
990 4428 1035 4492 rei
1049 4429 1258 4492 substantiam
1272 4429 1398 4491 tmnsu't.

220 4509 344 4582 Quando
365 4519 469 4574 autem
490 4532 572 4577 error
592 4517 733 4596 provenit
753 4537 788 4580 en
807 4517 891 4594 dolo,
911 4521 998 4601 cujus
1017 4524 1122 4581 auctor
1139 4525 1211 4592 est,
1223 4525 1278 4581 aut
1300 4525 1382 4581 certe
1404 4516 1456 4580 cui
