<?xml version="1.0" encoding="UTF-8"?>
<!DOCTYPE html PUBLIC "-//W3C//DTD XHTML 1.0 Transitional//EN"
    "http://www.w3.org/TR/xhtml1/DTD/xhtml1-transitional.dtd">
<html xmlns="http://www.w3.org/1999/xhtml" xml:lang="en" lang="en">
 <head>
  <title>
</title>
<meta http-equiv="Content-Type" content="text/html;charset=utf-8" />
  <meta name='ocr-system' content='tesseract 3.04.00' />
  <meta name='ocr-capabilities' content='ocr_page ocr_carea ocr_par ocr_line ocrx_word'/>
</head>
<body>
  <div class='ocr_page' id='page_1' title='image "./compendiumtheol02gurygoog_0434.png"; bbox 0 0 3156 5026; ppageno 0'>
   <div class='ocr_carea' id='block_1_1' title="bbox 532 145 1361 244">
    <p class='ocr_par' dir='ltr' id='par_1_1' title="bbox 532 145 1361 244">
     <span class='ocr_line' id='line_1_1' title="bbox 532 145 1361 244; baseline 0.007 -6"><span class='ocrx_word' id='word_1_1' title='bbox 532 193 575 238; x_wconf 79' lang='lat' dir='ltr'><em>nn</em></span> <span class='ocrx_word' id='word_1_2' title='bbox 595 145 766 238; x_wconf 64' lang='lat' dir='ltr'><em>insumulf</em></span> <span class='ocrx_word' id='word_1_3' title='bbox 781 195 822 238; x_wconf 82' lang='lat' dir='ltr'><em>nr</em></span> <span class='ocrx_word' id='word_1_4' title='bbox 843 195 928 239; x_wconf 80' lang='lat' dir='ltr'><em>suan</em></span> <span class='ocrx_word' id='word_1_5' title='bbox 1294 185 1361 244; x_wconf 82' lang='lat' dir='ltr'><em>tl&#39;l</em></span> 
     </span>
    </p>
   </div>
   <div class='ocr_carea' id='block_1_2' title="bbox 95 303 1373 4021">
    <p class='ocr_par' dir='ltr' id='par_1_2' title="bbox 97 303 1361 475">
     <span class='ocr_line' id='line_1_2' title="bbox 97 303 1361 390; baseline 0 -19"><span class='ocrx_word' id='word_1_6' title='bbox 97 312 230 390; x_wconf 85' lang='lat' dir='ltr'><em>justam,</em></span> <span class='ocrx_word' id='word_1_7' title='bbox 246 304 272 368; x_wconf 88' lang='lat' dir='ltr'><em>si</em></span> <span class='ocrx_word' id='word_1_8' title='bbox 286 303 386 385; x_wconf 88' lang='lat' dir='ltr'><em>reipsa</em></span> <span class='ocrx_word' id='word_1_9' title='bbox 395 305 481 384; x_wconf 86' lang='lat' dir='ltr'><em>justa</em></span> <span class='ocrx_word' id='word_1_10' title='bbox 494 308 554 379; x_wconf 90' lang='lat' dir='ltr'><em>est;</em></span> <span class='ocrx_word' id='word_1_11' title='bbox 571 303 617 367; x_wconf 89' lang='lat' dir='ltr'><em>vel</em></span> <span class='ocrx_word' id='word_1_12' title='bbox 629 303 680 366; x_wconf 93' lang='lat' dir='ltr'><em>ille</em></span> <span class='ocrx_word' id='word_1_13' title='bbox 693 303 748 384; x_wconf 90' lang='lat' dir='ltr'><em>qui</em></span> <span class='ocrx_word' id='word_1_14' title='bbox 761 303 842 384; x_wconf 88' lang='lat' dir='ltr'><em>rapit</em></span> <span class='ocrx_word' id='word_1_15' title='bbox 855 323 921 366; x_wconf 89' lang='lat' dir='ltr'><em>rem</em></span> <span class='ocrx_word' id='word_1_16' title='bbox 934 321 1027 384; x_wconf 89' lang='lat' dir='ltr'><em>quam</em></span> <span class='ocrx_word' id='word_1_17' title='bbox 1041 304 1200 369; x_wconf 86' lang='lat' dir='ltr'><em>existimat</em></span> <span class='ocrx_word' id='word_1_18' title='bbox 1214 305 1361 384; x_wconf 86' lang='lat' dir='ltr'><em>alienam,</em></span> 
     </span>
     <span class='ocr_line' id='line_1_3' title="bbox 100 391 1332 475; baseline 0.002 -17"><span class='ocrx_word' id='word_1_19' title='bbox 100 397 177 460; x_wconf 88' lang='lat' dir='ltr'><em>dum</em></span> <span class='ocrx_word' id='word_1_20' title='bbox 189 413 244 457; x_wconf 89' lang='lat' dir='ltr'><em>sua</em></span> <span class='ocrx_word' id='word_1_21' title='bbox 255 392 352 474; x_wconf 88' lang='lat' dir='ltr'><em>ipsius</em></span> <span class='ocrx_word' id='word_1_22' title='bbox 364 397 419 454; x_wconf 89' lang='lat' dir='ltr'><em>est.</em></span> <span class='ocrx_word' id='word_1_23' title='bbox 433 427 474 437; x_wconf 91' lang='lat'>-</span> <span class='ocrx_word' id='word_1_24' title='bbox 488 391 524 454; x_wconf 93' lang='lat' dir='ltr'><em>S.</em></span> <span class='ocrx_word' id='word_1_25' title='bbox 538 391 608 474; x_wconf 83' lang='lat' dir='ltr'><em>Lip.</em></span> <span class='ocrx_word' id='word_1_26' title='bbox 625 412 656 454; x_wconf 89' lang='lat' dir='ltr'><em>n.</em></span> <span class='ocrx_word' id='word_1_27' title='bbox 670 396 739 456; x_wconf 80' lang='grc'><strong>556.</strong></span> <span class='ocrx_word' id='word_1_28' title='bbox 755 427 794 438; x_wconf 91' lang='lat'><em>-</em></span> <span class='ocrx_word' id='word_1_29' title='bbox 808 392 913 454; x_wconf 79' lang='lat' dir='ltr'><em>Recole</em></span> <span class='ocrx_word' id='word_1_30' title='bbox 926 393 1009 455; x_wconf 89' lang='lat' dir='ltr'><em>dieto</em></span> <span class='ocrx_word' id='word_1_31' title='bbox 1019 412 1112 475; x_wconf 86' lang='lat' dir='ltr'><em>supro</em></span> <span class='ocrx_word' id='word_1_32' title='bbox 1126 413 1157 456; x_wconf 91' lang='lat' dir='ltr'><em>n.</em></span> <span class='ocrx_word' id='word_1_33' title='bbox 1172 398 1247 468; x_wconf 67' lang='lat'><em>602,</em></span> <span class='ocrx_word' id='word_1_34' title='bbox 1263 401 1332 460; x_wconf 90' lang='grc'><strong>603.</strong></span> 
     </span>
    </p>

    <p class='ocr_par' dir='ltr' id='par_1_3' title="bbox 141 479 1141 563">
     <span class='ocr_line' id='line_1_4' title="bbox 141 479 1141 563; baseline -0.002 -17"><span class='ocrx_word' id='word_1_35' title='bbox 141 487 243 560; x_wconf 77' lang='lat' dir='ltr'><em>Quas.</em></span> <span class='ocrx_word' id='word_1_36' title='bbox 262 487 294 546; x_wconf 86' lang='lat'><em>3⁰</em></span> <span class='ocrx_word' id='word_1_37' title='bbox 310 480 359 541; x_wconf 85' lang='lat' dir='ltr'><em>An</em></span> <span class='ocrx_word' id='word_1_38' title='bbox 372 479 613 557; x_wconf 77' lang='lat' dir='ltr'><em>multiplicentur</em></span> <span class='ocrx_word' id='word_1_39' title='bbox 620 491 746 563; x_wconf 86' lang='lat' dir='ltr'><em>peccato</em></span> <span class='ocrx_word' id='word_1_40' title='bbox 759 479 911 544; x_wconf 85' lang='lat' dir='ltr'><em>dilutione</em></span> <span class='ocrx_word' id='word_1_41' title='bbox 923 481 1141 544; x_wconf 74' lang='lat' dir='ltr'><em>restitutionis?</em></span> 
     </span>
    </p>

    <p class='ocr_par' dir='ltr' id='par_1_4' title="bbox 100 567 1367 827">
     <span class='ocr_line' id='line_1_5' title="bbox 142 567 1366 652; baseline 0.003 -19"><span class='ocrx_word' id='word_1_42' title='bbox 142 572 232 652; x_wconf 84' lang='lat' dir='ltr'><em>Resp.</em></span> <span class='ocrx_word' id='word_1_43' title='bbox 252 571 329 651; x_wconf 81' lang='lat' dir='ltr'><em>Nep.</em></span> <span class='ocrx_word' id='word_1_44' title='bbox 348 567 556 652; x_wconf 77' lang='lat' dir='ltr'><em>probabilius,</em></span> <span class='ocrx_word' id='word_1_45' title='bbox 580 567 607 631; x_wconf 93' lang='lat' dir='ltr'><em>si</em></span> <span class='ocrx_word' id='word_1_46' title='bbox 626 569 824 632; x_wconf 86' lang='lat' dir='ltr'><em>habitualiter</em></span> <span class='ocrx_word' id='word_1_47' title='bbox 847 576 1017 650; x_wconf 87' lang='lat' dir='ltr'><em>perseveret</em></span> <span class='ocrx_word' id='word_1_48' title='bbox 1039 571 1119 634; x_wconf 86' lang='lat' dir='ltr'><em>mala</em></span> <span class='ocrx_word' id='word_1_49' title='bbox 1140 572 1281 635; x_wconf 87' lang='lat' dir='ltr'><em>voluntas</em></span> <span class='ocrx_word' id='word_1_50' title='bbox 1304 591 1366 637; x_wconf 92' lang='lat' dir='ltr'><em>non</em></span> 
     </span>
     <span class='ocr_line' id='line_1_6' title="bbox 100 657 1367 739; baseline 0.002 -17"><span class='ocrx_word' id='word_1_51' title='bbox 100 659 290 723; x_wconf 87' lang='lat' dir='ltr'><em>restituendi.</em></span> <span class='ocrx_word' id='word_1_52' title='bbox 306 691 347 706; x_wconf 91' lang='lat'><em>·-</em></span> <span class='ocrx_word' id='word_1_53' title='bbox 367 657 403 720; x_wconf 90' lang='lat' dir='ltr'><em>S.</em></span> <span class='ocrx_word' id='word_1_54' title='bbox 420 657 503 739; x_wconf 74' lang='lat' dir='ltr'><em>Lep,</em></span> <span class='ocrx_word' id='word_1_55' title='bbox 528 657 551 720; x_wconf 91' lang='lat' dir='ltr'><em>l.</em></span> <span class='ocrx_word' id='word_1_56' title='bbox 571 659 610 733; x_wconf 89' lang='lat' dir='ltr'><em>V,</em></span> <span class='ocrx_word' id='word_1_57' title='bbox 632 677 664 718; x_wconf 89' lang='lat' dir='ltr'><em>n.</em></span> <span class='ocrx_word' id='word_1_58' title='bbox 682 662 733 722; x_wconf 82' lang='lat' dir='ltr'><em>ro.</em></span> <span class='ocrx_word' id='word_1_59' title='bbox 753 691 794 706; x_wconf 93' lang='lat'>-</span> <span class='ocrx_word' id='word_1_60' title='bbox 813 658 919 721; x_wconf 85' lang='lat' dir='ltr'><em>Recole</em></span> <span class='ocrx_word' id='word_1_61' title='bbox 936 657 1019 721; x_wconf 87' lang='lat' dir='ltr'><em>dictu</em></span> <span class='ocrx_word' id='word_1_62' title='bbox 1035 659 1070 722; x_wconf 88' lang='lat' dir='ltr'><em>in</em></span> <span class='ocrx_word' id='word_1_63' title='bbox 1089 668 1177 722; x_wconf 87' lang='lat' dir='ltr'><em>tract.</em></span> <span class='ocrx_word' id='word_1_64' title='bbox 1201 659 1236 722; x_wconf 88' lang='lat' dir='ltr'><em>de</em></span> <span class='ocrx_word' id='word_1_65' title='bbox 1251 661 1367 726; x_wconf 88' lang='lat' dir='ltr'><em>Pecca-</em></span> 
     </span>
     <span class='ocr_line' id='line_1_7' title="bbox 102 751 295 827; baseline -0.005 -18"><span class='ocrx_word' id='word_1_66' title='bbox 102 752 155 827; x_wconf 89' lang='lat' dir='ltr'><em>tis,</em></span> <span class='ocrx_word' id='word_1_67' title='bbox 179 768 210 808; x_wconf 95' lang='lat' dir='ltr'><em>n.</em></span> <span class='ocrx_word' id='word_1_68' title='bbox 226 751 295 810; x_wconf 76' lang='grc'><strong>166.</strong></span> 
     </span>
    </p>

    <p class='ocr_par' dir='ltr' id='par_1_5' title="bbox 95 833 1367 1076">
     <span class='ocr_line' id='line_1_8' title="bbox 141 833 1367 917; baseline 0.002 -16"><span class='ocrx_word' id='word_1_69' title='bbox 141 839 209 901; x_wconf 88' lang='grc'><strong>630.</strong></span> <span class='ocrx_word' id='word_1_70' title='bbox 226 871 266 882; x_wconf 88' lang='grc'>-</span> <span class='ocrx_word' id='word_1_71' title='bbox 279 839 381 913; x_wconf 78' lang='grc'><strong>0666.</strong></span> <span class='ocrx_word' id='word_1_72' title='bbox 397 839 431 898; x_wconf 82' lang='lat' dir='ltr'><em>l⁰</em></span> <span class='ocrx_word' id='word_1_73' title='bbox 445 834 495 896; x_wconf 86' lang='lat' dir='ltr'><em>An</em></span> <span class='ocrx_word' id='word_1_74' title='bbox 507 834 628 916; x_wconf 80' lang='lat' dir='ltr'><em>furtulo</em></span> <span class='ocrx_word' id='word_1_75' title='bbox 640 833 764 896; x_wconf 73' lang='lat' dir='ltr'><em>divesis</em></span> <span class='ocrx_word' id='word_1_76' title='bbox 777 839 910 916; x_wconf 86' lang='lat' dir='ltr'><em>personis</em></span> <span class='ocrx_word' id='word_1_77' title='bbox 923 836 1006 917; x_wconf 76' lang='lat' dir='ltr'><em>sacto</em></span> <span class='ocrx_word' id='word_1_78' title='bbox 1019 835 1060 898; x_wconf 90' lang='lat' dir='ltr'><em>ud</em></span> <span class='ocrx_word' id='word_1_79' title='bbox 1077 837 1294 901; x_wconf 86' lang='lat' dir='ltr'><em>restitutionem</em></span> <span class='ocrx_word' id='word_1_80' title='bbox 1312 859 1367 903; x_wconf 84' lang='lat' dir='ltr'><em>sun</em></span> 
     </span>
     <span class='ocr_line' id='line_1_9' title="bbox 96 922 1367 1006; baseline 0.004 -20"><span class='ocrx_word' id='word_1_81' title='bbox 96 943 190 988; x_wconf 77' lang='lat' dir='ltr'><em>enarr</em></span> <span class='ocrx_word' id='word_1_82' title='bbox 204 923 353 1006; x_wconf 75' lang='lat' dir='ltr'><em>oblipent,</em></span> <span class='ocrx_word' id='word_1_83' title='bbox 370 925 397 985; x_wconf 89' lang='lat' dir='ltr'><em>si</em></span> <span class='ocrx_word' id='word_1_84' title='bbox 411 922 454 986; x_wconf 93' lang='lat' dir='ltr'><em>od</em></span> <span class='ocrx_word' id='word_1_85' title='bbox 465 943 586 1004; x_wconf 82' lang='lat' dir='ltr'><em>prooem</em></span> <span class='ocrx_word' id='word_1_86' title='bbox 604 924 760 984; x_wconf 83' lang='lat' dir='ltr'><em>materiam</em></span> <span class='ocrx_word' id='word_1_87' title='bbox 772 927 983 1005; x_wconf 76' lang='lat' dir='ltr'><em>pervenerint,</em></span> <span class='ocrx_word' id='word_1_88' title='bbox 999 934 1028 986; x_wconf 89' lang='lat' dir='ltr'><em>et</em></span> <span class='ocrx_word' id='word_1_89' title='bbox 1040 935 1142 988; x_wconf 85' lang='lat' dir='ltr'><em>utrum</em></span> <span class='ocrx_word' id='word_1_90' title='bbox 1156 943 1279 990; x_wconf 83' lang='lat' dir='ltr'><em>nouuus</em></span> <span class='ocrx_word' id='word_1_91' title='bbox 1294 946 1367 998; x_wconf 83' lang='lat' dir='ltr'><em>nsrs</em></span> 
     </span>
     <span class='ocr_line' id='line_1_10' title="bbox 95 1011 668 1076; baseline -0.005 -1"><span class='ocrx_word' id='word_1_92' title='bbox 95 1015 184 1075; x_wconf 86' lang='lat' dir='ltr'><em>etium</em></span> <span class='ocrx_word' id='word_1_93' title='bbox 200 1032 254 1076; x_wconf 85' lang='lat' dir='ltr'><em>sun</em></span> <span class='ocrx_word' id='word_1_94' title='bbox 272 1030 367 1075; x_wconf 74' lang='lat' dir='ltr'><em>onum</em></span> <span class='ocrx_word' id='word_1_95' title='bbox 380 1011 594 1074; x_wconf 86' lang='lat' dir='ltr'><em>restituendum</em></span> <span class='ocrx_word' id='word_1_96' title='bbox 607 1012 668 1073; x_wconf 79' lang='lat' dir='ltr'><em>sit?</em></span> 
     </span>
    </p>

    <p class='ocr_par' dir='ltr' id='par_1_6' title="bbox 95 1099 1369 1359">
     <span class='ocr_line' id='line_1_11' title="bbox 134 1099 1369 1186; baseline 0.005 -22"><span class='ocrx_word' id='word_1_97' title='bbox 134 1101 220 1183; x_wconf 83' lang='lat' dir='ltr'><em>Reep.</em></span> <span class='ocrx_word' id='word_1_98' title='bbox 236 1103 282 1166; x_wconf 86' lang='lat' dir='ltr'><em>sd</em></span> <span class='ocrx_word' id='word_1_99' title='bbox 297 1106 349 1164; x_wconf 69' lang='lat'><em>{²¹²</em></span> <span class='ocrx_word' id='word_1_100' title='bbox 359 1099 498 1182; x_wconf 67' lang='lat' dir='ltr'><em>Affinis,</em></span> <span class='ocrx_word' id='word_1_101' title='bbox 520 1099 593 1182; x_wconf 89' lang='lat' dir='ltr'><em>quia</em></span> <span class='ocrx_word' id='word_1_102' title='bbox 608 1105 794 1181; x_wconf 78' lang='lat' dir='ltr'><em>preceptum</em></span> <span class='ocrx_word' id='word_1_103' title='bbox 808 1119 872 1164; x_wconf 93' lang='lat' dir='ltr'><em>non</em></span> <span class='ocrx_word' id='word_1_104' title='bbox 889 1100 1013 1164; x_wconf 81' lang='lat' dir='ltr'><em>furandi</em></span> <span class='ocrx_word' id='word_1_105' title='bbox 1032 1119 1094 1164; x_wconf 92' lang='lat' dir='ltr'><em>non</em></span> <span class='ocrx_word' id='word_1_106' title='bbox 1113 1101 1212 1166; x_wconf 88' lang='lat' dir='ltr'><em>solum</em></span> <span class='ocrx_word' id='word_1_107' title='bbox 1228 1105 1369 1186; x_wconf 89' lang='lat' dir='ltr'><em>prohibet</em></span> 
     </span>
     <span class='ocr_line' id='line_1_12' title="bbox 95 1187 1368 1271; baseline 0.004 -19"><span class='ocrx_word' id='word_1_108' title='bbox 95 1207 133 1252; x_wconf 91' lang='lat' dir='ltr'><em>ne</em></span> <span class='ocrx_word' id='word_1_109' title='bbox 145 1191 302 1253; x_wconf 85' lang='lat' dir='ltr'><em>damnum</em></span> <span class='ocrx_word' id='word_1_110' title='bbox 313 1188 401 1252; x_wconf 82' lang='lat' dir='ltr'><em>elteri</em></span> <span class='ocrx_word' id='word_1_111' title='bbox 412 1187 571 1264; x_wconf 81' lang='lat' dir='ltr'><em>inieramr,</em></span> <span class='ocrx_word' id='word_1_112' title='bbox 587 1189 638 1251; x_wconf 88' lang='lat' dir='ltr'><em>sed</em></span> <span class='ocrx_word' id='word_1_113' title='bbox 652 1188 746 1251; x_wconf 88' lang='lat' dir='ltr'><em>etiam</em></span> <span class='ocrx_word' id='word_1_114' title='bbox 758 1188 878 1270; x_wconf 85' lang='lat' dir='ltr'><em>nequis</em></span> <span class='ocrx_word' id='word_1_115' title='bbox 890 1189 1005 1271; x_wconf 86' lang='lat' dir='ltr'><em>injuste</em></span> <span class='ocrx_word' id='word_1_116' title='bbox 1019 1189 1146 1254; x_wconf 84' lang='lat' dir='ltr'><em>ditescat</em></span> <span class='ocrx_word' id='word_1_117' title='bbox 1159 1210 1192 1254; x_wconf 88' lang='lat' dir='ltr'><em>re</em></span> <span class='ocrx_word' id='word_1_118' title='bbox 1205 1192 1313 1258; x_wconf 85' lang='lat' dir='ltr'><em>ahena.</em></span> <span class='ocrx_word' id='word_1_119' title='bbox 1328 1229 1368 1244; x_wconf 88' lang='lat'><em>-</em></span> 
     </span>
     <span class='ocr_line' id='line_1_13' title="bbox 95 1276 934 1359; baseline -0.004 -18"><span class='ocrx_word' id='word_1_120' title='bbox 95 1313 133 1324; x_wconf 92' lang='lat'>-</span> <span class='ocrx_word' id='word_1_121' title='bbox 146 1279 199 1342; x_wconf 89' lang='lat' dir='ltr'><em>Ito</em></span> <span class='ocrx_word' id='word_1_122' title='bbox 213 1279 423 1341; x_wconf 79' lang='lat' dir='ltr'><em>cummuniter.</em></span> <span class='ocrx_word' id='word_1_123' title='bbox 438 1313 480 1323; x_wconf 96' lang='lat'>-</span> <span class='ocrx_word' id='word_1_124' title='bbox 492 1277 597 1340; x_wconf 84' lang='lat' dir='ltr'><em>Recole</em></span> <span class='ocrx_word' id='word_1_125' title='bbox 611 1276 693 1340; x_wconf 90' lang='lat' dir='ltr'><em>dicta</em></span> <span class='ocrx_word' id='word_1_126' title='bbox 708 1297 803 1359; x_wconf 86' lang='lat' dir='ltr'><em>supro</em></span> <span class='ocrx_word' id='word_1_127' title='bbox 816 1297 847 1338; x_wconf 91' lang='lat' dir='ltr'><em>n.</em></span> <span class='ocrx_word' id='word_1_128' title='bbox 864 1281 934 1342; x_wconf 80' lang='grc'><strong>609.</strong></span> 
     </span>
    </p>

    <p class='ocr_par' dir='ltr' id='par_1_7' title="bbox 96 1365 1369 1892">
     <span class='ocr_line' id='line_1_14' title="bbox 132 1365 1368 1450; baseline 0.004 -20"><span class='ocrx_word' id='word_1_129' title='bbox 132 1367 222 1450; x_wconf 87' lang='lat' dir='ltr'><em>ltesp.</em></span> <span class='ocrx_word' id='word_1_130' title='bbox 238 1369 282 1431; x_wconf 88' lang='lat' dir='ltr'><em>ad</em></span> <span class='ocrx_word' id='word_1_131' title='bbox 293 1371 348 1430; x_wconf 66' lang='lat'><em>2³³¹</em></span> <span class='ocrx_word' id='word_1_132' title='bbox 360 1367 437 1448; x_wconf 83' lang='lat' dir='ltr'><em>Nep.</em></span> <span class='ocrx_word' id='word_1_133' title='bbox 445 1365 647 1450; x_wconf 75' lang='lat' dir='ltr'><em>probabilius.</em></span> <span class='ocrx_word' id='word_1_134' title='bbox 661 1366 753 1442; x_wconf 28' lang='lat' dir='ltr'><em>,Ratio</em></span> <span class='ocrx_word' id='word_1_135' title='bbox 765 1371 826 1442; x_wconf 89' lang='lat' dir='ltr'><em>est,</em></span> <span class='ocrx_word' id='word_1_136' title='bbox 842 1366 916 1448; x_wconf 89' lang='lat' dir='ltr'><em>quia</em></span> <span class='ocrx_word' id='word_1_137' title='bbox 927 1385 966 1430; x_wconf 88' lang='grc'><em>66</em></span> <span class='ocrx_word' id='word_1_138' title='bbox 977 1367 1140 1448; x_wconf 81' lang='lat' dir='ltr'><em>hypothesi</em></span> <span class='ocrx_word' id='word_1_139' title='bbox 1153 1369 1258 1432; x_wconf 89' lang='lat' dir='ltr'><em>nullus</em></span> <span class='ocrx_word' id='word_1_140' title='bbox 1270 1370 1368 1434; x_wconf 89' lang='lat' dir='ltr'><em>domi·</em></span> 
     </span>
     <span class='ocr_line' id='line_1_15' title="bbox 96 1454 1366 1537; baseline 0.003 -19"><span class='ocrx_word' id='word_1_141' title='bbox 96 1473 156 1518; x_wconf 89' lang='lat' dir='ltr'><em>nus</em></span> <span class='ocrx_word' id='word_1_142' title='bbox 168 1475 296 1537; x_wconf 80' lang='lat' dir='ltr'><em>gravem</em></span> <span class='ocrx_word' id='word_1_143' title='bbox 308 1455 458 1537; x_wconf 89' lang='lat' dir='ltr'><em>injuriam</em></span> <span class='ocrx_word' id='word_1_144' title='bbox 473 1473 580 1536; x_wconf 89' lang='lat' dir='ltr'><em>passus</em></span> <span class='ocrx_word' id='word_1_145' title='bbox 594 1463 650 1518; x_wconf 89' lang='lat' dir='ltr'><em>est.</em></span> <span class='ocrx_word' id='word_1_146' title='bbox 667 1457 822 1518; x_wconf 88' lang='lat' dir='ltr'><em>-Potest</em></span> <span class='ocrx_word' id='word_1_147' title='bbox 836 1474 920 1535; x_wconf 81' lang='lat' dir='ltr'><em>ergo,</em></span> <span class='ocrx_word' id='word_1_148' title='bbox 936 1454 1060 1518; x_wconf 86' lang='lat' dir='ltr'><em>etiamsi</em></span> <span class='ocrx_word' id='word_1_149' title='bbox 1074 1456 1192 1519; x_wconf 90' lang='lat' dir='ltr'><em>domini</em></span> <span class='ocrx_word' id='word_1_150' title='bbox 1207 1457 1269 1520; x_wconf 91' lang='lat' dir='ltr'><em>sint</em></span> <span class='ocrx_word' id='word_1_151' title='bbox 1284 1459 1366 1536; x_wconf 87' lang='lat' dir='ltr'><em>noti,</em></span> 
     </span>
     <span class='ocr_line' id='line_1_16' title="bbox 99 1543 1369 1627; baseline 0.003 -21"><span class='ocrx_word' id='word_1_152' title='bbox 99 1543 165 1608; x_wconf 89' lang='lat' dir='ltr'><em>sine</em></span> <span class='ocrx_word' id='word_1_153' title='bbox 179 1547 267 1626; x_wconf 81' lang='lat' dir='ltr'><em>gravi</em></span> <span class='ocrx_word' id='word_1_154' title='bbox 280 1544 416 1627; x_wconf 87' lang='lat' dir='ltr'><em>cujusvis</em></span> <span class='ocrx_word' id='word_1_155' title='bbox 431 1544 552 1608; x_wconf 84' lang='lat' dir='ltr'><em>laesione</em></span> <span class='ocrx_word' id='word_1_156' title='bbox 563 1543 717 1608; x_wconf 80' lang='lat' dir='ltr'><em>restitutio</em></span> <span class='ocrx_word' id='word_1_157' title='bbox 731 1543 797 1606; x_wconf 87' lang='lat' dir='ltr'><em>fieri</em></span> <span class='ocrx_word' id='word_1_158' title='bbox 811 1543 1011 1625; x_wconf 78' lang='lat' dir='ltr'><em>pauperibuS,</em></span> <span class='ocrx_word' id='word_1_159' title='bbox 1025 1544 1073 1608; x_wconf 86' lang='lat' dir='ltr'><em>vel</em></span> <span class='ocrx_word' id='word_1_160' title='bbox 1086 1543 1159 1607; x_wconf 88' lang='lat' dir='ltr'><em>loeis</em></span> <span class='ocrx_word' id='word_1_161' title='bbox 1172 1544 1247 1625; x_wconf 87' lang='lat' dir='ltr'><em>piis;</em></span> <span class='ocrx_word' id='word_1_162' title='bbox 1263 1546 1327 1609; x_wconf 87' lang='lat' dir='ltr'><em>imo</em></span> <span class='ocrx_word' id='word_1_163' title='bbox 1341 1547 1369 1610; x_wconf 87' lang='lat' dir='ltr'><em>si</em></span> 
     </span>
     <span class='ocr_line' id='line_1_17' title="bbox 99 1632 1369 1714; baseline 0.002 -19"><span class='ocrx_word' id='word_1_164' title='bbox 99 1649 189 1696; x_wconf 85' lang='lat' dir='ltr'><em>cansa</em></span> <span class='ocrx_word' id='word_1_165' title='bbox 202 1633 396 1700; x_wconf 84' lang='lat' dir='ltr'><em>rationabilis</em></span> <span class='ocrx_word' id='word_1_166' title='bbox 410 1634 544 1709; x_wconf 84' lang='lat' dir='ltr'><em>accedat,</em></span> <span class='ocrx_word' id='word_1_167' title='bbox 556 1652 588 1696; x_wconf 83' lang='lat' dir='ltr'><em>v.</em></span> <span class='ocrx_word' id='word_1_168' title='bbox 602 1649 661 1712; x_wconf 75' lang='lat' dir='ltr'><em>gn,</em></span> <span class='ocrx_word' id='word_1_169' title='bbox 672 1632 835 1696; x_wconf 87' lang='lat' dir='ltr'><em>necessitas</em></span> <span class='ocrx_word' id='word_1_170' title='bbox 847 1649 959 1713; x_wconf 78' lang='lat' dir='ltr'><em>urgens</em></span> <span class='ocrx_word' id='word_1_171' title='bbox 971 1651 1155 1714; x_wconf 84' lang='lat' dir='ltr'><em>pauperum,</em></span> <span class='ocrx_word' id='word_1_172' title='bbox 1169 1637 1240 1708; x_wconf 78' lang='lat' dir='ltr'><em>ete,</em></span> <span class='ocrx_word' id='word_1_173' title='bbox 1252 1633 1369 1698; x_wconf 86' lang='lat' dir='ltr'><em>veniale</em></span> 
     </span>
     <span class='ocr_line' id='line_1_18' title="bbox 99 1719 1368 1803; baseline 0.002 -19"><span class='ocrx_word' id='word_1_174' title='bbox 99 1738 219 1803; x_wconf 89' lang='lat' dir='ltr'><em>quoque</em></span> <span class='ocrx_word' id='word_1_175' title='bbox 234 1723 342 1787; x_wconf 88' lang='lat' dir='ltr'><em>aberit.</em></span> <span class='ocrx_word' id='word_1_176' title='bbox 354 1755 395 1768; x_wconf 90' lang='lat'><em>-</em></span> <span class='ocrx_word' id='word_1_177' title='bbox 408 1721 444 1785; x_wconf 90' lang='lat' dir='ltr'><em>S.</em></span> <span class='ocrx_word' id='word_1_178' title='bbox 455 1722 561 1803; x_wconf 83' lang='lat' dir='ltr'><em>Lipor.</em></span> <span class='ocrx_word' id='word_1_179' title='bbox 576 1741 607 1783; x_wconf 88' lang='lat' dir='ltr'><em>n.</em></span> <span class='ocrx_word' id='word_1_180' title='bbox 623 1725 696 1797; x_wconf 81' lang='lat' dir='ltr'><em>sat,</em></span> <span class='ocrx_word' id='word_1_181' title='bbox 711 1723 781 1784; x_wconf 82' lang='grc'><strong>696.</strong></span> <span class='ocrx_word' id='word_1_182' title='bbox 793 1755 833 1766; x_wconf 91' lang='grc'><strong>-</strong></span> <span class='ocrx_word' id='word_1_183' title='bbox 846 1719 878 1783; x_wconf 90' lang='lat' dir='ltr'><em>Si</em></span> <span class='ocrx_word' id='word_1_184' title='bbox 889 1740 960 1786; x_wconf 87' lang='lat' dir='ltr'><em>vero</em></span> <span class='ocrx_word' id='word_1_185' title='bbox 974 1720 1094 1785; x_wconf 90' lang='lat' dir='ltr'><em>domini</em></span> <span class='ocrx_word' id='word_1_186' title='bbox 1106 1720 1170 1784; x_wconf 86' lang='lat' dir='ltr'><em>sint</em></span> <span class='ocrx_word' id='word_1_187' title='bbox 1183 1721 1296 1802; x_wconf 81' lang='lat' dir='ltr'><em>ignoti,</em></span> <span class='ocrx_word' id='word_1_188' title='bbox 1311 1721 1368 1786; x_wconf 88' lang='lat' dir='ltr'><em>sub</em></span> 
     </span>
     <span class='ocr_line' id='line_1_19' title="bbox 97 1808 1209 1892; baseline 0 -20"><span class='ocrx_word' id='word_1_189' title='bbox 97 1811 182 1888; x_wconf 80' lang='lat' dir='ltr'><em>gravi</em></span> <span class='ocrx_word' id='word_1_190' title='bbox 196 1810 383 1892; x_wconf 88' lang='lat' dir='ltr'><em>pauperibus</em></span> <span class='ocrx_word' id='word_1_191' title='bbox 397 1829 450 1874; x_wconf 88' lang='lat' dir='ltr'><em>seu</em></span> <span class='ocrx_word' id='word_1_192' title='bbox 465 1810 536 1873; x_wconf 86' lang='lat' dir='ltr'><em>locis</em></span> <span class='ocrx_word' id='word_1_193' title='bbox 550 1809 610 1891; x_wconf 91' lang='lat' dir='ltr'><em>piis</em></span> <span class='ocrx_word' id='word_1_194' title='bbox 624 1809 851 1873; x_wconf 86' lang='lat' dir='ltr'><em>restituendum</em></span> <span class='ocrx_word' id='word_1_195' title='bbox 865 1816 921 1873; x_wconf 89' lang='lat' dir='ltr'><em>est.</em></span> <span class='ocrx_word' id='word_1_196' title='bbox 936 1845 976 1856; x_wconf 91' lang='lat'>-</span> <span class='ocrx_word' id='word_1_197' title='bbox 989 1808 1026 1872; x_wconf 90' lang='lat' dir='ltr'><em>S.</em></span> <span class='ocrx_word' id='word_1_198' title='bbox 1037 1810 1122 1891; x_wconf 75' lang='lat' dir='ltr'><em>Lip„</em></span> <span class='ocrx_word' id='word_1_199' title='bbox 1134 1809 1209 1872; x_wconf 82' lang='lat' dir='ltr'><em>ibid.</em></span> 
     </span>
    </p>

    <p class='ocr_par' dir='ltr' id='par_1_8' title="bbox 139 1898 1371 1981">
     <span class='ocr_line' id='line_1_20' title="bbox 139 1898 1371 1981; baseline 0.001 -19"><span class='ocrx_word' id='word_1_200' title='bbox 139 1902 245 1976; x_wconf 76' lang='lat' dir='ltr'><em>Onna.</em></span> <span class='ocrx_word' id='word_1_201' title='bbox 262 1904 294 1963; x_wconf 84' lang='lat'><em>5⁰</em></span> <span class='ocrx_word' id='word_1_202' title='bbox 305 1899 353 1960; x_wconf 84' lang='lat' dir='ltr'><em>Aa</em></span> <span class='ocrx_word' id='word_1_203' title='bbox 366 1918 420 1961; x_wconf 85' lang='lat' dir='ltr'><em>sun</em></span> <span class='ocrx_word' id='word_1_204' title='bbox 433 1917 525 1962; x_wconf 76' lang='lat' dir='ltr'><em>annm</em></span> <span class='ocrx_word' id='word_1_205' title='bbox 539 1899 694 1960; x_wconf 84' lang='lat' dir='ltr'><em>restituere</em></span> <span class='ocrx_word' id='word_1_206' title='bbox 710 1908 858 1976; x_wconf 83' lang='lat' dir='ltr'><em>tencatur,</em></span> <span class='ocrx_word' id='word_1_207' title='bbox 875 1899 931 1980; x_wconf 81' lang='lat' dir='ltr'><em>qui</em></span> <span class='ocrx_word' id='word_1_208' title='bbox 942 1903 975 1960; x_wconf 90' lang='lat' dir='ltr'><em>in</em></span> <span class='ocrx_word' id='word_1_209' title='bbox 987 1898 1083 1980; x_wconf 74' lang='lat' dir='ltr'><em>furtis</em></span> <span class='ocrx_word' id='word_1_210' title='bbox 1094 1898 1219 1960; x_wconf 87' lang='lat' dir='ltr'><em>minutis</em></span> <span class='ocrx_word' id='word_1_211' title='bbox 1230 1919 1291 1962; x_wconf 87' lang='lat' dir='ltr'><em>uon</em></span> <span class='ocrx_word' id='word_1_212' title='bbox 1302 1919 1371 1981; x_wconf 82' lang='lat' dir='ltr'><em>pra·</em></span> 
     </span>
    </p>

    <p class='ocr_par' dir='ltr' id='par_1_9' title="bbox 99 1987 1372 2494">
     <span class='ocr_line' id='line_1_21' title="bbox 99 1987 1224 2072; baseline -0.001 -21"><span class='ocrx_word' id='word_1_213' title='bbox 99 1991 180 2051; x_wconf 86' lang='lat' dir='ltr'><em>riter</em></span> <span class='ocrx_word' id='word_1_214' title='bbox 190 1991 343 2072; x_wconf 87' lang='lat' dir='ltr'><em>peccavit,</em></span> <span class='ocrx_word' id='word_1_215' title='bbox 357 1988 412 2050; x_wconf 85' lang='lat' dir='ltr'><em>sed</em></span> <span class='ocrx_word' id='word_1_216' title='bbox 423 2005 461 2048; x_wconf 81' lang='lat' dir='ltr'><em>esc</em></span> <span class='ocrx_word' id='word_1_217' title='bbox 474 1987 696 2049; x_wconf 84' lang='lat' dir='ltr'><em>inadvertentiu</em></span> <span class='ocrx_word' id='word_1_218' title='bbox 709 1987 751 2049; x_wconf 91' lang='lat' dir='ltr'><em>od</em></span> <span class='ocrx_word' id='word_1_219' title='bbox 764 1987 922 2049; x_wconf 77' lang='lat' dir='ltr'><em>motuiorn</em></span> <span class='ocrx_word' id='word_1_220' title='bbox 935 2005 1056 2069; x_wconf 84' lang='lat' dir='ltr'><em>prooem</em></span> <span class='ocrx_word' id='word_1_221' title='bbox 1064 1988 1224 2071; x_wconf 74' lang='lat' dir='ltr'><em>pervenit?</em></span> 
     </span>
     <span class='ocr_line' id='line_1_22' title="bbox 106 2075 1372 2160; baseline 0.002 -21"><span class='ocrx_word' id='word_1_222' title='bbox 106 2086 110 2094; x_wconf 88' lang='lat'>&#39;</span> <span class='ocrx_word' id='word_1_223' title='bbox 143 2077 234 2160; x_wconf 74' lang='lat' dir='ltr'><em>desp.</em></span> <span class='ocrx_word' id='word_1_224' title='bbox 249 2077 381 2158; x_wconf 72' lang='lat' dir='ltr'><em>Affirm,</em></span> <span class='ocrx_word' id='word_1_225' title='bbox 393 2076 480 2158; x_wconf 91' lang='lat' dir='ltr'><em>quia,</em></span> <span class='ocrx_word' id='word_1_226' title='bbox 493 2075 635 2155; x_wconf 84' lang='lat' dir='ltr'><em>quamvis</em></span> <span class='ocrx_word' id='word_1_227' title='bbox 650 2075 782 2156; x_wconf 77' lang='lat' dir='ltr'><em>graviter</em></span> <span class='ocrx_word' id='word_1_228' title='bbox 796 2093 858 2140; x_wconf 91' lang='lat' dir='ltr'><em>non</em></span> <span class='ocrx_word' id='word_1_229' title='bbox 870 2075 1038 2157; x_wconf 82' lang='lat' dir='ltr'><em>peccaverit</em></span> <span class='ocrx_word' id='word_1_230' title='bbox 1051 2076 1195 2152; x_wconf 79' lang='lat' dir='ltr'><em>fruendo,</em></span> <span class='ocrx_word' id='word_1_231' title='bbox 1209 2082 1372 2142; x_wconf 83' lang='lat' dir='ltr'><em>esttamen</em></span> 
     </span>
     <span class='ocr_line' id='line_1_23' title="bbox 102 2163 1372 2246; baseline 0.002 -20"><span class='ocrx_word' id='word_1_232' title='bbox 102 2165 240 2246; x_wconf 82' lang='lat' dir='ltr'><em>injustus</em></span> <span class='ocrx_word' id='word_1_233' title='bbox 255 2183 407 2246; x_wconf 88' lang='lat' dir='ltr'><em>possessor</em></span> <span class='ocrx_word' id='word_1_234' title='bbox 423 2164 559 2226; x_wconf 79' lang='lat' dir='ltr'><em>materiae</em></span> <span class='ocrx_word' id='word_1_235' title='bbox 578 2163 697 2244; x_wconf 75' lang='lat' dir='ltr'><em>graviS,</em></span> <span class='ocrx_word' id='word_1_236' title='bbox 715 2169 745 2226; x_wconf 90' lang='lat' dir='ltr'><em>et</em></span> <span class='ocrx_word' id='word_1_237' title='bbox 758 2163 884 2244; x_wconf 88' lang='lat' dir='ltr'><em>proinde</em></span> <span class='ocrx_word' id='word_1_238' title='bbox 901 2163 1032 2245; x_wconf 72' lang='lat' dir='ltr'><em>graviter</em></span> <span class='ocrx_word' id='word_1_239' title='bbox 1045 2164 1179 2245; x_wconf 80' lang='lat' dir='ltr'><em>peccabit</em></span> <span class='ocrx_word' id='word_1_240' title='bbox 1192 2183 1257 2227; x_wconf 85' lang='lat' dir='ltr'><em>rem</em></span> <span class='ocrx_word' id='word_1_241' title='bbox 1272 2183 1372 2229; x_wconf 89' lang='lat' dir='ltr'><em>surre-</em></span> 
     </span>
     <span class='ocr_line' id='line_1_24' title="bbox 101 2251 1369 2334; baseline 0 -18"><span class='ocrx_word' id='word_1_242' title='bbox 101 2262 191 2334; x_wconf 85' lang='lat' dir='ltr'><em>ptam</em></span> <span class='ocrx_word' id='word_1_243' title='bbox 211 2253 380 2316; x_wconf 89' lang='lat' dir='ltr'><em>retinendo.</em></span> <span class='ocrx_word' id='word_1_244' title='bbox 400 2255 461 2316; x_wconf 87' lang='lat' dir='ltr'><em>Hoc</em></span> <span class='ocrx_word' id='word_1_245' title='bbox 479 2252 574 2328; x_wconf 88' lang='lat' dir='ltr'><em>valet,</em></span> <span class='ocrx_word' id='word_1_246' title='bbox 595 2251 716 2316; x_wconf 88' lang='lat' dir='ltr'><em>etiamsi</em></span> <span class='ocrx_word' id='word_1_247' title='bbox 736 2251 815 2316; x_wconf 82' lang='lat' dir='ltr'><em>turta</em></span> <span class='ocrx_word' id='word_1_248' title='bbox 833 2251 961 2315; x_wconf 82' lang='lat' dir='ltr'><em>dirersis</em></span> <span class='ocrx_word' id='word_1_249' title='bbox 983 2253 1120 2334; x_wconf 88' lang='lat' dir='ltr'><em>personis</em></span> <span class='ocrx_word' id='word_1_250' title='bbox 1140 2251 1216 2315; x_wconf 86' lang='lat' dir='ltr'><em>faeta</em></span> <span class='ocrx_word' id='word_1_251' title='bbox 1235 2252 1369 2329; x_wconf 86' lang='lat' dir='ltr'><em>luerint,</em></span> 
     </span>
     <span class='ocr_line' id='line_1_25' title="bbox 103 2340 1372 2423; baseline 0.002 -19"><span class='ocrx_word' id='word_1_252' title='bbox 103 2359 192 2404; x_wconf 86' lang='lat' dir='ltr'><em>secus</em></span> <span class='ocrx_word' id='word_1_253' title='bbox 206 2342 291 2404; x_wconf 88' lang='lat' dir='ltr'><em>enim</em></span> <span class='ocrx_word' id='word_1_254' title='bbox 302 2342 352 2404; x_wconf 86' lang='lat' dir='ltr'><em>ibe</em></span> <span class='ocrx_word' id='word_1_255' title='bbox 364 2341 479 2423; x_wconf 88' lang='lat' dir='ltr'><em>injuste</em></span> <span class='ocrx_word' id='word_1_256' title='bbox 492 2359 525 2404; x_wconf 91' lang='lat' dir='ltr'><em>re</em></span> <span class='ocrx_word' id='word_1_257' title='bbox 536 2340 635 2403; x_wconf 87' lang='lat' dir='ltr'><em>aliena</em></span> <span class='ocrx_word' id='word_1_258' title='bbox 647 2341 762 2421; x_wconf 84' lang='lat' dir='ltr'><em>absque</em></span> <span class='ocrx_word' id='word_1_259' title='bbox 776 2340 860 2422; x_wconf 80' lang='lat' dir='ltr'><em>gravi</em></span> <span class='ocrx_word' id='word_1_260' title='bbox 874 2345 992 2423; x_wconf 84' lang='lat' dir='ltr'><em>peceato</em></span> <span class='ocrx_word' id='word_1_261' title='bbox 1006 2341 1150 2405; x_wconf 88' lang='lat' dir='ltr'><em>ditescere</em></span> <span class='ocrx_word' id='word_1_262' title='bbox 1161 2348 1276 2423; x_wconf 88' lang='lat' dir='ltr'><em>posset,</em></span> <span class='ocrx_word' id='word_1_263' title='bbox 1290 2343 1372 2423; x_wconf 91' lang='lat' dir='ltr'><em>quod</em></span> 
     </span>
     <span class='ocr_line' id='line_1_26' title="bbox 102 2429 423 2494; baseline -0.003 -2"><span class='ocrx_word' id='word_1_264' title='bbox 102 2447 140 2492; x_wconf 86' lang='lat' dir='ltr'><em>ex</em></span> <span class='ocrx_word' id='word_1_265' title='bbox 154 2429 247 2493; x_wconf 88' lang='lat' dir='ltr'><em>dictis</em></span> <span class='ocrx_word' id='word_1_266' title='bbox 263 2449 325 2493; x_wconf 89' lang='lat' dir='ltr'><em>non</em></span> <span class='ocrx_word' id='word_1_267' title='bbox 342 2429 423 2494; x_wconf 82' lang='lat' dir='ltr'><em>hcet.</em></span> 
     </span>
    </p>

    <p class='ocr_par' dir='ltr' id='par_1_10' title="bbox 104 2519 1370 2690">
     <span class='ocr_line' id='line_1_27' title="bbox 143 2519 1370 2604; baseline 0.004 -23"><span class='ocrx_word' id='word_1_268' title='bbox 143 2523 215 2582; x_wconf 87' lang='grc'><strong>631.</strong></span> <span class='ocrx_word' id='word_1_269' title='bbox 224 2555 265 2566; x_wconf 93' lang='grc'>-</span> <span class='ocrx_word' id='word_1_270' title='bbox 276 2521 375 2594; x_wconf 68' lang='lat' dir='ltr'><em>Quen.</em></span> <span class='ocrx_word' id='word_1_271' title='bbox 393 2523 425 2583; x_wconf 89' lang='lat'><em>6⁰</em></span> <span class='ocrx_word' id='word_1_272' title='bbox 437 2519 487 2581; x_wconf 90' lang='lat' dir='ltr'><em>An</em></span> <span class='ocrx_word' id='word_1_273' title='bbox 497 2521 563 2601; x_wconf 83' lang='lat' dir='ltr'><em>sur,</em></span> <span class='ocrx_word' id='word_1_274' title='bbox 580 2519 633 2600; x_wconf 89' lang='lat' dir='ltr'><em>qui</em></span> <span class='ocrx_word' id='word_1_275' title='bbox 646 2539 770 2601; x_wconf 61' lang='lat' dir='ltr'><em>paoem</em></span> <span class='ocrx_word' id='word_1_276' title='bbox 779 2523 919 2602; x_wconf 75' lang='lat' dir='ltr'><em>pecuniae</em></span> <span class='ocrx_word' id='word_1_277' title='bbox 929 2539 1074 2583; x_wconf 70' lang='lat' dir='ltr'><em>summm</em></span> <span class='ocrx_word' id='word_1_278' title='bbox 1088 2519 1256 2604; x_wconf 78' lang='lat' dir='ltr'><em>surripuit,</em></span> <span class='ocrx_word' id='word_1_279' title='bbox 1272 2530 1370 2586; x_wconf 84' lang='lat' dir='ltr'><em>teuen-</em></span> 
     </span>
     <span class='ocr_line' id='line_1_28' title="bbox 104 2608 760 2690; baseline 0.005 -23"><span class='ocrx_word' id='word_1_280' title='bbox 104 2617 156 2668; x_wconf 85' lang='lat' dir='ltr'><em>tur</em></span> <span class='ocrx_word' id='word_1_281' title='bbox 169 2629 234 2670; x_wconf 84' lang='lat' dir='ltr'><em>eom</em></span> <span class='ocrx_word' id='word_1_282' title='bbox 248 2608 399 2690; x_wconf 82' lang='lat' dir='ltr'><em>intepram</em></span> <span class='ocrx_word' id='word_1_283' title='bbox 412 2609 467 2670; x_wconf 91' lang='lat' dir='ltr'><em>sub</em></span> <span class='ocrx_word' id='word_1_284' title='bbox 478 2609 569 2690; x_wconf 85' lang='lat' dir='ltr'><em>pravi</em></span> <span class='ocrx_word' id='word_1_285' title='bbox 579 2608 760 2672; x_wconf 79' lang='lat' dir='ltr'><em>restituere?</em></span> 
     </span>
    </p>

    <p class='ocr_par' dir='ltr' id='par_1_11' title="bbox 103 2695 1373 3114">
     <span class='ocr_line' id='line_1_29' title="bbox 141 2695 1372 2780; baseline 0.002 -21"><span class='ocrx_word' id='word_1_286' title='bbox 141 2696 237 2779; x_wconf 84' lang='lat' dir='ltr'><em>ltesp.</em></span> <span class='ocrx_word' id='word_1_287' title='bbox 255 2696 333 2779; x_wconf 85' lang='lat' dir='ltr'><em>Nep.</em></span> <span class='ocrx_word' id='word_1_288' title='bbox 349 2699 483 2760; x_wconf 83' lang='lat' dir='ltr'><em>Tenetur</em></span> <span class='ocrx_word' id='word_1_289' title='bbox 501 2697 585 2759; x_wconf 89' lang='lat' dir='ltr'><em>enim</em></span> <span class='ocrx_word' id='word_1_290' title='bbox 604 2697 661 2760; x_wconf 93' lang='lat' dir='ltr'><em>sub</em></span> <span class='ocrx_word' id='word_1_291' title='bbox 680 2696 766 2778; x_wconf 80' lang='lat' dir='ltr'><em>gravi</em></span> <span class='ocrx_word' id='word_1_292' title='bbox 782 2701 905 2760; x_wconf 87' lang='lat' dir='ltr'><em>tantum</em></span> <span class='ocrx_word' id='word_1_293' title='bbox 924 2698 958 2760; x_wconf 93' lang='lat' dir='ltr'><em>id</em></span> <span class='ocrx_word' id='word_1_294' title='bbox 975 2695 1153 2772; x_wconf 88' lang='lat' dir='ltr'><em>restituere,</em></span> <span class='ocrx_word' id='word_1_295' title='bbox 1174 2699 1255 2780; x_wconf 89' lang='lat' dir='ltr'><em>quod</em></span> <span class='ocrx_word' id='word_1_296' title='bbox 1275 2705 1372 2762; x_wconf 86' lang='lat' dir='ltr'><em>mate-</em></span> 
     </span>
     <span class='ocr_line' id='line_1_30' title="bbox 103 2783 1372 2868; baseline 0.004 -22"><span class='ocrx_word' id='word_1_297' title='bbox 103 2783 183 2848; x_wconf 84' lang='lat' dir='ltr'><em>riam</em></span> <span class='ocrx_word' id='word_1_298' title='bbox 199 2803 324 2868; x_wconf 78' lang='lat' dir='ltr'><em>gravem</em></span> <span class='ocrx_word' id='word_1_299' title='bbox 338 2786 482 2866; x_wconf 76' lang='lat' dir='ltr'><em>complet,</em></span> <span class='ocrx_word' id='word_1_300' title='bbox 496 2784 584 2865; x_wconf 89' lang='lat' dir='ltr'><em>quia,</em></span> <span class='ocrx_word' id='word_1_301' title='bbox 600 2785 656 2848; x_wconf 88' lang='lat' dir='ltr'><em>hoc</em></span> <span class='ocrx_word' id='word_1_302' title='bbox 670 2785 826 2860; x_wconf 87' lang='lat' dir='ltr'><em>restituto,</em></span> <span class='ocrx_word' id='word_1_303' title='bbox 840 2785 971 2848; x_wconf 87' lang='lat' dir='ltr'><em>materia</em></span> <span class='ocrx_word' id='word_1_304' title='bbox 983 2789 1100 2848; x_wconf 86' lang='lat' dir='ltr'><em>retenta</em></span> <span class='ocrx_word' id='word_1_305' title='bbox 1113 2789 1178 2868; x_wconf 89' lang='lat' dir='ltr'><em>jam</em></span> <span class='ocrx_word' id='word_1_306' title='bbox 1195 2787 1296 2867; x_wconf 82' lang='lat' dir='ltr'><em>gravis</em></span> <span class='ocrx_word' id='word_1_307' title='bbox 1309 2806 1372 2851; x_wconf 89' lang='lat' dir='ltr'><em>non</em></span> 
     </span>
     <span class='ocr_line' id='line_1_31' title="bbox 105 2872 1369 2956; baseline 0.004 -22"><span class='ocrx_word' id='word_1_308' title='bbox 105 2879 160 2936; x_wconf 88' lang='lat' dir='ltr'><em>est.</em></span> <span class='ocrx_word' id='word_1_309' title='bbox 178 2876 257 2937; x_wconf 88' lang='lat' dir='ltr'><em>Hine</em></span> <span class='ocrx_word' id='word_1_310' title='bbox 275 2880 374 2956; x_wconf 90' lang='lat' dir='ltr'><em>potest</em></span> <span class='ocrx_word' id='word_1_311' title='bbox 388 2873 459 2954; x_wconf 87' lang='lat' dir='ltr'><em>quis</em></span> <span class='ocrx_word' id='word_1_312' title='bbox 472 2872 599 2952; x_wconf 80' lang='lat' dir='ltr'><em>obligari</em></span> <span class='ocrx_word' id='word_1_313' title='bbox 613 2873 671 2935; x_wconf 88' lang='lat' dir='ltr'><em>sub</em></span> <span class='ocrx_word' id='word_1_314' title='bbox 685 2872 771 2952; x_wconf 74' lang='lat' dir='ltr'><em>gram</em></span> <span class='ocrx_word' id='word_1_315' title='bbox 784 2874 823 2935; x_wconf 89' lang='lat' dir='ltr'><em>ad</em></span> <span class='ocrx_word' id='word_1_316' title='bbox 837 2873 999 2936; x_wconf 85' lang='lat' dir='ltr'><em>materiam</em></span> <span class='ocrx_word' id='word_1_317' title='bbox 1013 2874 1111 2936; x_wconf 85' lang='lat' dir='ltr'><em>levem</em></span> <span class='ocrx_word' id='word_1_318' title='bbox 1130 2874 1369 2953; x_wconf 67' lang='lat' dir='ltr'><em>restituendam</em></span> 
     </span>
     <span class='ocr_line' id='line_1_32' title="bbox 106 2959 1373 3042; baseline 0.003 -19"><span class='ocrx_word' id='word_1_319' title='bbox 106 2962 158 3024; x_wconf 90' lang='lat' dir='ltr'><em>sed</em></span> <span class='ocrx_word' id='word_1_320' title='bbox 183 2970 259 3026; x_wconf 87' lang='lat' dir='ltr'><em>tune</em></span> <span class='ocrx_word' id='word_1_321' title='bbox 281 2961 424 3042; x_wconf 82' lang='lat' dir='ltr'><em>obligatio</em></span> <span class='ocrx_word' id='word_1_322' title='bbox 447 2979 508 3023; x_wconf 91' lang='lat' dir='ltr'><em>non</em></span> <span class='ocrx_word' id='word_1_323' title='bbox 533 2978 571 3023; x_wconf 89' lang='grc'><em>66</em></span> <span class='ocrx_word' id='word_1_324' title='bbox 594 2979 626 3023; x_wconf 89' lang='lat' dir='ltr'><em>re</em></span> <span class='ocrx_word' id='word_1_325' title='bbox 648 2960 728 3036; x_wconf 80' lang='lat' dir='ltr'><em>leri,</em></span> <span class='ocrx_word' id='word_1_326' title='bbox 753 2960 804 3022; x_wconf 89' lang='lat' dir='ltr'><em>sed</em></span> <span class='ocrx_word' id='word_1_327' title='bbox 829 2979 866 3022; x_wconf 86' lang='grc'><em>66</em></span> <span class='ocrx_word' id='word_1_328' title='bbox 891 2959 1063 3041; x_wconf 88' lang='lat' dir='ltr'><em>quantitate</em></span> <span class='ocrx_word' id='word_1_329' title='bbox 1089 2963 1174 3042; x_wconf 85' lang='lat' dir='ltr'><em>gravi</em></span> <span class='ocrx_word' id='word_1_330' title='bbox 1198 2963 1307 3027; x_wconf 89' lang='lat' dir='ltr'><em>oritur.</em></span> <span class='ocrx_word' id='word_1_331' title='bbox 1332 2999 1373 3012; x_wconf 96' lang='lat'><em>-</em></span> 
     </span>
     <span class='ocr_line' id='line_1_33' title="bbox 103 3049 362 3114; baseline 0.008 -4"><span class='ocrx_word' id='word_1_332' title='bbox 103 3049 139 3111; x_wconf 88' lang='lat' dir='ltr'><em>S.</em></span> <span class='ocrx_word' id='word_1_333' title='bbox 156 3053 198 3114; x_wconf 88' lang='lat' dir='ltr'><em>Li</em></span> <span class='ocrx_word' id='word_1_334' title='bbox 223 3101 229 3112; x_wconf 94' lang='lat'><em>.</em></span> <span class='ocrx_word' id='word_1_335' title='bbox 245 3072 276 3112; x_wconf 91' lang='lat' dir='ltr'><em>n.</em></span> <span class='ocrx_word' id='word_1_336' title='bbox 293 3055 362 3114; x_wconf 82' lang='lat'><em>553.</em></span> 
     </span>
    </p>

    <p class='ocr_par' dir='ltr' id='par_1_12' title="bbox 103 3075 1369 3309">
     <span class='ocr_line' id='line_1_34' title="bbox 140 3075 1369 3224; baseline 0.001 -20"><span class='ocrx_word' id='word_1_337' title='bbox 140 3075 256 3216; x_wconf 58' lang='lat' dir='ltr'><em>Orga..</em></span> <span class='ocrx_word' id='word_1_338' title='bbox 272 3145 303 3202; x_wconf 82' lang='grc' dir='ltr'><em>“1ο</em></span> <span class='ocrx_word' id='word_1_339' title='bbox 324 3138 433 3203; x_wconf 86' lang='lat' dir='ltr'><em>Utrum</em></span> <span class='ocrx_word' id='word_1_340' title='bbox 451 3141 553 3200; x_wconf 83' lang='lat' dir='ltr'><em>animo</em></span> <span class='ocrx_word' id='word_1_341' title='bbox 571 3137 725 3219; x_wconf 81' lang='lat' dir='ltr'><em>defuncti,</em></span> <span class='ocrx_word' id='word_1_342' title='bbox 749 3147 784 3198; x_wconf 91' lang='lat' dir='ltr'><em>ut</em></span> <span class='ocrx_word' id='word_1_343' title='bbox 805 3138 910 3218; x_wconf 85' lang='lat' dir='ltr'><em>aiunt,</em></span> <span class='ocrx_word' id='word_1_344' title='bbox 930 3136 1104 3202; x_wconf 85' lang='lat' dir='ltr'><em>detineatur</em></span> <span class='ocrx_word' id='word_1_345' title='bbox 1125 3140 1158 3202; x_wconf 91' lang='lat' dir='ltr'><em>in</em></span> <span class='ocrx_word' id='word_1_346' title='bbox 1173 3143 1369 3224; x_wconf 84' lang='lat' dir='ltr'><em>pnrpotorio,</em></span> 
     </span>
     <span class='ocr_line' id='line_1_35' title="bbox 103 3213 1349 3309; baseline -0.002 -20"><span class='ocrx_word' id='word_1_347' title='bbox 103 3226 198 3292; x_wconf 88' lang='lat' dir='ltr'><em>donec</em></span> <span class='ocrx_word' id='word_1_348' title='bbox 213 3229 250 3292; x_wconf 89' lang='lat' dir='ltr'><em>ob</em></span> <span class='ocrx_word' id='word_1_349' title='bbox 264 3230 348 3292; x_wconf 85' lang='lat' dir='ltr'><em>illius</em></span> <span class='ocrx_word' id='word_1_350' title='bbox 360 3228 525 3290; x_wconf 70' lang='lat' dir='ltr'><em>heredibus</em></span> <span class='ocrx_word' id='word_1_351' title='bbox 540 3228 624 3309; x_wconf 80' lang='lat' dir='ltr'><em>foetu</em></span> <span class='ocrx_word' id='word_1_352' title='bbox 639 3228 734 3308; x_wconf 79' lang='lat' dir='ltr'><em>suerit</em></span> <span class='ocrx_word' id='word_1_353' title='bbox 750 3225 926 3289; x_wconf 85' lang='lat' dir='ltr'><em>restitutio?</em></span> <span class='ocrx_word' id='word_1_354' title='bbox 1342 3213 1349 3234; x_wconf 75' lang='lat'><strong>¹</strong></span> 
     </span>
    </p>

    <p class='ocr_par' dir='ltr' id='par_1_13' title="bbox 104 3315 1373 4021">
     <span class='ocr_line' id='line_1_36' title="bbox 141 3315 1371 3400; baseline -0.001 -18"><span class='ocrx_word' id='word_1_355' title='bbox 141 3320 238 3400; x_wconf 86' lang='lat' dir='ltr'><em>Itesp.</em></span> <span class='ocrx_word' id='word_1_356' title='bbox 254 3318 331 3400; x_wconf 83' lang='lat' dir='ltr'><em>Nep.</em></span> <span class='ocrx_word' id='word_1_357' title='bbox 348 3317 404 3380; x_wconf 88' lang='lat' dir='ltr'><em>Hic</em></span> <span class='ocrx_word' id='word_1_358' title='bbox 417 3335 499 3380; x_wconf 89' lang='lat' dir='ltr'><em>error</em></span> <span class='ocrx_word' id='word_1_359' title='bbox 518 3315 600 3396; x_wconf 82' lang='lat' dir='ltr'><em>vulgi</em></span> <span class='ocrx_word' id='word_1_360' title='bbox 616 3321 739 3379; x_wconf 86' lang='lat' dir='ltr'><em>exortus</em></span> <span class='ocrx_word' id='word_1_361' title='bbox 753 3322 800 3378; x_wconf 89' lang='lat' dir='ltr'><em>est</em></span> <span class='ocrx_word' id='word_1_362' title='bbox 815 3333 852 3378; x_wconf 85' lang='grc'><em>66</em></span> <span class='ocrx_word' id='word_1_363' title='bbox 866 3315 1052 3396; x_wconf 87' lang='lat' dir='ltr'><em>quibusdam</em></span> <span class='ocrx_word' id='word_1_364' title='bbox 1070 3317 1148 3382; x_wconf 87' lang='lat' dir='ltr'><em>fictis</em></span> <span class='ocrx_word' id='word_1_365' title='bbox 1162 3325 1217 3382; x_wconf 90' lang='lat' dir='ltr'><em>aut</em></span> <span class='ocrx_word' id='word_1_366' title='bbox 1230 3319 1308 3381; x_wconf 85' lang='lat' dir='ltr'><em>male</em></span> <span class='ocrx_word' id='word_1_367' title='bbox 1322 3317 1371 3381; x_wconf 89' lang='lat' dir='ltr'><em>in-</em></span> 
     </span>
     <span class='ocr_line' id='line_1_37' title="bbox 104 3402 1371 3487; baseline 0 -19"><span class='ocrx_word' id='word_1_368' title='bbox 104 3407 232 3471; x_wconf 86' lang='lat' dir='ltr'><em>tellectis</em></span> <span class='ocrx_word' id='word_1_369' title='bbox 246 3405 498 3479; x_wconf 81' lang='lat' dir='ltr'><em>revelationibus,</em></span> <span class='ocrx_word' id='word_1_370' title='bbox 515 3402 628 3486; x_wconf 89' lang='lat' dir='ltr'><em>quibus</em></span> <span class='ocrx_word' id='word_1_371' title='bbox 646 3403 846 3485; x_wconf 87' lang='lat' dir='ltr'><em>perhibentur</em></span> <span class='ocrx_word' id='word_1_372' title='bbox 864 3402 975 3468; x_wconf 73' lang='lat' dir='ltr'><em>animae</em></span> <span class='ocrx_word' id='word_1_373' title='bbox 991 3403 1025 3468; x_wconf 93' lang='lat' dir='ltr'><em>in</em></span> <span class='ocrx_word' id='word_1_374' title='bbox 1038 3406 1213 3487; x_wconf 88' lang='lat' dir='ltr'><em>purgatorio</em></span> <span class='ocrx_word' id='word_1_375' title='bbox 1229 3407 1371 3484; x_wconf 80' lang='lat' dir='ltr'><em>degentes</em></span> 
     </span>
     <span class='ocr_line' id='line_1_38' title="bbox 104 3491 1371 3576; baseline 0 -20"><span class='ocrx_word' id='word_1_376' title='bbox 104 3495 283 3576; x_wconf 81' lang='lat' dir='ltr'><em>apparuisse</em></span> <span class='ocrx_word' id='word_1_377' title='bbox 301 3500 333 3556; x_wconf 88' lang='lat' dir='ltr'><em>et</em></span> <span class='ocrx_word' id='word_1_378' title='bbox 351 3513 405 3575; x_wconf 87' lang='lat' dir='ltr'><em>pro</em></span> <span class='ocrx_word' id='word_1_379' title='bbox 423 3493 618 3556; x_wconf 84' lang='lat' dir='ltr'><em>restitutione</em></span> <span class='ocrx_word' id='word_1_380' title='bbox 636 3511 790 3567; x_wconf 83' lang='lat' dir='ltr'><em>exorasse,</em></span> <span class='ocrx_word' id='word_1_381' title='bbox 810 3497 846 3555; x_wconf 93' lang='lat' dir='ltr'><em>ut</em></span> <span class='ocrx_word' id='word_1_382' title='bbox 865 3511 883 3554; x_wconf 90' lang='lat' dir='ltr'><em>a</em></span> <span class='ocrx_word' id='word_1_383' title='bbox 900 3491 1035 3555; x_wconf 86' lang='lat' dir='ltr'><em>flammis</em></span> <span class='ocrx_word' id='word_1_384' title='bbox 1053 3492 1265 3554; x_wconf 82' lang='lat' dir='ltr'><em>liberarentur.</em></span> <span class='ocrx_word' id='word_1_385' title='bbox 1283 3493 1371 3556; x_wconf 85' lang='lat' dir='ltr'><em>Ratio</em></span> 
     </span>
     <span class='ocr_line' id='line_1_39' title="bbox 104 3580 1372 3662; baseline -0.003 -14"><span class='ocrx_word' id='word_1_386' title='bbox 104 3591 201 3662; x_wconf 82' lang='lat' dir='ltr'><em>petet.</em></span> <span class='ocrx_word' id='word_1_387' title='bbox 219 3586 314 3648; x_wconf 90' lang='lat' dir='ltr'><em>Nemo</em></span> <span class='ocrx_word' id='word_1_388' title='bbox 327 3583 413 3646; x_wconf 89' lang='lat' dir='ltr'><em>enim</em></span> <span class='ocrx_word' id='word_1_389' title='bbox 430 3582 465 3645; x_wconf 93' lang='lat' dir='ltr'><em>in</em></span> <span class='ocrx_word' id='word_1_390' title='bbox 482 3583 575 3644; x_wconf 88' lang='lat' dir='ltr'><em>altera</em></span> <span class='ocrx_word' id='word_1_391' title='bbox 588 3581 653 3645; x_wconf 87' lang='lat' dir='ltr'><em>vita</em></span> <span class='ocrx_word' id='word_1_392' title='bbox 666 3581 808 3662; x_wconf 88' lang='lat' dir='ltr'><em>punitur,</em></span> <span class='ocrx_word' id='word_1_393' title='bbox 824 3580 886 3644; x_wconf 90' lang='lat' dir='ltr'><em>nisi</em></span> <span class='ocrx_word' id='word_1_394' title='bbox 899 3599 952 3662; x_wconf 89' lang='lat' dir='ltr'><em>pro</em></span> <span class='ocrx_word' id='word_1_395' title='bbox 964 3581 1052 3661; x_wconf 88' lang='lat' dir='ltr'><em>eulpa</em></span> <span class='ocrx_word' id='word_1_396' title='bbox 1068 3597 1161 3661; x_wconf 89' lang='lat' dir='ltr'><em>quam</em></span> <span class='ocrx_word' id='word_1_397' title='bbox 1175 3580 1372 3661; x_wconf 85' lang='lat' dir='ltr'><em>personaliter</em></span> 
     </span>
     <span class='ocr_line' id='line_1_40' title="bbox 105 3667 1371 3752; baseline -0.002 -18"><span class='ocrx_word' id='word_1_398' title='bbox 105 3673 262 3737; x_wconf 84' lang='lat' dir='ltr'><em>commisit</em></span> <span class='ocrx_word' id='word_1_399' title='bbox 275 3672 309 3735; x_wconf 94' lang='lat' dir='ltr'><em>in</em></span> <span class='ocrx_word' id='word_1_400' title='bbox 325 3671 389 3734; x_wconf 84' lang='lat' dir='ltr'><em>vita</em></span> <span class='ocrx_word' id='word_1_401' title='bbox 402 3670 559 3752; x_wconf 76' lang='lat' dir='ltr'><em>prasenti3</em></span> <span class='ocrx_word' id='word_1_402' title='bbox 573 3689 664 3733; x_wconf 88' lang='lat' dir='ltr'><em>nemo</em></span> <span class='ocrx_word' id='word_1_403' title='bbox 675 3688 746 3733; x_wconf 87' lang='lat' dir='ltr'><em>vero</em></span> <span class='ocrx_word' id='word_1_404' title='bbox 759 3669 902 3750; x_wconf 88' lang='lat' dir='ltr'><em>plectitur</em></span> <span class='ocrx_word' id='word_1_405' title='bbox 916 3670 953 3733; x_wconf 91' lang='lat' dir='ltr'><em>ob</em></span> <span class='ocrx_word' id='word_1_406' title='bbox 969 3667 1089 3749; x_wconf 88' lang='lat' dir='ltr'><em>culpam</em></span> <span class='ocrx_word' id='word_1_407' title='bbox 1102 3669 1268 3731; x_wconf 78' lang='lat' dir='ltr'><em>heredum.</em></span> <span class='ocrx_word' id='word_1_408' title='bbox 1283 3673 1371 3732; x_wconf 85' lang='lat' dir='ltr'><em>Atta-</em></span> 
     </span>
     <span class='ocr_line' id='line_1_41' title="bbox 108 3755 1371 3838; baseline -0.002 -16"><span class='ocrx_word' id='word_1_409' title='bbox 108 3778 180 3825; x_wconf 88' lang='lat' dir='ltr'><em>men</em></span> <span class='ocrx_word' id='word_1_410' title='bbox 200 3761 226 3824; x_wconf 89' lang='lat' dir='ltr'><em>si</em></span> <span class='ocrx_word' id='word_1_411' title='bbox 243 3760 377 3824; x_wconf 76' lang='lat' dir='ltr'><em>heredes</em></span> <span class='ocrx_word' id='word_1_412' title='bbox 395 3758 516 3824; x_wconf 87' lang='lat' dir='ltr'><em>solliciti</em></span> <span class='ocrx_word' id='word_1_413' title='bbox 534 3757 649 3822; x_wconf 88' lang='lat' dir='ltr'><em>luerint</em></span> <span class='ocrx_word' id='word_1_414' title='bbox 666 3757 892 3821; x_wconf 86' lang='lat' dir='ltr'><em>restitutionem</em></span> <span class='ocrx_word' id='word_1_415' title='bbox 909 3775 1063 3838; x_wconf 81' lang='lat' dir='ltr'><em>peragere,</em></span> <span class='ocrx_word' id='word_1_416' title='bbox 1082 3763 1118 3820; x_wconf 91' lang='lat' dir='ltr'><em>ut</em></span> <span class='ocrx_word' id='word_1_417' title='bbox 1135 3755 1371 3820; x_wconf 80' lang='lat' dir='ltr'><em>satisfactionem</em></span> 
     </span>
     <span class='ocr_line' id='line_1_42' title="bbox 107 3846 1373 3932; baseline -0.003 -20"><span class='ocrx_word' id='word_1_418' title='bbox 107 3849 243 3932; x_wconf 84' lang='lat' dir='ltr'><em>aliquam</em></span> <span class='ocrx_word' id='word_1_419' title='bbox 261 3868 315 3931; x_wconf 88' lang='lat' dir='ltr'><em>pro</em></span> <span class='ocrx_word' id='word_1_420' title='bbox 333 3849 437 3912; x_wconf 86' lang='lat' dir='ltr'><em>anima</em></span> <span class='ocrx_word' id='word_1_421' title='bbox 451 3848 597 3912; x_wconf 87' lang='lat' dir='ltr'><em>debitoris</em></span> <span class='ocrx_word' id='word_1_422' title='bbox 611 3847 788 3922; x_wconf 76' lang='lat' dir='ltr'><em>exhibeant,</em></span> <span class='ocrx_word' id='word_1_423' title='bbox 804 3847 853 3927; x_wconf 92' lang='lat' dir='ltr'><em>pie</em></span> <span class='ocrx_word' id='word_1_424' title='bbox 871 3846 1085 3910; x_wconf 85' lang='lat' dir='ltr'><em>confidendum</em></span> <span class='ocrx_word' id='word_1_425' title='bbox 1102 3852 1164 3922; x_wconf 90' lang='lat' dir='ltr'><em>est,</em></span> <span class='ocrx_word' id='word_1_426' title='bbox 1177 3848 1274 3909; x_wconf 85' lang='lat' dir='ltr'><em>Deum</em></span> <span class='ocrx_word' id='word_1_427' title='bbox 1293 3846 1373 3908; x_wconf 83' lang='lat' dir='ltr'><em>hena</em></span> 
     </span>
     <span class='ocr_line' id='line_1_43' title="bbox 107 3936 975 4021; baseline -0.003 -21"><span class='ocrx_word' id='word_1_428' title='bbox 107 3953 159 4017; x_wconf 92' lang='lat' dir='ltr'><em>pro</em></span> <span class='ocrx_word' id='word_1_429' title='bbox 172 3939 254 4021; x_wconf 89' lang='lat' dir='ltr'><em>ipsa,</em></span> <span class='ocrx_word' id='word_1_430' title='bbox 269 3957 307 4002; x_wconf 85' lang='grc'><em>66</em></span> <span class='ocrx_word' id='word_1_431' title='bbox 320 3944 405 4021; x_wconf 87' lang='lat' dir='ltr'><em>parte</em></span> <span class='ocrx_word' id='word_1_432' title='bbox 417 3937 539 4014; x_wconf 84' lang='lat' dir='ltr'><em>saltem,</em></span> <span class='ocrx_word' id='word_1_433' title='bbox 553 3936 683 4018; x_wconf 77' lang='lat' dir='ltr'><em>benigne</em></span> <span class='ocrx_word' id='word_1_434' title='bbox 694 3939 888 4016; x_wconf 86' lang='lat' dir='ltr'><em>accepturum</em></span> <span class='ocrx_word' id='word_1_435' title='bbox 901 3953 975 3998; x_wconf 88' lang='lat' dir='ltr'><em>esse.</em></span> 
     </span>
    </p>
   </div>
   <div class='ocr_carea' id='block_1_3' title="bbox 227 4068 436 4134">
    <p class='ocr_par' dir='ltr' id='par_1_14' title="bbox 227 4068 436 4134">
     <span class='ocr_line' id='line_1_44' title="bbox 227 4068 436 4134; baseline -0.019 0"><span class='ocrx_word' id='word_1_436' title='bbox 227 4068 436 4134; x_wconf 80' lang='lat' dir='ltr'><em>ResolveS.</em></span> 
     </span>
    </p>
   </div>
   <div class='ocr_carea' id='block_1_4' title="bbox 89 4191 1374 4621">
    <p class='ocr_par' dir='ltr' id='par_1_15' title="bbox 89 4191 1374 4621">
     <span class='ocr_line' id='line_1_45' title="bbox 145 4191 1372 4276; baseline -0.006 -16"><span class='ocrx_word' id='word_1_437' title='bbox 145 4201 215 4262; x_wconf 74' lang='lat'><em>632.</em></span> <span class='ocrx_word' id='word_1_438' title='bbox 234 4231 273 4242; x_wconf 91' lang='lat'>-</span> <span class='ocrx_word' id='word_1_439' title='bbox 292 4202 325 4259; x_wconf 68' lang='grc' dir='ltr'><em>κ’</em></span> <span class='ocrx_word' id='word_1_440' title='bbox 343 4193 400 4270; x_wconf 87' lang='lat' dir='ltr'><em>Qui</em></span> <span class='ocrx_word' id='word_1_441' title='bbox 420 4200 560 4258; x_wconf 84' lang='lat' dir='ltr'><em>versatur</em></span> <span class='ocrx_word' id='word_1_442' title='bbox 579 4195 614 4257; x_wconf 91' lang='lat' dir='ltr'><em>in</em></span> <span class='ocrx_word' id='word_1_443' title='bbox 633 4193 816 4276; x_wconf 90' lang='lat' dir='ltr'><em>impotentia</em></span> <span class='ocrx_word' id='word_1_444' title='bbox 836 4211 901 4256; x_wconf 89' lang='lat' dir='ltr'><em>rem</em></span> <span class='ocrx_word' id='word_1_445' title='bbox 922 4191 1054 4255; x_wconf 88' lang='lat' dir='ltr'><em>alienam</em></span> <span class='ocrx_word' id='word_1_446' title='bbox 1074 4197 1129 4254; x_wconf 89' lang='lat' dir='ltr'><em>aut</em></span> <span class='ocrx_word' id='word_1_447' title='bbox 1149 4193 1214 4273; x_wconf 86' lang='lat' dir='ltr'><em>ejus</em></span> <span class='ocrx_word' id='word_1_448' title='bbox 1237 4191 1372 4254; x_wconf 82' lang='lat' dir='ltr'><em>valorem</em></span> 
     </span>
     <span class='ocr_line' id='line_1_46' title="bbox 108 4277 1373 4362; baseline -0.002 -16"><span class='ocrx_word' id='word_1_449' title='bbox 108 4285 305 4358; x_wconf 89' lang='lat' dir='ltr'><em>restituendi,</em></span> <span class='ocrx_word' id='word_1_450' title='bbox 321 4284 410 4346; x_wconf 90' lang='lat' dir='ltr'><em>debet</em></span> <span class='ocrx_word' id='word_1_451' title='bbox 428 4301 547 4362; x_wconf 87' lang='lat' dir='ltr'><em>semper</em></span> <span class='ocrx_word' id='word_1_452' title='bbox 561 4283 687 4346; x_wconf 85' lang='lat' dir='ltr'><em>firmum</em></span> <span class='ocrx_word' id='word_1_453' title='bbox 706 4281 816 4346; x_wconf 88' lang='lat' dir='ltr'><em>habere</em></span> <span class='ocrx_word' id='word_1_454' title='bbox 830 4281 1021 4362; x_wconf 88' lang='lat' dir='ltr'><em>propositum</em></span> <span class='ocrx_word' id='word_1_455' title='bbox 1034 4277 1233 4355; x_wconf 88' lang='lat' dir='ltr'><em>restituendi,</em></span> <span class='ocrx_word' id='word_1_456' title='bbox 1252 4279 1373 4360; x_wconf 88' lang='lat' dir='ltr'><em>quando</em></span> 
     </span>
     <span class='ocr_line' id='line_1_47' title="bbox 89 4367 1374 4452; baseline -0.005 -16"><span class='ocrx_word' id='word_1_457' title='bbox 89 4407 90 4410; x_wconf 60' lang='lat'><em>=</em></span> <span class='ocrx_word' id='word_1_458' title='bbox 108 4373 231 4450; x_wconf 85' lang='lat' dir='ltr'><em>poterit,</em></span> <span class='ocrx_word' id='word_1_459' title='bbox 247 4378 278 4436; x_wconf 88' lang='lat' dir='ltr'><em>et</em></span> <span class='ocrx_word' id='word_1_460' title='bbox 291 4371 417 4434; x_wconf 89' lang='lat' dir='ltr'><em>interim</em></span> <span class='ocrx_word' id='word_1_461' title='bbox 433 4388 622 4451; x_wconf 83' lang='lat' dir='ltr'><em>comparare,</em></span> <span class='ocrx_word' id='word_1_462' title='bbox 639 4370 666 4434; x_wconf 91' lang='lat' dir='ltr'><em>si</em></span> <span class='ocrx_word' id='word_1_463' title='bbox 679 4369 756 4452; x_wconf 88' lang='lat' dir='ltr'><em>quid</em></span> <span class='ocrx_word' id='word_1_464' title='bbox 768 4369 879 4450; x_wconf 88' lang='lat' dir='ltr'><em>possit,</em></span> <span class='ocrx_word' id='word_1_465' title='bbox 894 4373 931 4431; x_wconf 90' lang='lat' dir='ltr'><em>ut</em></span> <span class='ocrx_word' id='word_1_466' title='bbox 947 4367 1124 4450; x_wconf 82' lang='lat' dir='ltr'><em>obligationi</em></span> <span class='ocrx_word' id='word_1_467' title='bbox 1140 4385 1203 4432; x_wconf 83' lang='lat' dir='ltr'><em>suae</em></span> <span class='ocrx_word' id='word_1_468' title='bbox 1217 4367 1374 4449; x_wconf 88' lang='lat' dir='ltr'><em>quampri-</em></span> 
     </span>
     <span class='ocr_line' id='line_1_48' title="bbox 110 4460 387 4524; baseline -0.004 -2"><span class='ocrx_word' id='word_1_469' title='bbox 110 4477 197 4524; x_wconf 89' lang='lat' dir='ltr'><em>mum</em></span> <span class='ocrx_word' id='word_1_470' title='bbox 211 4460 387 4524; x_wconf 85' lang='lat' dir='ltr'><em>satisfaciat.</em></span> 
     </span>
     <span class='ocr_line' id='line_1_49' title="bbox 188 4561 1283 4621; baseline -0.009 -1"><span class='ocrx_word' id='word_1_471' title='bbox 188 4577 259 4621; x_wconf 77' lang='lat' dir='ltr'><em>conr.</em></span> <span class='ocrx_word' id='word_1_472' title='bbox 269 4597 297 4611; x_wconf 81' lang='lat'><em>··</em></span> <span class='ocrx_word' id='word_1_473' title='bbox 314 4576 372 4619; x_wconf 70' lang='lat' dir='ltr'><em>Tou.</em></span> <span class='ocrx_word' id='word_1_474' title='bbox 381 4575 401 4620; x_wconf 90' lang='lat'><em>1.</em></span> <span class='ocrx_word' id='word_1_475' title='bbox 1252 4561 1283 4610; x_wconf 80' lang='lat'><em>27</em></span> 
     </span>
    </p>
   </div>
   <div class='ocr_carea' id='block_1_5' title="bbox 0 0 1600 5026">
    <p class='ocr_par' dir='ltr' id='par_1_16' title="bbox 0 0 1600 5026">
     <span class='ocr_line' id='line_1_50' title="bbox 0 0 1600 5026; baseline 0 0"><span class='ocrx_word' id='word_1_476' title='bbox 0 0 1600 5026; x_wconf 95' lang='lat' dir='ltr'><em> </em></span> 
     </span>
    </p>
   </div>
  </div>
 </body>
</html>
