3168 5002
362 119 363 124 ’
453 135 746 180 ruorosrrrouorr
771 134 1024 181 urinunvnuou
1333 125 1376 186 23

140 247 182 303 tt.
202 245 369 301 duramenta
386 243 492 380 lillicito
506 245 573 300 sunt
587 260 652 317 quae
671 243 745 299 fiunt
759 243 795 300 ad
812 244 1035 302 corroborandos
1054 245 1196 306 humanos
1215 249 1390 306 contractus

109 331 132 383 ct
146 325 315 382 commercia
329 324 384 380 ciri
399 325 437 381 io.

138 415 180 470 tt.
200 412 395 483 Augustinus,
423 410 594 468 Benedictus
617 413 646 469 et
662 411 822 468 Bernardus
853 410 981 468 damnati
1007 414 1088 482 snut,
1110 413 1169 470 nisi
1191 417 1378 488 poenituerint

110 496 141 550 de
153 493 203 548 hoc
218 492 293 565 quod
308 491 471 548 habuerunt
490 493 705 566 possessiones,
720 493 749 548 et
766 492 955 562 instituerunt
968 493 997 548 et
1009 493 1189 551 intraverunt
1203 496 1375 568 religiones:

110 577 134 632 et
152 573 205 640 sic,
220 589 238 628 a
252 574 328 644 Papa
343 572 481 644 usquead
497 571 631 628 ultimum
646 572 829 642 religiosum,
843 588 942 628 omnes
958 573 1025 630 sunt
1036 574 1175 633 haeretici.

119 727 123 738 ι
141 660 181 717 tt.
198 659 306 716 Omnes
318 658 475 730 religiones
487 659 685 716 indifferenter
700 657 870 715 introductae
883 661 951 715 sunt
965 675 982 716 a
995 659 1120 718 diaholo.

666 892 753 948 Non.
774 891 810 946 11.

348 1032 486 1091 Articuli
501 1033 551 1104 30,
566 1033 698 1092 loannis
713 1034 795 1106 Hes,
809 1034 949 1092 damnati
967 1041 1002 1091 ut
1018 1051 1124 1110 snpra.

124 1197 164 1334 wi.
182 1198 270 1257 Unica
292 1201 337 1256 est
358 1201 459 1258 sancta
477 1201 651 1260 universalis
671 1202 816 1271 Ecclesia,
838 1217 901 1274 quae
917 1204 962 1258 est
980 1201 1247 1276 predestinatorum
1263 1202 1376 1260 univer-

109 1297 130 1335 sr
144 1295 186 1336 as.

141 1366 168 1422 l.
185 1367 289 1424 Paulus
302 1384 449 1442 nunquam
469 1368 523 1425 luit
538 1369 698 1426 membrum
713 1368 835 1438 diaboli,
854 1367 923 1425 licet
936 1368 1005 1426 fecit
1020 1369 1157 1443 quosdam
1168 1369 1248 1428 actus
1263 1369 1375 1428 actibus

108 1446 233 1504 Ecclesiae
244 1447 471 1519 malignantium
486 1449 663 1505 consimiles.

140 1532 163 1590 3.
183 1535 312 1592 Praesoiti
332 1551 388 1593 non
407 1537 474 1592 sunt
487 1537 583 1610 partes
606 1535 756 1605 Ecclesiae,
776 1551 841 1591 cum
860 1533 940 1592 nulla
956 1551 1022 1609 pars
1043 1537 1106 1608 ejus
1125 1536 1250 1593 finaliter
1264 1535 1376 1593 excidat

109 1613 140 1669 ab
153 1631 199 1683 ea,
214 1631 247 1670 co
261 1615 339 1688 quod
352 1615 614 1690 praedestinationis
630 1616 769 1684 charitas,
787 1631 850 1688 qnae
865 1614 960 1688 ipsam
973 1613 1060 1685 ligat,
1077 1631 1133 1671 non
1145 1615 1266 1673 excidet.

139 1701 164 1758 l.
183 1703 249 1758 nuae
263 1702 388 1772 natnrae,
400 1703 545 1760 Divinitas
560 1705 589 1760 et
602 1703 787 1771 Humanitas,
803 1702 871 1759 sunt
885 1715 961 1758 unus
975 1700 1117 1758 Christus.

140 1789 164 1844 5.
184 1790 352 1860 Praescitus,
371 1789 426 1846 etsi
448 1789 603 1863 aliqnando
623 1793 668 1846 est
687 1791 718 1846 in
737 1790 830 1862 gratia
847 1788 1004 1846 secundum
1028 1789 1199 1861 praesentem
1213 1789 1374 1862 justitiam,

110 1869 198 1924 tamen
220 1885 370 1944 nunquam
393 1873 438 1927 est
461 1887 528 1944 pars
547 1873 654 1928 sanctae
674 1870 811 1928 Ecclesiae
830 1891 837 1926 :
859 1871 888 1926 ct
909 1869 1130 1942 predestinatus
1153 1885 1265 1943 semper
1281 1872 1377 1926 manet

110 1948 259 2006 membrum
275 1950 426 2020 Ecclesiae,
442 1951 508 2007 licet
518 1951 672 2024 aliquando
684 1951 797 2007 excidat
806 1965 825 2007 a
835 1949 926 2022 gratia
935 1949 1109 2018 adventitia,
1123 1949 1241 2006 sednon
1253 1965 1270 2004 a
1284 1949 1376 2020 gratia

112 2028 378 2100 predestinationis.

142 2115 169 2172 6.
188 2117 327 2175 Sumendo
345 2119 503 2176 Ecclesiam
528 2135 578 2193 pro
602 2119 806 2177 convocatione
825 2117 1109 2192 predestinatorum,
1133 2116 1195 2174 sive
1216 2115 1323 2172 luerint
1345 2117 1376 2172 in

109 2195 196 2328 graftia
213 2197 271 2254 sive
284 2213 356 2266 non,
374 2200 533 2256 secundum
552 2200 722 2273 praesentem
740 2198 901 2272 justitiam,
918 2197 975 2254 isto
993 2196 1077 2254 modo
1093 2196 1224 2254 Ecclesia
1239 2196 1285 2253 est
1303 2196 1376 2254 arti-

109 2290 143 2330 cu
155 2292 188 2331 ns
200 2277 286 2336 Fidei.

141 2363 169 2418 7.
189 2365 285 2420 Petrus
298 2382 352 2422 non
367 2369 476 2424 estnec
490 2369 544 2424 luit
558 2369 645 2442 caput
660 2366 798 2424 Ecclesiae
810 2365 917 2423 sanotae
929 2364 1087 2422 catholicae.

139 2449 166 2506 8.
183 2451 345 2511 Sacerdotes
360 2455 573 2527 quomodolibet
587 2455 741 2512 criminose
760 2453 905 2521 viventes,
926 2451 1085 2509 sacerdotii
1102 2450 1235 2525 polluunt
1255 2450 1377 2525 potesta·
1435 2517 1443 2538 .

109 2531 174 2600 tem,
187 2533 215 2587 et
227 2534 303 2590 sicut
317 2533 372 2590 tilii
385 2535 518 2592 infideles
531 2536 660 2592 sentiunt
675 2533 832 2591 infideliter
846 2533 882 2589 de
894 2533 1005 2606 septem
1019 2531 1213 2588 sacramentis
1227 2529 1374 2598 Ecclesiae,

109 2610 139 2666 dc
153 2611 295 2682 clavibus,
309 2615 429 2685 olliciis,
446 2617 593 2684 censuris,
611 2615 755 2684 moribus,
773 2612 953 2670 ceremoniis
970 2613 999 2668 et
1016 2612 1107 2668 sacris
1121 2610 1207 2668 rebus
1223 2609 1374 2679 Ecclesiae,

109 2693 283 2750 veneratione
297 2694 499 2768 reliquiarum,
514 2694 720 2767 indulgentiis,
737 2695 767 2750 et
784 2692 952 2751 Ordinibus.

139 2778 163 2836 9.
182 2781 296 2856 Papalis
313 2782 438 2854 dignitas
453 2801 470 2841 a
484 2785 595 2841 Caesare
613 2783 747 2852 inolevit,
768 2782 798 2838 et
813 2783 896 2854 Papae
915 2780 1054 2853 perfectio
1072 2781 1101 2836 et
1119 2777 1263 2835 institutio
1286 2777 1377 2834 aCte·

109 2859 174 2914 saris
187 2862 315 2934 potentia
327 2865 480 2920 emanavit.

138 2946 177 3004 ro.
196 2949 303 3006 Nullus
320 2950 384 3007 sine
397 2952 571 3009 revelatione
585 2951 728 3008 assereret
747 2946 958 3005 rationabiliter
973 2946 1010 3002 de
1025 2961 1057 3002 se
1071 2945 1118 3002 vel
1132 2943 1190 3000 alio
1208 2944 1283 3016 qnod
1298 2945 1375 3002 esset

108 3028 181 3098 caput
193 3029 332 3087 Ecclesiae
347 3032 542 3104 particularis,
552 3048 605 3088 nec
619 3035 765 3088 Romanus
776 3028 906 3085 Pontilex
922 3027 968 3084 est
983 3026 1070 3100 caput
1084 3029 1219 3082 Romame
1235 3024 1373 3081 Ecclesiae

110 3109 292 3178 particularis.

136 3195 177 3253 lt.
194 3199 258 3256 Non
283 3199 394 3271 oportet
413 3198 529 3257 credere
552 3199 627 3272 qnod
648 3199 720 3267 iste,
740 3197 913 3269 quicumque
933 3195 980 3252 est
1002 3196 1146 3250 Romanus
1166 3192 1310 3260 Pontifex,
1336 3190 1375 3246 sit

108 3277 181 3346 caput
197 3279 407 3352 cujuscumque
425 3278 608 3352 particularis
629 3277 767 3336 Ecclesiae
784 3277 909 3346 sancte,
929 3274 989 3331 nisi
1002 3277 1079 3330 Deus
1100 3288 1166 3329 enm
1190 3269 1374 3345 predestina-

109 3356 180 3413 verit.

138 3443 175 3500 lt.
194 3447 288 3502 Nemo
300 3447 376 3517 gerit
387 3449 479 3505 vicem
493 3447 598 3506 Christi
617 3447 663 3504 vel
678 3445 770 3514 Petri,
787 3445 847 3502 nisi
862 3443 999 3517 sequatur
1011 3457 1078 3499 eum
1096 3441 1126 3496 in
1141 3440 1290 3496 moribus:
1308 3449 1374 3491 cum

108 3521 175 3580 nulla
187 3526 246 3584 alia
263 3526 381 3599 sequela
398 3528 436 3584 sit
452 3528 650 3602 pertinentior,
666 3542 720 3582 nec
739 3526 824 3582 aliter
838 3523 960 3596 recipiat
976 3525 1070 3586 azlteo
1085 3518 1313 3606 procuratoriam·
1325 3530 1375 3588 po-

108 3601 251 3663 testatem:
274 3606 342 3678 quia
361 3607 396 3664 ad
415 3607 488 3664 illud
507 3607 634 3664 olficium
652 3606 808 3663 vicariatus
827 3602 983 3677 requiritur
1002 3601 1032 3658 et
1049 3616 1161 3658 morum
1180 3595 1374 3674 conformas,

106 3683 129 3736 et
142 3681 318 3743 instituentis
332 3688 496 3746 auctoritas.
1011 3755 1014 3764 ,

137 3770 177 3828 13.
197 3775 276 3848 Papa
290 3789 346 3830 non
361 3777 405 3832 est
419 3792 503 3834 verus
520 3776 549 3833 et
561 3775 735 3832 manifestus
751 3786 901 3830 successor
913 3770 1107 3844 apostolorum
1125 3763 1370 3855 principis'Petri,

107 3847 129 3903 si
149 3851 215 3910 vivit
236 3855 367 3912 moribus
388 3856 539 3913 contrariis
561 3857 664 3913 Petro:
683 3855 713 3911 et
734 3854 760 3912 si
782 3852 883 3926 quaerit
903 3850 1068 3920 avaritiam,
1091 3850 1158 3906 tunc
1181 3845 1226 3900 est
1246 3859 1372 3900 vicarius

107 3929 179 3987 lude
191 3933 340 3991 iscarioth.
357 3935 392 3992 nt
406 3935 468 4008 peri
484 3937 627 3994 avidentia
641 3934 811 3991 Cardinales
826 3947 882 3988 non
896 3933 965 3988 snut
979 3931 1039 3989 veri
1055 3930 1083 3986 et
1098 3923 1243 3982 manilesti
1258 3939 1374 3980 succes-

109 4023 180 4068 sores
201 4014 322 4086 Collegii
341 4015 464 4073 aliorum
488 4017 680 4088 apostolorum
702 4013 827 4082 Christi,
844 4011 904 4069 nisi
922 4011 1048 4069 vixerint
1067 4019 1145 4064 more
1165 4005 1372 4077 apostolorum,

109 4095 247 4150 servantes
263 4095 396 4153 mandata
407 4096 437 4152 et
449 4096 571 4153 consilia
586 4095 700 4152 Domini
716 4093 807 4152 nostri
821 4095 890 4152 lesu
905 4092 1022 4150 Christi.

138 4179 180 4234 ll.
201 4171 334 4239 llo'ctores
355 4185 494 4257 ponentes
516 4183 590 4256 qnod
605 4174 715 4255 aliquis
736 4198 787 4256 per
808 4195 959 4237 censuram
981 4171 1210 4234 ecclesiasticam
1225 4170 1375 4230 emendan-

107 4255 170 4327 dns,
185 4261 211 4316 si
231 4263 334 4335 corrigi
354 4265 494 4335 noluerit,
509 4263 640 4321 seculari
661 4261 772 4334 judicio
792 4263 837 4317 est
858 4257 1030 4324 tradendus,
1046 4270 1096 4328 pro
1117 4255 1195 4312 certo
1217 4253 1375 4325 sequuntur

113 4337 141 4391 in
155 4337 207 4397 hoc
221 4343 389 4414 pontifices,
405 4345 529 4415 scribes,
545 4344 574 4401 et
592 4343 765 4417 phariseos,
781 4340 830 4414 qni
849 4339 992 4398 Christum
1012 4351 1068 4392 non
1087 4334 1228 4392 volentem
1246 4333 1289 4389 eis
1307 4331 1374 4388 obe·

113 4415 170 4474 dire
195 4420 225 4478 iu
250 4423 397 4494 omnibus,
422 4425 550 4484 dicentes
573 4422 668 4482 Nobis
692 4439 755 4480 nora
784 4420 850 4478 ticet
876 4417 1041 4491 interficere
1063 4431 1259 4491 quemquam,
1280 4413 1374 4486 ipsum
