3136 5034
571 273 614 318 oe
636 273 908 320 conspicimus
1306 266 1375 327 493

99 389 251 469 objectum
259 391 318 537 ,tept
330 383 454 448 aliunde
468 401 558 446 nemo
575 389 716 447 censetur
731 385 804 448 velle
825 403 889 448 sese
910 403 982 466 erga
995 385 1128 468 aliquem
1144 386 1290 468 obligare,
1311 390 1374 455 nisi

98 475 158 539 iste
172 493 259 556 accep
306 523 312 535 .

221 604 420 682 Quaestte.

141 738 211 799 798.
226 769 265 782 -
278 735 379 808 Quas.
403 738 434 796 l⁰
456 731 529 809 Qua
553 740 583 793 et
602 739 716 813 quonia
732 731 773 792 sit
794 729 936 813 oiiipotio
956 733 1165 814 promissionis
1186 735 1277 797 cernei
1293 755 1374 800 occe-

98 822 217 906 pictai

141 913 233 995 Resp.
247 931 259 972 .·
272 911 519 974 Controvertitnr
527 909 609 974 inter
620 909 782 991 theologos.
796 909 919 990 Triplex
928 910 1019 974 datur
1030 910 1181 975 sententia
1188 911 1372 993 probabilis,

95 1005 185 1084 juxta
198 1002 234 1065 S.
241 1000 312 1084 Lep.
325 1021 356 1062 n.
373 1004 443 1065 720.
1205 1019 1208 1027 ·
1387 1025 1388 1030 ¹

138 1090 169 1153 Ι·
192 1090 351 1153 Sententia
374 1093 470 1165 tenet,
495 1089 744 1170 promissionem,
761 1107 820 1172 per
840 1108 884 1167 se,
909 1087 1008 1152 solum
1029 1088 1161 1171 obligare
1180 1090 1237 1154 sub
1256 1098 1375 1172 peceato

98 1179 225 1254 veniali,
242 1185 273 1242 et
289 1197 327 1242 ex
338 1196 422 1241 mera
434 1177 591 1242 fidelitate.
604 1177 695 1243 Ratio
709 1183 772 1253 est,
789 1177 863 1258 quia
879 1181 1050 1240 contractus
1065 1177 1179 1260 obligat
1193 1179 1292 1243 solum
1305 1182 1375 1246 vin-

99 1268 166 1332 culo
180 1267 347 1342 fidelitatis,
362 1273 393 1330 ct
410 1267 539 1331 fidelitas
560 1285 622 1332 non
636 1265 759 1330 videtur
772 1266 905 1347 obligare
919 1266 977 1329 sub
991 1272 1110 1348 peccato
1124 1269 1260 1344 mortali,
1276 1270 1302 1332 si
1315 1271 1375 1335 alia

98 1355 413 1420 incommodaabsint.
430 1391 470 1402 -
486 1355 637 1418 Salmont.
653 1391 694 1401 -
708 1354 844 1434 Sattier,
861 1355 965 1420 etalii.

139 1446 191 1509 ΙΙ·
202 1444 362 1508 Sententia
372 1443 461 1518 dicit,
477 1443 712 1526 promissionem
728 1443 839 1508 seriam
853 1444 888 1507 in
904 1463 938 1508 re
956 1443 1042 1526 gravi
1060 1444 1192 1526 obligare
1211 1446 1268 1509 sub
1288 1449 1374 1527 pavi

99 1533 286 1616 exjustitia,
307 1533 545 1614 independenter
562 1533 601 1597 ab
618 1531 787 1597 intentione
801 1532 1022 1614 promittentis.
1042 1532 1129 1598 Ratio
1142 1539 1204 1608 est,
1218 1534 1292 1614 quia
1305 1554 1374 1616 pro-

99 1622 207 1686 missio
220 1622 356 1703 gnatuita
369 1640 431 1685 non
445 1627 491 1686 est
501 1622 615 1686 diversi
626 1620 742 1685 ordinis
757 1640 791 1684 ac
799 1621 961 1702 promissio
973 1639 1113 1696 onerosa,
1129 1623 1248 1685 ratione
1260 1623 1373 1705 obliga-

100 1711 205 1776 tionis·
220 1747 261 1758 —
274 1712 419 1785 Antoine,
435 1730 465 1793 q.
481 1715 518 1786 3,
534 1717 591 1774 etc.

140 1799 209 1865 ΙΙΙ·
224 1800 396 1873 Sententia,
411 1804 595 1862 communior
611 1805 640 1862 et
651 1799 849 1882 probabilior,
868 1801 954 1863 docet
967 1799 1182 1880 obligationem
1196 1800 1372 1881 promissio-

98 1888 148 1952 nis
162 1889 292 1970 pendere
305 1906 344 1951 ex
356 1888 528 1951 intentione
541 1888 757 1969 promittentis.
773 1889 859 1954 Unde
877 1888 904 1951 si
922 1888 972 1952 ille
987 1888 1128 1952 intendat
1146 1906 1177 1950 se
1198 1907 1235 1952 en
1252 1890 1375 1970 justitia

99 1977 245 2059 obligare,
262 1977 413 2058 obligatur
425 1977 483 2040 sub
500 1977 623 2041 mortali
639 1977 674 2040 in
692 1977 779 2057 gravi
792 1978 939 2052 materia;
956 1976 982 2040 si
997 1981 1102 2040 autem
1121 1977 1221 2040 solum
1234 1977 1375 2042 intendat

99 2083 130 2129 se
144 2066 278 2146 obligare
290 2083 329 2128 ex
339 2065 501 2141 fidelitate,
517 2066 575 2129 sub
592 2065 651 2129 levi
665 2069 788 2130 tantum
807 2065 967 2146 obligatur.
991 2100 1031 2111 —
1048 2065 1145 2148 Lupo.
1161 2100 1203 2114 -
1222 2065 1371 2130 Biitnort.

97 2189 140 2202 —
152 2154 277 2238 Sporer,
296 2160 353 2217 etc.
369 2159 460 2218 Porro
474 2155 513 2217 ad
525 2154 688 2218 maissiam
700 2172 826 2235 gravem
839 2153 874 2216 in
887 2153 1088 2236 promissione
1102 2154 1264 2236 requirunt
1274 2173 1372 2236 quan-

97 2243 222 2308 titatem
235 2243 404 2325 quadruplo
416 2244 563 2323 majorem
576 2261 671 2324 quam
682 2242 717 2306 in
731 2242 814 2307 iurto
828 2242 963 2307 mortali.
979 2276 1021 2290 —
1034 2241 1071 2305 S.
1088 2242 1159 2325 Lip.

139 2331 252 2396 Ethaec
263 2332 389 2413 quidem
398 2332 435 2394 de
444 2331 645 2411 promissione
650 2333 778 2415 proprie
790 2337 923 2412 sumpta.
935 2335 1013 2394 Nam
1023 2331 1135 2412 sapius
1144 2331 1371 2414 promissiones,

98 2421 204 2502 quales
222 2420 428 2484 communiter
445 2420 541 2496 fiunt,
558 2438 656 2502 neque
675 2420 865 2502 exjustitia,
886 2437 985 2500 neque
1003 2438 1041 2482 ex
1060 2419 1202 2484 fidelitate
1221 2420 1371 2502 ohligant;

98 2508 171 2590 quia
188 2509 371 2590 promittens
387 2527 449 2572 non
467 2507 601 2572 intendit
615 2523 705 2571 suam
720 2508 811 2572 iidem
825 2507 926 2572 stricte
940 2508 1087 2588 obligare,
1101 2509 1154 2572 sed
1167 2527 1250 2574 mere
1263 2527 1371 2593 propo-

97 2596 193 2660 situm
207 2616 301 2661 suum
314 2596 486 2660 enuntiare.

137 2689 207 2750 tta.
222 2723 262 2732 -
276 2688 377 2762 Quas.
392 2689 425 2749 2⁰
441 2685 521 2761 (initi
535 2687 568 2747 in
581 2686 685 2764 dubio,
703 2706 743 2747 on
756 2686 870 2768 uliquis
884 2685 1010 2749 voluerit
1023 2707 1052 2749 se
1066 2685 1205 2769 otlipure
1216 2687 1271 2749 sab
1283 2692 1374 2769 proci

97 2784 151 2837 ont
163 2774 218 2836 snt
231 2773 290 2836 ieri
296 2776 395 2855 jtacto
405 2783 547 2854 patronos
560 2775 656 2838 tertiae
666 2775 840 2838 sententia?

136 2864 229 2944 Resp.
248 2882 262 2924 .·
278 2861 469 2925 Probabilius
487 2881 541 2942 pro
561 2863 694 2924 minima
710 2867 795 2942 parte
809 2862 956 2925 standum
974 2869 1035 2938 est,
1054 2863 1129 2944 quia
1146 2864 1181 2927 in
1198 2864 1292 2927 dubio
1310 2883 1371 2928 non

97 2957 143 3015 est
159 2950 383 3033 imponendum
401 2967 479 3012 onus
498 2952 629 3024 certum,
647 2950 817 3030 praesertim
836 2949 870 3012 in
887 2950 1188 3033 promissioneque
1203 2954 1372 3016 maximam

97 3040 229 3121 requirit
247 3037 511 3121 spontaneitatem.
526 3073 566 3084 -
579 3036 613 3100 S.
630 3039 703 3121 Lip.
721 3059 751 3099 n.
772 3041 1141 3120 emmerammenses
1160 3045 1220 3116 est,
1243 3043 1372 3122 promis-

97 3129 216 3192 sionem
226 3127 303 3191 seuio
312 3127 423 3190 bcmm
437 3135 468 3191 et
481 3132 668 3207 acceptatam
682 3126 717 3189 in
733 3145 765 3190 re
783 3127 870 3208 gravi
883 3144 985 3207 posse,
996 3145 1056 3208 per
1073 3127 1222 3206 armon,
1241 3130 1372 3212 obligare

98 3217 156 3280 sub
169 3217 255 3298 grand
269 3236 308 3280 en
317 3215 454 3298 justitia;
470 3221 508 3279 nt
521 3214 549 3278 si
562 3213 761 3279 intercederet
772 3214 849 3278 ratio
862 3214 997 3296 ingentis
1011 3215 1118 3278 damni
1131 3216 1270 3296 proximo
1282 3219 1371 3282 obve-

96 3305 213 3370 nientis
225 3325 263 3370 ex
275 3303 475 3388 promissione
485 3323 548 3368 non
560 3311 689 3368 servata.
704 3341 743 3350 -
756 3304 894 3368 Scantini.

138 3399 240 3472 Quas.
256 3399 289 3459 3⁰
303 3395 353 3458 An
365 3393 476 3477 aliquis
484 3398 580 3478 possit
588 3393 821 3477 promissionem
835 3403 992 3477 acceptare
996 3412 1056 3476 per
1068 3391 1186 3456 oliam?

137 3485 226 3568 Resp.
247 3483 372 3566 Aspen.
389 3486 491 3546 Potest
505 3483 574 3565 quis
593 3489 745 3564 acceptare
761 3482 995 3564 promissionem
1014 3501 1066 3563 per
1084 3481 1261 3563 quempiam
1282 3483 1321 3545 ad
1339 3483 1371 3546 id

97 3574 246 3648 electum,
266 3577 321 3636 aut
334 3592 386 3654 per
398 3572 597 3648 familiarem,
614 3572 688 3653 quia
704 3589 801 3634 unam
819 3571 973 3635 moraliter
989 3589 1150 3652 personam
1164 3589 1235 3634 cum
1253 3589 1288 3636 eo
1300 3591 1370 3636 con-

97 3663 224 3726 stituere
240 3667 389 3726 censetur.
406 3666 506 3726 Potest
521 3662 616 3725 etiam
629 3660 863 3742 promissionem
874 3666 1026 3741 acceptare
1039 3679 1093 3741 per
1105 3660 1218 3736 adum,
1234 3660 1289 3742 qui
1305 3665 1371 3744 ejus

97 3769 203 3816 curam
229 3752 322 3832 gesit,
347 3771 378 3815 v.
404 3770 463 3832 gr,
484 3757 570 3832 pater
593 3769 646 3832 pm
666 3749 876 3825 flbciamilias,
901 3749 1071 3830 Religiosus
1095 3767 1149 3830 pro
1174 3750 1368 3826 monasterio,

96 3841 244 3906 Praelatus
258 3858 312 3921 pro
325 3840 456 3903 Ecclesia
471 3858 541 3915 sua,
558 3858 635 3903 unor
648 3839 836 3921 promerito.

137 3932 239 4006 Quina.
254 3935 287 3992 4⁰
303 3928 499 4005 Ouandonom
512 3939 601 3991 cesset
611 3929 655 3992 oss
663 3928 868 4010 promissionis
882 3927 1064 4012 acceptata?

138 4019 231 4102 Resp.
248 4038 262 4080 .·
277 4024 309 4082 l⁰
323 4017 356 4080 si
371 4017 587 4099 promissan'us
602 4020 706 4098 sponte
723 4016 885 4092 condonet,
902 4021 957 4081 aut
971 4018 1036 4099 juri
1053 4035 1108 4080 suo
1125 4019 1220 4082 cedat.
1236 4053 1277 4064 —
1290 4020 1324 4080 2⁰
1338 4016 1369 4080 Si

95 4127 145 4172 res
158 4107 309 4188 promissa
317 4106 372 4169 fiat
380 4105 486 4169 illicita
500 4107 547 4168 vel
556 4104 688 4169 inutilis.
701 4141 741 4151 -
752 4110 786 4170 3⁰
798 4103 830 4167 Si
846 4105 1063 4187 promissorias
1077 4125 1138 4170 non
1153 4111 1214 4170 stet
1227 4106 1292 4170 suis
1303 4124 1370 4188 pro

96 4195 213 4260 missis.
228 4231 269 4240 -
281 4199 314 4258 t⁰
324 4194 358 4259 si
374 4200 473 4257 status
488 4213 591 4257 rerum
604 4193 651 4258 vel
664 4212 865 4275 personarum
875 4195 918 4258 ita
930 4198 1079 4268 mutetur,
1091 4201 1127 4258 ut
1138 4193 1301 4276 promissio
1308 4211 1370 4256 non

96 4285 236 4348 videatur
246 4284 337 4347 illum
351 4289 497 4347 eventum
511 4283 821 4364 comprehendere-
831 4288 863 4346 5⁰
875 4282 906 4345 Si
918 4283 999 4356 finis,
1012 4283 1066 4364 qui
1076 4284 1115 4347 ad
1123 4283 1370 4364 promittendum

99 4373 212 4449 morit,
227 4373 402 4436 nullatenus
417 4371 581 4449 subsistat,
599 4390 696 4454 neque
706 4375 772 4455 jam
786 4371 916 4435 obtineri
930 4371 1036 4453 possit.
1051 4407 1092 4418 -
1105 4372 1142 4436 S.
1159 4373 1241 4454 Lip,
1254 4371 1328 4435 ibid.

138 4467 208 4529 800.
223 4497 261 4508 -
280 4465 382 4538 Qunn.
406 4465 438 4525 5⁰
462 4462 530 4538 An,
551 4461 599 4524 oei
620 4470 766 4544 qnatenus
781 4460 894 4542 obiipet
910 4464 1086 4542 promissio,
1110 4465 1138 4524 si
1156 4471 1225 4525 onte
1250 4479 1366 4524 ensesu-

99 4551 208 4618 tt'onem
219 4555 371 4615 moriatur
375 4552 605 4636 promissorias,
622 4550 668 4614 oei
677 4551 875 4632 promittens?
