3206 5024
203 265 270 328 330
735 272 942 319 reserares

202 433 205 444 '
323 438 532 504 Resolves

243 595 400 676 l⁰Dupler
411 591 604 674 sacrilegium
613 590 781 654 committit
793 607 921 671 persona
933 593 992 652 Deo
1005 594 1178 652 consecrata
1189 605 1260 650 oum
1271 587 1330 650 alia
1338 589 1477 667 ejusdem

202 683 384 747 conditionis
398 701 539 764 peccans;
553 680 628 762 quia
642 679 804 760 dupliciter
817 677 1006 758 Religionem
1020 677 1204 740 offendit-
1214 677 1251 739 S.
1267 677 1336 758 Lip.
1352 697 1386 738 n.
1401 683 1475 742 155.

241 777 275 835 2⁰
287 773 428 834 Sacerdos
442 770 576 836 simulet
588 767 771 849 Religiosus,
785 766 840 848 qui
850 771 956 829 contra
970 765 1140 828 castitatem
1151 769 1266 847 peccat,
1281 765 1477 846 probabilius

199 880 264 924 non
278 859 550 940 commititdupler
561 856 753 937 sacrilegium
762 877 769 932 ;
778 893 819 903 -
828 853 916 938 quia,
929 854 1071 936 (silemsis
1081 874 1119 918 ex
1129 853 1242 934 duplici
1251 854 1342 917 titulo
1351 861 1477 920 maneat

202 948 365 1012 obstrictus
386 953 456 1010 voto
477 945 641 1020 castitatis,
662 951 767 1008 tammr
788 948 892 1008 contra
913 943 995 1006 idem
1015 948 1199 1025 prereptum
1219 943 1344 1005 formale
1363 962 1416 1006 seu
1435 961 1478 1007 ex

200 1039 307 1101 eodem
320 1036 435 1100 motivo
448 1035 630 1117 impositum
641 1038 751 1116 peccat.
768 1069 807 1080 —
819 1033 856 1097 S.
872 1033 942 1114 Lip.
956 1053 989 1095 n.
1007 1037 1077 1096 455.

199 1130 203 1138 “
243 1124 275 1187 3⁰
288 1125 509 1205 Sacrilegusest
521 1123 574 1206 qui
586 1141 746 1204 personam
756 1139 872 1184 sacram
884 1123 922 1184 ad
932 1128 1089 1202 peccatum
1102 1121 1233 1184 luxuriae
1249 1121 1374 1185 consilio
1383 1121 1475 1185 indu-

199 1214 260 1289 cit,
276 1215 345 1276 licet
358 1213 422 1295 ipse
436 1232 508 1276 oum
527 1232 561 1276 ea
576 1231 638 1275 nou
653 1215 766 1293 peccet;
785 1210 857 1292 quia
874 1213 939 1290 ejus
953 1217 1072 1291 peceato
1086 1215 1272 1291 cooperatur.

242 1302 415 1366 corollario
428 1299 600 1365 voluntaria
618 1300 653 1363 in
670 1299 791 1364 ecclesia
806 1305 853 1361 est
867 1298 1075 1380 sacrilegium,
1091 1298 1234 1380 quamvis
1249 1303 1361 1362 secreta
1375 1299 1429 1373 sit,
1443 1305 1477 1362 et

203 1390 346 1474 quamvis
367 1390 490 1454 ccclesia
508 1389 749 1454 reconciliatione
768 1407 830 1451 non
850 1387 1001 1468 indigeat,
1018 1395 1109 1469 prout
1124 1387 1159 1450 in
1175 1387 1341 1468 pollutione
1356 1387 1478 1451 notoria

202 1479 329 1560 indiget.

244 1572 277 1631 5ο
292 1571 402 1631 Tactus
416 1567 524 1631 leviter
531 1571 635 1648 turpes
648 1566 682 1632 iu
692 1565 829 1642 ecclesia,
839 1564 1185 1647 juxtacommuniorem
1196 1564 1397 1640 sententiam,
1412 1584 1478 1629 non

204 1663 279 1719 suut
293 1656 463 1737 sacrilegia,
480 1657 554 1738 quia
573 1675 611 1719 ex
632 1656 676 1718 eis
697 1674 759 1718 non
777 1654 905 1718 resultat
922 1671 1035 1734 magna
1049 1654 1247 1717 irreverentia
1261 1654 1296 1716 in
1312 1654 1414 1717 locum
1428 1673 1478 1717 55-

203 1762 302 1808 crum.
324 1749 415 1808 Serus
429 1763 515 1820 vero,
538 1745 565 1807 si
586 1743 649 1808 sint
668 1743 832 1806 enormiter
847 1761 962 1823 graves.
977 1778 1020 1790 -
1037 1743 1070 1805 Si
1088 1750 1193 1805 autem
1214 1742 1278 1805 sint
1296 1742 1479 1825 simpliciter

203 1851 324 1914 graves,
340 1833 453 1914 duplex
467 1834 560 1896 datur
573 1832 725 1896 sententia
743 1852 751 1894 :
774 1839 811 1895 ut
831 1831 965 1894 absolute
981 1831 1171 1914 probabilius
1184 1829 1316 1894 affirmat
1334 1831 1371 1894 S.
1389 1833 1477 1914 Lip„

203 1921 277 2003 quia
291 1926 389 1984 tactus
404 1921 558 1984 inhonesti
574 1922 713 1984 eamdem
728 1921 881 1984 malitiam
894 1920 1009 1983 habent
1025 1939 1120 2002 quern
1140 1920 1206 2002 ipsa
1223 1921 1342 2001 copula,
1359 1927 1389 1983 et
1404 1920 1479 1983 licet

202 2009 252 2072 his
266 2010 385 2074 actibus
400 2029 463 2073 non
477 2010 608 2073 violetur
622 2009 762 2085 ecclesia,
778 2009 839 2092 ipsi
854 2016 958 2073 tamen
972 2009 1074 2090 gravis
1090 2008 1288 2072 irreverentia
1309 2010 1476 2090 irrogatur.

202 2099 287 2161 Idem
296 2099 371 2162 dicit
383 2098 420 2162 de
433 2098 534 2162 verbis
547 2105 578 2161 et
591 2098 763 2181 aspectibus
775 2099 909 2180 graviter
921 2098 1071 2162 obscoenis
1085 2098 1121 2161 S.
1133 2099 1260 2177 Auctor,
1276 2119 1308 2159 n.
1323 2102 1474 2174 sae-tor,

203 2193 234 2249 et
250 2185 340 2250 Hom.
356 2196 467 2270 apost,
481 2207 514 2251 5.
529 2191 580 2252 22.
592 2223 632 2234 -
641 2191 735 2251 Actus
742 2206 812 2251 vero
822 2187 951 2264 interni,
966 2206 1020 2250 seu
1034 2186 1247 2268 cogitationes,
1265 2189 1312 2250 vel
1326 2186 1476 2250 desideria

202 2293 298 2356 prava
310 2275 416 2352 habita
425 2275 459 2339 in
473 2276 595 2340 ecclesia
610 2295 671 2340 non
686 2281 758 2339 sunt
774 2275 940 2357 sacrilegia,
957 2277 983 2339 si
998 2276 1146 2338 desideria
1155 2276 1295 2357 peccandi
1308 2275 1476 2340 externeiu

201 2363 270 2445 ipsa
284 2364 405 2427 ecclesia
417 2365 559 2447 excipias.
578 2401 618 2412 -
631 2363 656 2428 S
660 2412 667 2427 .
680 2364 788 2447 Alps,
805 2385 836 2426 n.
852 2369 928 2444 loe,
944 2372 975 2428 et
988 2365 1078 2428 Hom.
1096 2373 1204 2447 apost,
1218 2364 1290 2427 ibid.

693 2599 711 2692 ᾗ
726 2601 769 2669 V.
789 2603 838 2668 De
850 2607 982 2688 stupro.

241 2815 311 2874 425.
325 2847 366 2858 -
379 2813 528 2894 Stuprum
540 2812 601 2874 lato
616 2829 708 2874 sensu
719 2809 832 2873 dicitur
841 2809 944 2892 qrrivis
954 2807 1134 2872 concubitus
1148 2807 1281 2872 illicitus.
1293 2809 1392 2870 Sensu
1401 2825 1477 2890 pro-

203 2899 284 2980 prio,
301 2907 484 2981 quatenusa
499 2898 647 2980 theologis
661 2898 792 2962 habetur
801 2905 950 2980 tanquam
963 2898 1075 2979 species
1089 2896 1233 2960 distincta
1246 2895 1375 2960 luxune
1384 2946 1392 2972 ,
1402 2897 1478 2960 defi-

203 2986 292 3050 nitur
305 3006 343 3050 55
352 2990 421 3069 jure
436 2987 586 3052 Ganouioo
603 2987 730 3051 :illicita
745 2987 875 3068 virginis
889 2986 1053 3050 defloratio.
1068 2987 1148 3048 ttae.
1160 2986 1227 3048 Les
1241 2985 1312 3065 itta,
1323 3005 1406 3049 cour.
1423 2989 1476 3062 36,

204 3096 233 3159 q.
252 3081 282 3138 1.
298 3111 337 3122 -
351 3076 495 3140 Deilorari
509 3081 613 3140 autem
625 3076 739 3140 dicitur
751 3075 853 3156 virgo,
870 3094 938 3157 quae
949 3093 1111 3157 congressu
1124 3075 1186 3139 viri
1195 3074 1329 3138 naturali
1339 3093 1374 3137 ac
1388 3093 1477 3156 opere

196 3169 417 3228 consummato
433 3164 611 3247 primarios
625 3165 842 3246 corrumpitur.

244 3255 394 3334 Stuprum
414 3252 446 3315 vi
467 3259 734 3330 consummatum,
753 3257 861 3334 prater
878 3261 1035 3334 peccatum
1056 3273 1146 3334 grave
1165 3259 1272 3317 contra
1284 3253 1476 3330 castitatem,

202 3342 335 3406 involvit
352 3340 447 3404 ctiam
464 3343 585 3423 culpam
602 3361 725 3423 grauun
740 3347 842 3405 contra
859 3342 1033 3424 justitiam,
1052 3342 1087 3406 in
1104 3342 1290 3406 confessione
1309 3341 1477 3407 5555555515

198 3432 409 3513 aperiendam.
423 3466 462 3477 -
477 3430 514 3496 S.
530 3431 602 3514 Lip.
617 3452 649 3494 5.
665 3435 734 3496 lta.

323 3595 536 3662 Resolves.

242 3753 312 3814 t26.
334 3785 375 3796 —
397 3755 430 3814 t⁰
451 3752 600 3831 Stuprum
622 3753 667 3814 est
684 3749 826 3813 fornicari
847 3767 918 3812 oum
941 3747 1060 3830 virgine
1081 3753 1217 3824 amente,
1233 3748 1318 3812 ebria
1341 3752 1396 3812 aut
1411 3749 1480 3812 dor·

204 3837 335 3914 miente,
361 3838 435 3920 quia
458 3837 591 3902 violatur
612 3839 678 3902 sine
698 3840 764 3918 ejus
783 3857 950 3913 consensu,
975 3842 1005 3900 et
1025 3837 1151 3920 proinde
1171 3836 1273 3918 gravis
1295 3837 1324 3900 51
1344 3835 1481 3900 infertur

202 3943 328 4007 rnJuna.

243 4019 276 4077 2⁰
296 4017 391 4079 Juxta
411 4016 653 4080 communiorem
673 4021 703 4079 ot
722 4015 955 4097 probabiliorem
974 4014 1173 4090 sententiam,
1195 4032 1257 4078 non
1272 4017 1318 4077 est
1331 4021 1481 4096 stuprum

201 4101 345 4166 fornicari
360 4123 431 4169 cum
444 4105 564 4187 virgine
577 4107 666 4187 plane
680 4104 904 4180 consentiente,
919 4123 972 4167 seu
983 4103 1160 4167 nullatenus
1173 4103 1287 4178 invita,
1305 4102 1363 4166 etsi
1377 4103 1481 4184 prima

201 4191 267 4255 rice
281 4201 510 4275 corrumpatur3
527 4193 600 4277 quia
618 4200 778 4276 stuprum,
794 4193 910 4257 ratione
929 4193 1092 4256 dumtaxat
1110 4191 1246 4256 formalis
1259 4191 1383 4273 injuriae
1396 4190 1482 4254 iute-

202 4278 308 4358 gritati
322 4281 452 4362 virginis
465 4282 574 4359 illata,
583 4289 756 4365 potestesse
768 4282 867 4347 otdici
878 4287 1035 4363 peccatum
1045 4280 1171 4363 speciale
1180 4284 1282 4344 ronna
1292 4278 1480 4342 castitatem.

201 4367 299 4446 Atqui
318 4367 354 4432 in
376 4389 449 4433 casu
470 4371 571 4452 virgo,
596 4391 665 4454 quae
685 4371 811 4434 domina
830 4378 877 4435 est
898 4369 947 4433 sui
968 4369 1099 4452 corporis
1112 4371 1220 4452 -quoad
1238 4369 1372 4432 liberum
1391 4367 1482 4432 illius

201 4473 310 4532 usum,
327 4464 433 4538 sponte
443 4459 508 4539 juri
522 4479 578 4523 suo
591 4461 680 4525 cedit.
698 4463 813 4542 Ergo...
830 4458 918 4524 Hinc.

241 4548 275 4609 3⁰
288 4544 523 4610 circumstantia
536 4547 723 4629 virginitatis
738 4549 861 4631 puellae,
878 4568 947 4632 quae
956 4550 1067 4615 violata
1080 4553 1140 4626 est,
1155 4549 1182 4613 51
1197 4547 1264 4632 ipsa
1275 4549 1310 4613 iu
1323 4565 1391 4612 rem
1406 4565 1481 4613 con·
