3216 5020
542 185 585 228 on
605 183 807 230 rancarrls
828 185 1004 230 necanoer
1339 174 1407 234 alb

174 295 264 376 Resp.
291 292 370 375 Nep.
386 293 552 368 ordinarie,
577 295 651 376 quia
673 295 793 356 somnia
815 295 875 358 iero
896 315 934 358 ex
955 297 1054 358 causis
1083 297 1275 359 naturalibus
1301 318 1406 380 prore-

126 383 249 446 niunt:
276 402 306 442 v.
339 402 398 462 gr„
427 401 464 444 en
491 383 660 445 humorum
686 385 902 459 commotione,
930 392 987 446 eto.
1013 385 1145 447 Aliunde
1169 386 1287 449 somnia
1307 407 1325 450 a
1349 392 1408 451 Deo

127 471 277 534 immissa
296 470 454 532 rarissima
473 477 565 545 sunt,
580 477 611 533 et
632 474 862 552 conjunguntur
877 473 973 554 siguis
989 491 1042 554 per
1053 489 1153 554 quaea
1172 475 1300 538 somniis
1318 485 1407 541 natu-

125 560 251 622 ralibus
267 559 314 620 rel
330 559 486 622 diabolicis
501 566 582 624 certo
601 560 716 622 secerni
729 559 858 641 possint.
873 597 913 605 —
932 561 967 624 S.
992 562 1062 644 Lip.
1078 581 1160 623 nom.
1179 566 1208 624 9.
1224 600 1263 608 -
1280 563 1407 628 Tombu-

126 653 234 718 rr'nus,
253 655 311 710 etc.

175 740 277 813 Quen.
295 741 328 800 3⁰
340 735 389 796 Aa
404 735 505 798 lr'eitas
516 737 557 798 sit
570 739 744 820 ususcapoe
752 735 964 801 divinatoriae?

176 826 265 907 Reep.
280 831 331 888 l0:
357 827 444 887 Certo
466 831 513 887 est
536 827 745 900 damnandus,
763 827 882 908 quaties
902 827 989 907 virga
1005 835 1155 902 movetur,
1170 829 1217 890 rel
1229 844 1292 892 non
1307 845 1409 893 more-

126 921 189 977 tur
211 915 387 977 admoram
411 914 616 978 intentionem
637 917 702 995 ejus
725 915 779 996 qui
801 933 868 978 eam
887 933 983 978 manu
1004 917 1131 997 premit,
1146 935 1200 980 nec
1219 925 1364 990 moretur·
1377 920 1413 982 in

127 1009 299 1084 conspectu
321 1004 449 1065 alterius
470 1002 514 1064 rei
535 1021 598 1066 non
618 1002 769 1084 quesita,
787 1003 857 1066 licet
874 1005 1010 1086 ejusdem
1027 1005 1068 1066 sit
1080 1013 1209 1070 natante.
1227 1007 1316 1072 Nulla
1327 1008 1411 1071 enim

130 1098 185 1154 est
197 1091 351 1173 propertio
373 1091 456 1154 inter
477 1109 543 1154 rom
562 1093 735 1154 naturalem
755 1097 786 1154 et
802 1092 938 1155 hominis
952 1092 1167 1156 intentionem.
1187 1095 1265 1158 Hinc
1279 1097 1412 1176 graviter

130 1187 276 1262 peccant,
294 1180 348 1262 qui
371 1180 459 1260 virga
484 1187 618 1242 utuntur
644 1181 681 1242 ad
703 1179 803 1242 barem
824 1177 1041 1262 quarendum,
1066 1183 1113 1244 rel
1134 1185 1173 1246 ad
1193 1185 1324 1265 lapidem
1347 1186 1411 1268 agri

129 1269 270 1332 limitem
285 1270 498 1348 detegendum,

179 1357 267 1440 llerp.
281 1361 335 1420 2⁰:
353 1361 418 1420 Non
433 1357 558 1419 videtur
570 1365 650 1420 certo
665 1359 858 1420 damnandus
874 1375 949 1420 usus
962 1358 1056 1440 virga
1071 1359 1108 1420 ad
1124 1361 1304 1440 detegendas
1317 1381 1411 1443 aqrras

131 1447 187 1508 vel
200 1446 335 1522 metalla,
352 1445 378 1508 si
390 1445 476 1526 virga
491 1446 658 1526 superbae
672 1446 804 1508 inomni
819 1465 893 1508 casu
909 1465 994 1527 aeque
1007 1454 1177 1522 moveatur,
1196 1449 1258 1512 sive
1273 1469 1411 1530 quaran-

131 1543 191 1596 tur
209 1535 273 1596 sire
295 1553 358 1596 non
381 1539 568 1615 quaerantur,
595 1537 684 1597 modo
707 1534 761 1596 fiat
782 1535 960 1614 protestatio
977 1543 1082 1620 contra
1106 1536 1288 1600 diabolicam
1309 1557 1412 1619 opera-

131 1623 268 1696 tionem,
295 1641 364 1704 quae
386 1622 463 1684 forte
485 1623 587 1684 adesse
609 1623 719 1704 possit,
735 1624 974 1704 excludaturque
996 1625 1098 1686 omnis
1123 1625 1247 1686 animus
1266 1627 1411 1706 supersti-

132 1711 246 1774 tiosus.
271 1747 311 1757 —-
334 1711 385 1772 Ita
407 1715 589 1772 ceremonias
610 1712 800 1789 recentiores,
826 1717 931 1774 eontra
956 1712 992 1774 S.
1016 1712 1100 1796 Lep,
1123 1735 1153 1774 o.
1178 1718 1211 1787 8,
1238 1714 1293 1776 ubi
1320 1733 1413 1777 usrrm

133 1800 231 1880 sargae
244 1799 438 1863 divinatoriae
451 1799 485 1860 in
500 1801 584 1863 omni
597 1819 668 1862 casu
683 1800 835 1881 reprobat.
849 1834 889 1845 -
909 1801 943 1864 V.
962 1800 1071 1878 Casus,
1086 1821 1116 1862 a.
1137 1806 1197 1866 263
1209 1813 1237 1864 et
1250 1823 1309 1886 seq.

504 1977 521 2068 ς
541 1979 600 2046 lV.
622 1980 670 2046 De
687 1979 809 2068 mepte
827 1987 856 2046 et
870 1981 1049 2064 maleficio.

177 2145 250 2204 etl.
272 2175 312 2187 -
336 2141 360 2202 l.
385 2139 482 2220 llagla
510 2139 569 2202 late
593 2147 733 2221 sumpta,
757 2159 811 2204 seu
837 2143 938 2222 magia
966 2142 1117 2204 pererratis
1140 2149 1196 2205 aut
1221 2143 1411 2226 arrzfiee'ale's,

133 2249 208 2312 quac
220 2229 322 2309 magia
336 2229 405 2291 alba
419 2235 555 2304 vocatur,
571 2235 618 2291 est
633 2247 681 2291 ars
693 2228 822 2292 faciendi
835 2230 915 2292 mim
927 2232 1036 2294 saltem
1049 2238 1228 2312 apparenter
1241 2251 1294 2312 per
1307 2237 1413 2296 causas

131 2318 294 2382 naturales
308 2323 361 2380 aut
373 2317 511 2381 hominis
523 2317 726 2394 iudustriam,
744 2319 857 2400 absque
872 2321 934 2382 ullo
950 2320 1098 2384 dramonis
1113 2321 1297 2385 ministeria.

178 2407 279 2487 Magia
294 2408 396 2468 stricte
417 2407 498 2469 dicta
518 2413 565 2469 est
583 2425 632 2468 ars
651 2407 731 2470 mira
751 2406 881 2470 faciendi
898 2425 984 2490 (pra,
1001 2409 1071 2472 lieet
1092 2427 1155 2471 non
1170 2410 1415 2490 supernaturalia

132 2495 217 2568 mut,
235 2495 314 2558 vires
326 2501 431 2558 tamen
448 2495 584 2557 hominis
599 2503 761 2576 supemnt,
777 2502 807 2558 et
826 2496 954 2578 proinde
967 2515 1021 2578 ope
1040 2499 1135 2561 solius
1155 2498 1303 2562 daemonis
1317 2500 1413 2581 expli-

132 2583 195 2646 cite
209 2584 257 2646 rel
273 2583 421 2666 implicite
433 2583 567 2647 invocati
582 2584 648 2646 fieri
660 2587 798 2666 possunt.

179 2675 214 2735 II.
233 2673 415 2736 llaleficium
432 2678 478 2736 est
493 2691 543 2734 ars
556 2673 684 2735 nocendi
703 2691 774 2736 oum
789 2675 936 2738 daemonis
953 2675 1142 2738 interventu.
1167 2678 1282 2756 Duplex
1301 2677 1412 2740 distin-

135 2761 254 2844 guitur,
280 2759 391 2854 scilipet
419 2765 615 2837 amatorium,
647 2768 702 2824 aut
726 2763 898 2842 veneficam.
929 2763 1112 2826 Maleficium
1134 2766 1332 2838 amatorium,
1357 2781 1411 2828 seu

131 2850 298 2934 pallarum,
316 2856 363 2912 est
376 2868 424 2912 ars
437 2849 599 2924 diabolica,
617 2867 678 2932 qua
690 2850 827 2912 lubricus
839 2867 926 2912 amor
939 2852 987 2913 vel
1001 2852 1108 2914 odium
1123 2853 1157 2914 in
1170 2853 1273 2934 aliqua
1284 2872 1413 2934 persona

134 2957 207 3018 erga
232 2938 324 3001 aliam
350 2937 545 3000 vehomenter
569 2937 730 2999 excitatur.
755 2937 937 3000 Malcficium
960 2940 1123 3022 veneficum
1150 2948 1197 3004 est
1217 2942 1340 3022 precise
1364 2961 1414 3005 ars

134 3028 276 3109 proximo
293 3027 421 3090 nocendi
435 3044 489 3106 ope
513 3025 675 3101 daemonis,
694 3025 787 3107 idque
801 3026 895 3089 variis
909 3027 1023 3103 modis,
1042 3047 1072 3090 v.
1094 3047 1154 3108 gr,
1170 3030 1302 3107 morbis,
1322 3031 1412 3094 hebe-

134 3116 261 3190 tudine,
276 3124 333 3180 elc.
346 3152 385 3162 -
399 3115 435 3178 S.
451 3117 521 3197 Lep.
537 3135 568 3176 o.
586 3117 636 3178 23.

177 3205 359 3268 Maleficium
380 3205 470 3284 vulgo
489 3211 615 3266 vocatur
626 3203 830 3284 sortilepium,
848 3204 922 3284 quia
942 3223 995 3285 por
1009 3204 1086 3268 illud
1102 3226 1166 3269 sors
1181 3209 1262 3270 mala
1275 3205 1414 3288 inJ'ioit'ur

136 3293 178 3356 iis
189 3301 296 3356 eontra
312 3312 389 3374 quos
411 3293 565 3367 vindicta,
586 3311 638 3372 per
660 3291 865 3372 operationem
883 3293 1078 3370 diabolicam,
1098 3303 1263 3359 exercetur.
1283 3295 1362 3358 Hinc
1380 3294 1414 3356 in

136 3385 210 3445 ,lure
225 3381 368 3444 canonico
382 3387 413 3444 et
429 3382 463 3444 in
478 3381 607 3444 historia
623 3379 824 3443 ecclesiastica
840 3381 922 3460 magi
936 3388 968 3443 et
981 3401 1058 3462 sagae
1074 3386 1210 3447 sortiarii
1221 3395 1249 3446 et
1263 3385 1414 3446 sortiariae

135 3479 299 3533 vocantur.

264 3619 477 3683 Resolves.

178 3759 248 3818 Μ.
263 3791 304 3800 -
318 3761 350 3818 l⁰
365 3755 464 3837 Magia
480 3773 544 3817 non
563 3753 667 3817 differt
685 3774 703 3816 a
720 3772 801 3816 vana
815 3753 1021 3830 observantia,
1036 3756 1098 3820 nisi
1112 3757 1192 3837 quod
1206 3759 1271 3838 eJ'us
1289 3755 1413 3820 effectus

136 3844 201 3906 sint
222 3845 321 3925 magis
339 3845 427 3918 miri,
453 3863 483 3906 v.
508 3863 565 3924 gn,
588 3843 767 3906 immutatio
786 3861 961 3926 corporum,
982 3851 1039 3907 etc.
1061 3845 1161 3926 Specie
1180 3851 1285 3907 autem
1305 3843 1415 3907 morali

133 3951 224 3996 neca
241 3951 321 3996 rano
335 3932 529 3995 observantia
543 3931 660 4006 differt,
678 3949 732 3994 nec
746 3949 764 3992 a
778 3931 983 4008 divinatione;
1001 3932 1075 4015 quia
1088 3933 1174 4014 parvi
1185 3931 1291 4008 refert,
1306 3941 1415 3997 utrum

134 4041 155 4084 a
172 4023 311 4085 daemone
325 4021 512 4085 occultomm
530 4020 642 4083 notitia
652 4027 708 4082 aut
721 4019 846 4084 effectus
855 4021 990 4084 mirandi
1003 4028 1159 4102 petantur.

177 4115 210 4174 2⁰
224 4109 408 4174 Malefioium
422 4115 527 4171 autem
538 4107 641 4171 differt
654 4108 751 4190 specie
762 4109 800 4171 ab
816 4108 885 4171 aliis
899 4108 1183 4191 superstitionibus,
1200 4111 1288 4192 quia,
1305 4119 1414 4193 praeter

134 4203 297 4282 peccatum
313 4197 462 4279 Religioni
474 4197 666 4277 oppositum,
683 4199 833 4260 damnum
847 4198 978 4278 proximi
991 4197 1178 4278 superaddit.

180 4293 211 4352 3⁰
228 4287 410 4352 blaleficium
429 4286 609 4347 amatorium
623 4303 686 4350 non
705 4285 824 4348 inducit
843 4286 1010 4350 necessario
1024 4287 1063 4348 ad
1076 4288 1262 4366 patrandum
1283 4289 1415 4354 luxuriae

136 4383 312 4458 peccatum
329 4376 404 4457 quia
421 4392 483 4438 nou
499 4373 580 4436 tollit
595 4373 785 4450 libertatem,
803 4375 855 4437 sed
871 4375 909 4436 ad
923 4371 1083 4436 libidinem
1095 4380 1311 4441 tantummodo
1327 4379 1414 4442 robe

138 4473 263 4528 menter
281 4464 395 4527 excitat
412 4481 483 4543 erga
500 4463 636 4544 aliquam
651 4481 811 4544 personam
825 4461 1077 4538 determinatam,
1093 4465 1287 4544 phantasiam
1302 4466 1415 4530 immu-
