3216 5020
528 305 570 349 un
590 305 789 350 rancnrms
811 303 986 350 nscucocr
1325 295 1395 356 253

126 419 180 482 soli
191 425 274 491 nota,
285 417 352 480 aliis
368 435 438 481 vero
452 435 574 498 prorsus
588 416 708 496 ignota;
723 415 785 478 imo
797 415 862 496 ipso
874 434 981 478 eorum
995 418 1074 498 stylo
1088 435 1232 497 responsa
1245 420 1391 483 eduntur.

165 509 233 570 Haec
252 505 443 586 superstitio,
465 504 617 586 prioribus
639 505 737 568 multo
758 507 850 586 pejor,
874 504 1016 569 baeresiru
1035 511 1067 567 et
1084 504 1276 586 impietatem
1294 509 1394 588 magis

125 597 222 660 adbuc
237 595 364 670 redolet,
381 594 492 658 evertit
509 593 593 660 enim
610 595 754 680 dogmata
771 593 858 657 Fidei
877 601 989 658 nostra
1009 593 1203 668 inconcussa,
1224 598 1396 676 prasertim

124 703 286 768 pennarum
305 682 451 764 gehennae
469 683 684 748 sternacem.
702 687 780 747 Nam
797 681 933 746 defuncti
952 683 988 746 de
1007 690 1092 746 statu
1111 702 1166 746 suo
1184 693 1332 764 prasente
1346 686 1394 748 in-

125 775 269 854 terrogati
284 773 481 853 respondent,
499 791 530 834 se
543 791 607 834 esse
617 775 683 854 jam
695 771 813 846 beatoS,
831 773 878 834 vel
890 791 909 834 a
921 772 1021 852 poenis
1035 790 1107 834 mox
1122 772 1308 848 liberandos,
1325 774 1396 838 licet

125 864 159 925 in
171 861 329 925 infernum
343 863 495 926 demersos
507 879 539 924 se
554 879 617 924 non
631 859 830 924 diffiteantur.

165 955 211 1014 Ex
225 951 316 1013 dictis
333 951 407 1012 satis
422 955 520 1030 patet,
537 949 704 1030 spirituum
721 950 976 1012 consultationem
993 949 1174 1014 dlabolicam
1189 967 1268 1026 esse,
1282 957 1313 1014 et
1326 970 1395 1032 pro-

125 1039 187 1122 prie
202 1039 316 1102 dietam
330 1038 554 1102 diuinationem
568 1038 661 1102 sacris
675 1037 801 1100 Litteris
816 1045 882 1099 tam
897 1053 999 1100 severe
1013 1038 1214 1121 prohibitam.
1282 1053 1284 1056 ’

165 1129 223 1204 Qui
244 1128 419 1190 consultant
439 1127 582 1208 spiritus,
606 1147 660 1190 seu
681 1122 865 1209 Sffl'ritc’stoe,
888 1135 924 1190 ut
943 1127 1122 1208 pestiferum
1146 1145 1280 1192 errorem
1304 1149 1398 1192 suum

127 1217 244 1282 facilius
266 1216 456 1290 diffundant,
481 1217 627 1280 suadente
646 1216 764 1279 diabolo
783 1215 962 1278 coaluerunt
980 1217 1013 1280 in
1036 1225 1163 1294 sectam,
1189 1239 1258 1300 quea
1279 1221 1312 1282 in
1334 1220 1397 1282 dies

127 1306 224 1388 magis
236 1305 407 1386 pracsertim
418 1305 452 1368 in
465 1304 585 1385 magnis
600 1305 778 1368 civitatibus
790 1305 945 1367 excrescit.

166 1399 257 1458 Porro
276 1413 338 1457 non
355 1394 454 1456 solum
473 1394 606 1474 graviter
624 1393 768 1458 illicitum
787 1399 833 1456 est
852 1393 980 1474 spiritus
1000 1395 1036 1457 de
1051 1396 1176 1460 occultis
1194 1399 1349 1460 consulere
1367 1403 1398 1460 et

129 1485 328 1564 interrogare,
350 1482 515 1546 sedetiam
537 1483 754 1546 consultationi
777 1483 848 1546 licet
867 1501 950 1544 mere
970 1483 1092 1564 passive
1113 1485 1275 1560 interesse,
1301 1485 1397 1566 siqui-

130 1574 196 1636 dem
210 1579 258 1636 est
275 1578 432 1652 peccatum
450 1571 667 1651 cooperationis
688 1571 731 1634 rei
750 1571 913 1634 intrinsece
930 1573 1029 1635 mala.
1053 1609 1092 1618 —
1110 1573 1144 1635 V.
1164 1574 1273 1648 Coeus,
1292 1596 1322 1635 n.
1337 1580 1396 1638 erl

129 1673 226 1744 etseq.

166 1751 244 1814 Vide
260 1750 348 1831 plura
362 1749 398 1812 de
413 1746 581 1829 spirituum
597 1750 833 1823 cumulatione,
849 1749 884 1810 in
898 1750 993 1812 variis
1011 1751 1164 1831 opusculis
1178 1771 1276 1832 nuper
1290 1751 1396 1827 edilia,

129 1838 301 1922 imprimis:
318 1838 368 1900 Du
382 1837 575 1920 Spiritum,
588 1857 643 1918 par
654 1839 681 1900 le
692 1843 728 1903 R.
743 1841 776 1899 P.
791 1842 944 1919 Nampon,
959 1839 996 1900 de
1010 1839 1039 1901 la
1052 1840 1234 1921 Compagnie
1249 1842 1285 1903 de
1299 1844 1396 1904 tosus

128 1965 167 1976 -
184 1930 242 1991 Les
261 1927 355 1989 Morta
373 1937 402 1988 et
422 1927 462 1988 les
487 1931 620 2004 uiuants,
642 1925 820 1988 Eutrete'ens
842 1927 955 1990 curleo
979 1930 1245 1991 cocnmcnicotions
1271 1929 1399 1992 d'cntre·

129 2019 239 2094 tembe,
255 2036 310 2098 par
323 2017 350 2078 le
368 2021 404 2081 ll.
419 2019 452 2078 P.
468 2016 640 2096 Malignon,
656 2018 685 2078 S.
702 2018 730 2078 J.
745 2053 784 2062 —
795 2017 838 2078 Le
851 2016 1068 2098 Mopselum,
1087 2017 1115 2079 fe
1136 2018 1312 2101 Spiritnme
1327 2029 1357 2081 et
1370 2019 1400 2080 lo

128 2111 316 2186 Poscentem
331 2108 477 2170 entretien
490 2127 543 2169 sur
557 2109 597 2170 tes
611 2104 736 2190 aprio,
752 2126 807 2188 par
819 2109 847 2172 le
860 2109 931 2172 Pbre
945 2109 1082 2174 Pailloux
1095 2159 1102 2186 ,
1117 2113 1146 2174 S.
1161 2113 1188 2173 J.

634 2311 849 2376 ARTlGULUS
869 2315 895 2376 ll

575 2458 617 2502 un
644 2457 962 2507 renncrmosrrarn

168 2625 379 2706 lrreligiositas
391 2631 437 2689 est
451 2624 648 2688 irreverentia
660 2624 811 2706 specialis,
826 2647 894 2708 quae
909 2631 983 2702 Deo,
999 2627 1046 2690 vel
1059 2627 1239 2692 immediate
1251 2631 1286 2692 in
1299 2651 1339 2705 so,
1356 2633 1403 2694 rel

130 2714 262 2778 mediate
275 2714 310 2776 in
321 2714 456 2794 personis
471 2714 518 2778 rel
530 2715 620 2778 rebus
633 2714 725 2778 saeris
738 2713 906 2794 irrogatur.
921 2715 1084 2796 Praecipua
1097 2720 1163 2798 ejus
1178 2719 1291 2799 species
1304 2727 1379 2782 sunt
1393 2739 1400 2781 :

132 2803 260 2866 natatio
282 2803 349 2876 Dei,
373 2803 579 2882 sacrilegium,
601 2803 746 2877 simonia,
766 2803 956 2884 blasphemia
973 2811 1005 2868 et
1023 2806 1204 2887 periurium.
1223 2812 1264 2870 De
1283 2809 1405 2872 duobus

132 2892 250 2956 ultimis
262 2891 297 2954 in
310 2897 344 2956 2⁰
359 2898 505 2972 precepto
519 2891 648 2954 dicetur.

553 3068 570 3160 ξ
591 3069 617 3136 l.
643 3071 690 3136 De
708 3071 891 3137 tentatione
908 3069 979 3138 Dei.

168 3239 240 3300 283.
258 3271 294 3280 —
309 3233 450 3298 Tentatio
466 3232 518 3296 Dei
537 3238 584 3296 est
601 3229 781 3296 dictum‘ael
796 3232 912 3294 factum
925 3251 986 3313 qua
1000 3232 1071 3314 qtris
1090 3235 1246 3314 explorat,
1265 3255 1303 3298 au
1322 3239 1400 3298 Deris

132 3323 172 3386 sit
185 3329 308 3405 patena,
324 3322 457 3402 sapiens,
475 3321 661 3396 misericors,
677 3328 733 3384 aut
751 3320 812 3384 alia
829 3319 1011 3402 perfectione
1029 3321 1189 3402 praeditus,
1210 3360 1252 3370 -
1264 3324 1314 3386 Ito
1326 3343 1404 3385 com-

131 3417 232 3476 munis
246 3431 312 3474 cum
330 3411 366 3474 S.
386 3411 488 3474 Tuom.
506 3415 536 3473 ἓ.
551 3415 593 3484 2.,
611 3430 640 3492 q.
655 3413 705 3482 97,
722 3420 782 3471 ort.
797 3415 826 3474 l.

169 3505 216 3564 Ex
238 3499 352 3581 duplici
374 3507 479 3562 autem
497 3499 574 3562 vitio
595 3499 743 3579 procedit,
764 3497 916 3561 nimirum
934 3500 982 3562 vel
1002 3518 1040 3563 ex
1058 3501 1265 3580 infidelitate,
1281 3500 1402 3582 quando

132 3591 216 3677 quis,
231 3589 377 3652 dubitans
396 3589 432 3650 de
451 3586 553 3670 aliqua
571 3588 623 3651 Dei
646 3587 841 3668 perfectione,
858 3587 1019 3668 quidpiam
1039 3589 1115 3654 dicit
1135 3595 1191 3654 aut
1208 3589 1279 3652 facit
1298 3587 1402 3652 erano

130 3678 291 3742 obtinendi
309 3681 399 3740 abeo
414 3675 604 3758 perfectionis
623 3676 705 3738 illius
722 3675 1019 3754 manifestationem
1039 3680 1086 3741 vel
1100 3697 1138 3742 ea
1157 3697 1244 3742 mera
1259 3697 1405 3762 pensum·

128 3770 247 3852 ptfene,
266 3766 387 3848 quando
403 3766 473 3847 quis
492 3765 570 3827 nihil
589 3763 734 3827 dubitans
748 3765 784 3826 de
803 3765 855 3828 Dei
869 3764 1117 3844 perfectionibus,
1135 3768 1251 3847 absque
1274 3766 1404 3830 necessi-

131 3864 194 3922 tate
208 3856 278 3920 vult
294 3861 348 3917 aut
362 3853 475 3918 divina
488 3854 655 3918 voluntatis
671 3851 951 3918 manifestationem
966 3863 1021 3920 aut
1035 3855 1160 3938 speciale
1178 3855 1231 3918 Dei
1248 3853 1402 3920 auxilium

131 3945 269 4009 obtinere
280 3963 333 4024 per
344 3943 491 4024 prodigia.

172 4034 241 4096 Alia
255 4039 302 4096 est
312 4032 452 4112 formetis
461 4038 493 4094 et
507 4047 657 4114 expresso,
671 4049 732 4112 qua
744 4030 855 4094 directe
869 4031 1043 4096 intenditur
1054 4029 1234 4094 divinarum
1250 4031 1405 4112 perfectio-

131 4141 210 4186 num
229 4119 408 4202 exploratio,
425 4127 455 4183 et
476 4119 539 4182 baec
561 4121 740 4200 plerumque
759 4137 795 4182 ex
816 4119 998 4186 infidelitate
1018 4119 1127 4195 oritur,
1146 4120 1290 4202 quamvis
1308 4119 1405 4202 possit

131 4213 227 4276 etiam
239 4229 277 4272 ex
289 4228 373 4271 mera
385 4207 561 4272 curiositate
572 4207 740 4288 provenire.
755 4243 795 4252 —
806 4209 875 4272 Alia
891 4209 1033 4274 virtualis
1051 4213 1097 4272 est
1109 4214 1141 4272 et
1156 4207 1405 4292 interpretativa,

132 4319 194 4386 qua
204 4317 269 4362 non
280 4297 454 4362 intenditur
465 4297 584 4378 proprie
598 4296 748 4377 ejusmodi
762 4297 943 4378 exploratio,
960 4297 1011 4360 sed
1023 4296 1142 4380 aliquid
1154 4296 1268 4360 dicitur
1282 4303 1338 4362 aut
1351 4297 1403 4373 fit,

132 4389 228 4471 quod,
244 4387 386 4468 spectatis
398 4385 653 4460 eirenasnntiis,
669 4391 775 4466 sarapte
791 4392 904 4449 natura
922 4404 956 4448 eo
973 4383 1079 4448 referri
1093 4385 1228 4450 ridetur.
1246 4385 1294 4449 Sic
1309 4385 1408 4450 iuter-

133 4476 284 4559 pretatire
300 4479 398 4540 Deum
418 4479 533 4548 tentat,
552 4473 606 4555 qui
624 4473 659 4538 in
677 4475 782 4537 morbo
803 4474 968 4556 periculoso
985 4474 1122 4538 remedia
1143 4475 1248 4538 omnia
1267 4475 1398 4557 respuit,

134 4567 238 4630 rolens
252 4584 271 4627 a
287 4569 345 4629 Deo
360 4569 484 4628 tantum
499 4561 610 4626 sanari.
