3168 5002
352 1345 689 1467 MONITUM
729 1344 1076 1460 EDITORIS

135 2265 276 2336 Succedit
294 2265 364 2334 haec
377 2282 459 2333 nova
474 2259 573 2332 editio
594 2261 792 2355 compendii
810 2261 992 2354 Theolopiae
1009 2264 1148 2333 morales
1162 2266 1354 2354 Lugdunen-

22 2387 23 2396 ’
97 2379 180 2449 sibus
197 2378 408 2462 editionibus,
429 2398 503 2467 quae
521 2377 598 2446 solae
615 2376 700 2446 inter
717 2376 906 2445 innumeras
925 2376 1004 2446 alias
1022 2377 1118 2447 variis
1137 2379 1171 2447 in
1190 2379 1268 2448 locis
1287 2380 1354 2449 vul-

98 2503 193 2582 gatas,
213 2494 251 2562 ab
281 2494 421 2562 Auctore
443 2493 514 2582 ipso
533 2491 679 2582 probatae
702 2512 738 2560 ac
761 2491 933 2580 recognitae
955 2490 989 2559 in
1013 2491 1120 2562 lucem
1148 2493 1371 2583 prodierunt„

97 2608 208 2699 Quippe
224 2609 403 2678 voluerunt
420 2606 459 2690 ii,
481 2605 521 2675 ad
541 2626 623 2696 quos
636 2627 695 2696 per
713 2605 799 2695 leges
818 2603 900 2673 illud
916 2605 972 2695 jus
986 2626 1074 2674 nunc
1087 2607 1182 2676 unice
1195 2607 1351 2698 pertinet,

97 2731 128 2790 ut
148 2720 374 2792 deficientibus
393 2720 463 2810 jam
493 2719 656 2790 veteribus
680 2718 934 2809 exemplaribus,
969 2720 1052 2810 typis
1081 2719 1190 2790 denuo
1218 2721 1354 2791 manda-

98 2846 177 2904 retur
194 2836 334 2906 eximius
353 2835 388 2903 P.
408 2835 437 2902 l.
460 2835 494 2903 P.
517 2833 604 2925 Gury
621 2832 716 2917 liber,
738 2843 902 2902 correctus
925 2843 1033 2902 tamen
1056 2845 1153 2924 atque
1176 2835 1352 2925 expoliturr,

98 2959 123 3017 et
140 2949 178 3018 ad
195 2971 278 3020 nova
297 2948 477 3040 praescrtim
500 2948 577 3016 Acta
596 2947 628 3017 S.
655 2947 745 3017 Sedis
764 2945 1039 3017 accommodatus.
1066 2947 1146 3016 Cum
1166 2959 1275 3017 autem
1293 2949 1356 3019 hoc

100 3084 183 3132 suum
202 3064 376 3134 consilium
396 3062 478 3131 mihi
499 3061 741 3152 exsequendum
760 3060 1056 3146 commendassent,
1078 3083 1196 3152 magna
1214 3084 1266 3132 me
1285 3062 1356 3132 dili·

100 3178 207 3263 gentia,
229 3190 269 3249 ut
287 3199 348 3269 par
368 3187 452 3262 erat,
472 3176 512 3246 ad
532 3176 677 3246 laborem
697 3175 835 3261 accinxi,
857 3196 1056 3265 omnemque
1070 3197 1183 3245 curam
1202 3177 1353 3261 adhibui,

100 3299 262 3362 uteorum
286 3289 462 3376 desiderio,
491 3302 651 3381 quantum
674 3301 839 3381 poteram,
866 3290 961 3381 plene
984 3291 1212 3360 satisfacerem.
1239 3291 1356 3360 Utrum

101 3407 289 3476 esententia
310 3427 380 3476 rem
404 3405 576 3494 gesserim,
599 3404 778 3495 judicabis,
805 3404 959 3473 benevole
985 3405 1097 3473 lector.
1128 3403 1219 3474 Certe
1241 3405 1275 3474 id
1297 3405 1357 3474 im-

101 3517 202 3605 primis
227 3520 331 3589 habui
353 3520 388 3589 in
412 3520 539 3603 animo,
567 3529 724 3608 utquam
748 3517 944 3608 paucissima
967 3517 1007 3588 de
1031 3538 1105 3586 mco
1128 3517 1354 3603 obtruderem,

101 3652 187 3719 quam
204 3634 350 3726 plurimo
364 3634 405 3703 de
424 3632 740 3703 commendatissimo
758 3631 907 3700 Auctoris
926 3651 1024 3722 opere
1043 3631 1102 3701 tihi
1121 3632 1245 3723 integra
1263 3642 1294 3702 et
1311 3633 1359 3700 in-

37 3799 41 3808 .
101 3754 172 3814 tacta
183 3749 400 3818 restituerem.
418 3748 572 3828 Quaedam
586 3757 707 3831 tamen,
724 3746 882 3815 voluerim
894 3746 1068 3830 noluerim,
1085 3747 1240 3816 mutanda
1254 3747 1356 3832 luere,

102 3879 135 3927 ne
148 3863 278 3950 penitus
296 3864 464 3932 aberrasse
477 3883 497 3930 a
512 3861 577 3930 line
596 3861 764 3952 proposito
784 3858 922 3929 viderer.
939 3860 1149 3930 Definitiones
1160 3881 1227 3929 non
1241 3881 1359 3951 paucas

24 3981 31 3996 ·
101 3972 134 4040 ad
155 3976 324 4046 meliorem
347 3987 445 4065 atque
471 3975 664 4046 exactiorem
687 3975 825 4044 formam
849 3974 996 4063 redigere
1018 3995 1148 4044 necesse
1170 3974 1252 4058 fuit;
1282 3975 1359 4045 doc·

102 4084 177 4155 trina
206 4089 404 4178 quibusdam
431 4089 467 4157 in
496 4088 575 4158 locis
602 4089 721 4158 clarius
748 4086 949 4176 uberiusque
977 4087 1039 4158 fuit
1071 4085 1273 4176 explicanda,
1304 4101 1361 4157 aut

102 4199 190 4270 etiam
219 4203 430 4274 ualidioribus
458 4203 618 4274 firmanda
646 4202 864 4292 argumentis;
895 4201 1089 4293 quaestiones
1118 4201 1241 4272 ultimis
1271 4203 1361 4274 hisce

101 4315 296 4405 temporibus
314 4339 333 4386 a
350 4318 521 4408 Theologis
537 4317 665 4406 agitatae
682 4316 864 4386 accuratius
883 4317 1017 4385 luerunt
1035 4315 1248 4405 exponendae;
1265 4337 1360 4407 opor-

102 4425 154 4494 tuit
172 4428 315 4519 denique
333 4441 371 4501 ul
384 4431 479 4523 plura
496 4452 570 4522 quae
585 4430 625 4500 de
645 4430 805 4515 censuris,
821 4429 887 4498 sive
899 4427 1037 4520 passim,
1059 4427 1123 4498 sive
1139 4429 1274 4520 proprio
1288 4429 1360 4500 loco

22 4529 32 4554 ⁸
102 4536 230 4612 dicenda
242 4546 468 4630 occurrebant,
485 4547 525 4616 ad
535 4567 685 4615 normam
700 4542 888 4614 recentioris
904 4540 1147 4612 constitutionis
1160 4542 1367 4642 Apostolicae¹
