3156 5026
516 245 560 289 os
580 241 747 290 russinis
768 243 810 288 nr
830 245 916 288 suun
1282 234 1349 293 t3l

82 373 150 422 sem
161 355 231 431 Dei,
245 354 336 419 idest
349 361 507 435 peecatum
523 353 662 428 formale,
679 353 744 418 sive
762 354 890 416 mortale
900 352 965 416 sive
979 352 1107 417 reniale.
1118 389 1159 400 -—
1175 355 1352 436 culparem

74 445 221 529 juridico
240 451 288 508 est
308 443 435 508 omissio
451 440 633 522 diligentia,
648 443 730 504 unde
743 441 831 504 elteri
850 441 999 504 damnum
1015 443 1170 522 provenit,
1184 445 1249 506 sive
1263 463 1297 507 ee
1309 447 1350 511 sit

79 533 207 598 formale
220 539 393 614 peecatum,
410 531 474 594 sive
488 549 560 594 non.
571 565 612 576 —
627 530 664 592 S.
680 531 748 612 Liq.
764 550 797 589 n.
811 533 881 594 sto.

120 623 219 704 Culpa
236 627 344 686 sutem·
357 619 503 702 juridios,
529 638 566 682 ex
587 619 745 682 eommuui
763 618 1012 699 interpretatione
1032 619 1118 682 turis
1136 620 1281 698 Romani,
1304 631 1351 686 est

79 712 129 776 rel
144 712 222 786 lats,
244 710 292 774 vsl
309 709 400 783 levis,
416 709 464 772 rel
482 708 648 773 levissime.
667 708 760 787 Culpa
781 707 845 769 lota
865 713 910 770 est
928 705 1053 771 omissio
1072 707 1238 789 diligentis
1257 727 1351 792 qurum

79 798 286 876 eommuniter
299 797 442 862 adhibere
453 797 551 860 solent
565 797 707 860 homines
718 795 752 859 in
767 796 923 860 similibus
939 796 1080 877 negotiis.
1096 797 1184 860 hob
1197 805 1244 861 est
1257 801 1351 864 omis-

80 888 127 952 sio
140 885 306 968 diligentis
318 903 413 966 quam
428 885 572 950 adbibere
587 886 684 950 solent
697 885 839 948 nomines
852 885 1067 965 prudentiores
1081 891 1112 948 et
1129 886 1345 967 diligentiores.

79 978 246 1040 Lenissima
258 981 307 1038 est
321 973 446 1038 omissio
458 973 625 1054 diligentia
639 973 855 1055 quaadniberi
867 973 942 1036 solet
955 973 1054 1036 solum
1068 992 1087 1035 e
1099 975 1362 1054 prudentissimis·

79 1071 112 1128 et
125 1063 380 1145 diligentissimis.
397 1064 457 1126 Sed
468 1062 532 1126 baeo
544 1063 704 1142 culparum
716 1061 872 1125 manneio
882 1061 918 1124 in
929 1065 1002 1126 lure
1014 1061 1127 1126 (bellino
1139 1081 1202 1126 non
1213 1081 1352 1146 expresse

79 1157 357 1217 commemoretur:
376 1159 484 1214 utrum
504 1157 610 1214 autem
628 1157 828 1232 supponens,
848 1150 1013 1231 disputent
1030 1152 1216 1233 lurisporiti.
1233 1189 1274 1200 -·
1294 1155 1346 1236 Cf.

82 1241 244 1318 carnee,
256 1239 485 1322 Compend.,de
499 1239 667 1316 Centrum,
682 1259 714 1300 rs.
727 1243 797 1303 ltu

202 1384 430 1466 Prinolpla.

121 1518 192 1580 658.
212 1549 252 1562 ··-
273 1517 297 1576 l.
323 1515 461 1594 bujustus
483 1512 695 1576 damnificatos
714 1513 875 1576 restituere
902 1517 1049 1575 tenetur:
1076 1518 1109 1575 1⁰
1131 1519 1232 1576 totum
1254 1516 1350 1595 asqui-

81 1604 187 1666 vslens
205 1603 253 1666 rei
267 1601 483 1676 domnifiostss3
505 1601 569 1676 ita,
594 1621 627 1666 v·
647 1619 705 1683 gr„
730 1602 757 1664 si
778 1601 848 1683 quis
869 1602 996 1664 domum
1016 1600 1142 1663 alterius
1160 1601 1350 1681 culpabiliter

80 1692 237 1766 incendat,
254 1691 414 1770 integrum
425 1692 491 1772 ejus
502 1692 639 1770 pretium
653 1691 778 1755 domino
789 1691 951 1770 rependere
965 1689 1067 1764 debet;
1085 1694 1118 1752 2⁰
1136 1695 1237 1752 totum
1254 1690 1349 1771 squi-

80 1781 186 1844 valens
199 1779 320 1842 domnis
336 1777 474 1859 prensis
489 1785 600 1858 preter
609 1778 655 1842 rei
668 1778 963 1853 demnifiootionem,
978 1777 1004 1840 si
1018 1795 1088 1858 qus
1101 1795 1138 1840 er
1157 1795 1191 1840 ea
1203 1797 1348 1859 provene-

81 1868 158 1932 rint.
186 1869 278 1944 Hine,
306 1887 337 1930 r.
366 1885 429 1948 gn,
456 1866 485 1929 si
509 1867 609 1948 opifer
631 1867 754 1930 solitam
777 1883 900 1948 operum
926 1866 1029 1947 aliquo
1050 1871 1186 1946 tempore
1208 1868 1350 1930 omittere

81 1961 218 2036 rogatur,
232 1962 389 2036 propterea
407 1957 489 2034 quod
507 1955 752 2020 instrumentum
771 1957 799 2018 ei
817 1955 1023 2018 neeessariam
1041 1956 1244 2030 destruxeris,
1259 1956 1348 2020 illum

79 2063 144 2108 non
165 2046 254 2107 modo
281 2037 319 2107 de
342 2043 441 2107 valore
461 2044 678 2120 instrumenti,
705 2045 875 2107 sedetiam
899 2045 937 2106 de
963 2043 1046 2106 luoro
1075 2050 1211 2107 eesssnte
1236 2046 1350 2108 teneris

79 2151 285 2214 compensare.

121 2224 252 2304 Hujusoe
269 2219 416 2302 principii·
429 2221 508 2286 ratio
529 2227 614 2302 patet
629 2239 667 2283 ex
684 2220 775 2283 dietis
793 2241 825 2283 r.
849 2223 908 2285 532
925 2231 955 2283 et
971 2225 1041 2284 626.
1063 2221 1186 2283 Etenim
1206 2222 1350 2285 dominus

76 2310 172 2372 laesus
187 2311 309 2370 omnino
325 2309 472 2378 indemnis
488 2309 555 2372 fieri
570 2310 669 2372 debet.
686 2310 734 2372 Ad
752 2308 809 2372 hoe
825 2317 931 2372 sutem
947 2327 1010 2372 non
1024 2309 1100 2372 satis
1111 2316 1172 2382 est,
1189 2311 1215 2371 si
1229 2311 1348 2373 damni-

76 2398 186 2460 fiostor
206 2397 413 2460 intrinsecum·
431 2416 487 2478 pro
508 2417 540 2462 re
563 2398 699 2479 pretium
717 2397 746 2460 ei
764 2399 877 2472 solvet,
893 2398 1016 2478 quando
1036 2398 1097 2460 slis
1110 2397 1295 2461 detrimenta
1313 2417 1349 2462 ex

77 2485 253 2566 privatione
270 2486 314 2547 rei
332 2504 396 2550 suae
414 2504 522 2566 passus
537 2487 613 2549 alter
630 2485 737 2562 inierim
752 2486 905 2567 siquidem
923 2504 986 2549 non
1004 2493 1193 2567 recuperaret
1212 2487 1349 2550 idemne

78 2573 162 2654 quod
173 2592 211 2635 ex
226 2573 343 2654 injusta
356 2573 602 2637 damnificatione
616 2574 733 2637 amisit.
746 2577 849 2656 Neque
863 2576 978 2650 obstat,
994 2576 1076 2655 quod
1094 2575 1216 2637 nullum
1228 2577 1349 2639 damni-

79 2661 199 2724 fioetori
212 2663 408 2728 commodum
427 2682 465 2726 er
483 2665 596 2727 danmo
613 2663 782 2740 obvenerit3
798 2681 873 2726 uam
888 2669 954 2726 tots
969 2662 1174 2726 restitutionis
1190 2665 1269 2727 ratio
1288 2685 1349 2727 non

79 2768 119 2812 ex
131 2757 271 2830 percepto
283 2751 419 2815 utilitate
431 2752 468 2814 de
480 2751 578 2814 aliena
592 2771 639 2826 re,
656 2752 709 2814 sed
722 2771 760 2817 ex
772 2753 884 2815 domm
895 2752 979 2814 illato
992 2752 1122 2832 petenda
1133 2759 1190 2814 est

122 2841 293 2902 oss-11.
310 2844 351 2904 Ut
363 2841 440 2903 aetio
459 2840 659 2903 damnifiosns
673 2840 889 2920 obligationem
905 2839 1111 2903 restitutionis
1126 2841 1267 2916 inducat,
1278 2845 1350 2923 jure

80 2930 199 2991 naturae
220 2925 389 3008 requiritur
411 2928 521 3009 triplex
545 2927 677 2991 conditio
688 2979 698 2998 ,1
715 2947 824 3009 nempe
849 2935 887 2990 ut
907 2927 949 2990 sit
970 2927 1106 3009 injuste,
1133 2947 1224 2992 eausa
1244 2930 1350 2994 damni

80 3015 200 3092 effiour,
217 3023 249 3078 et
263 3017 426 3096 theologioe
446 3015 623 3098 culpabilis;
639 3015 767 3091 scilieet,
783 3023 821 3080 ut
834 3017 877 3079 sit
890 3015 1021 3096 injusta,
1037 3037 1122 3094 vere,
1145 3020 1305 3098 efficaciter
1322 3030 1351 3083 et

78 3105 263 3186 sensualiter.
873 3127 878 3140 ·

123 3199 155 3256 l⁰
170 3192 301 3275 Iojusta.
317 3193 467 3274 obligatio
480 3194 564 3258 enim
575 3193 782 3258 restitutionis
800 3193 967 3257 nemssurio
983 3192 1130 3274 supponit
1140 3197 1192 3275 jus
1206 3195 1349 3260 strictum

79 3281 207 3344 alterius
229 3283 389 3346 violatum.
406 3288 461 3347 lus
480 3289 584 3346 sutem
606 3283 749 3346 strictum
767 3282 876 3346 violari
894 3281 1020 3364 nequit,
1038 3280 1101 3345 nisi
1121 3301 1175 3364 per
1197 3284 1348 3348 sotionem

78 3369 232 3452 injustam
246 3390 300 3436 seu
308 3372 439 3454 justitiae
448 3372 677 3436 commutetivae
686 3372 868 3453 oppositam,
880 3371 1156 3454 jurtndiotasupra
1165 3392 1196 3434 n.
1206 3377 1276 3444 532,
1289 3380 1345 3434 eto.

120 3463 155 3522 2⁰
171 3459 272 3522 Causa
286 3460 392 3524 domni
406 3462 535 3543 efficax,
552 3460 682 3524 scilieet:
699 3466 732 3524 l⁰
745 3468 782 3524 ut
798 3461 876 3524 sotio
891 3480 952 3542 per
965 3479 995 3522 se
1006 3459 1118 3522 indust
1130 3461 1164 3522 in
1179 3461 1346 3534 damnmn,

76 3547 127 3610 ita
140 3555 177 3611 ut
189 3549 246 3613 hoo
260 3549 331 3612 inde
348 3569 419 3613 sere
434 3550 577 3632 oonsequi
593 3553 764 3626 comeatum
778 3553 812 3613 2⁰
830 3556 868 3612 ut
888 3550 941 3612 tali
957 3549 1059 3630 agenti
1073 3548 1169 3628 possit
1185 3548 1346 3628 imputari.

76 3636 169 3701 Retio
184 3637 347 3718 utriusque
358 3639 518 3722 perspicua
531 3645 588 3702 est.
603 3639 691 3702 Aetio
705 3639 789 3702 enim
802 3638 952 3720 imputari
964 3637 1084 3700 nemini
1098 3641 1212 3716 potest,
1229 3636 1290 3698 nisi
1307 3637 1349 3702 sit

75 3725 179 3805 ipsius
191 3726 324 3806 proprla3
339 3745 394 3790 neo
405 3731 504 3809 potest
514 3727 736 3792 detrimentum
751 3727 880 3790 sotionis
895 3726 1029 3807 ouipism
1043 3725 1189 3802 adscribi,
1206 3725 1267 3787 nisi
1282 3727 1347 3806 ejus

76 3813 159 3876 aetio
173 3833 264 3878 eausa
271 3815 365 3879 fuerit
378 3817 555 3880 detrimenti
569 3837 641 3880 vera
652 3823 683 3880 et
696 3815 798 3879 efficax
807 3816 932 3898 physice
946 3815 992 3878 vel
1003 3814 1172 3877 moraliter.

120 3904 184 3966 lloo
198 3911 303 3967 autem
317 3905 351 3968 fit
369 3907 491 3986 quondo
510 3906 636 3987 ponitur
653 3905 731 3968 notio
750 3923 819 3987 quse
834 3923 872 3967 en
888 3911 1000 3967 notura
1013 3921 1084 3978 sue,
1099 3904 1148 3967 vel
1161 3921 1198 3966 ex
1218 3903 1349 3968 eircum-

75 3991 218 4066 stentiis
233 4011 305 4056 eum
317 3995 431 4058 damno
443 3996 664 4058 connexionem
680 3993 774 4056 habet
790 3993 899 4057 saltem
913 3993 1111 4073 probabilem.
1127 3991 1205 4055 Hine
1217 4011 1224 4054 :
1238 3997 1271 4055 1⁰
1286 4009 1347 4054 non

74 4078 193 4144 sufficit
211 4082 251 4144 sd
269 4083 499 4146 restitutionem
516 4103 610 4145 eausa
629 4083 825 4145 occasionalis
844 4089 968 4145 tantum
984 4080 1107 4156 domni,
1129 4080 1202 4161 quia
1222 4098 1285 4143 non
1304 4085 1351 4144 est

74 4186 172 4232 eausa
190 4169 308 4247 effiosx,
323 4173 375 4236 sed
398 4177 521 4236 tantum
543 4172 660 4236 senasio
678 4187 776 4235 sauss
794 4171 931 4235 efficacis.
953 4170 1039 4232 Unde
1058 4168 1085 4231 si
1103 4169 1256 4232 oooasione
1273 4167 1349 4230 furti

74 4277 97 4319 a
113 4263 145 4320 te
168 4259 282 4340 patrati
301 4260 380 4324 nlius
399 4266 559 4324 eoeusatus
575 4259 669 4324 fuerit
686 4267 716 4323 et
735 4261 916 4334 darnnotm,
932 4257 1018 4320 nulla
1037 4257 1218 4337 obligatione
1241 4255 1348 4320 damni

72 4348 146 4426 ejus
168 4349 329 4428 reparandi
350 4347 473 4412 teneris.
488 4353 601 4414 -—·Neo
620 4353 654 4412 2⁹
672 4348 783 4414 suffieit
798 4350 839 4412 sd
856 4345 1085 4410 restitutionem
1102 4365 1193 4408 rosso
1210 4345 1351 4408 occiden-

76 4433 169 4508 talis·
183 4455 259 4500 nam
274 4436 341 4501 limo
355 4431 392 4500 ee
405 4443 468 4512 est,
484 4457 554 4520 queo
568 4438 602 4501 in
619 4457 651 4501 se
669 4445 815 4519 spectata,
829 4435 995 4500 attentiore
1007 4433 1264 4510 circumstantiis,
1280 4451 1350 4498 oon·

2 4533 8 4560 *
74 4525 243 4588 nexionem
266 4525 453 4607 probabilem
468 4545 539 4590 oum
558 4533 671 4591 eventu
688 4527 879 4600 nonhabet,
901 4524 1033 4605 adeoque
1052 4541 1143 4588 oense
1163 4523 1267 4588 efficax
1287 4541 1350 4586 non
