3216 5020
534 282 577 327 un
596 281 797 326 rrncnrrrs
818 283 995 328 nncnnoer
1335 275 1403 338 259

171 393 262 456 Ratio
280 397 317 456 3¹¹
335 397 399 467 est,
419 390 492 472 quia
512 391 588 454 illud
606 402 817 474 consequenter
835 400 977 456 censetur
994 395 1165 476 spirituale,
1181 398 1228 459 vel
1248 399 1404 478 spirituali

122 481 302 562 alligatum.
320 481 446 544 Eruitur
459 481 555 542 etiam
567 500 605 543 en
616 481 738 562 speciali
751 481 835 545 luris
849 483 988 546 canonici
1002 483 1212 564 dispositione.

172 573 225 632 ΙΙΙ.
239 569 375 632 Simonia
386 576 432 632 εει
442 575 600 650 peccatum
612 570 847 651 gravissimum3
860 571 927 634 etsi
943 571 984 634 sit
991 572 1072 654 juris
1085 573 1184 636 divim
1197 581 1227 636 et
1240 579 1401 656 naturalis,

128 659 272 722 materie
285 659 470 739 parvitatem
485 677 546 721 non
561 659 710 722 admittit.
727 659 759 721 Si
774 666 879 722 autem
895 660 1027 724 simonia
1043 661 1085 724 sit
1095 663 1179 725 luris
1190 664 1401 744 ecclesiastici,

126 753 233 829 potest
245 748 278 809 in
292 767 327 809 ea
339 747 405 809 dari
417 747 553 810 materia
566 749 718 828 parvitas,
731 751 822 829 juxta
834 749 871 812 S.
884 749 954 831 Lip.
973 749 993 811 l.
1010 752 1064 825 ΙΙΙ,
1079 771 1109 811 n.
1124 755 1174 815 50.
1187 787 1229 798 -
1238 753 1328 816 Ratio
1340 763 1401 832 est,

123 837 205 918 qnia
219 854 267 898 res
282 835 449 916 spiritualis
463 836 607 917 quaelihet
621 855 657 899 ex
668 836 892 916 comparatione
905 856 976 901 cum
990 857 1023 900 rc
1036 841 1195 920 temporali
1207 859 1279 903 eum
1292 859 1404 925 magna

124 925 248 1008 injuria
267 925 302 986 in
316 925 419 1006 ipsum
439 929 535 986 Deum
556 925 767 1006 vilipenditur.
788 929 915 989 Condat
930 927 1024 989 etiam
1043 946 1080 990 er
1099 928 1200 992 verbis
1219 931 1249 992 S.
1271 932 1351 994 Petri
1365 935 1404 996 ad

129 1014 290 1078 Sinonem
312 1031 455 1094 magum,
476 1017 544 1076 Act.
566 1033 639 1089 viu,
660 1018 700 1078 20
715 1015 870 1076 :Pecunia
891 1025 941 1077 tua
961 1027 1054 1078 tecum
1074 1018 1115 1078 sit
1134 1022 1166 1078 in
1182 1013 1402 1104 perditionem,

132 1105 277 1186 manium
291 1103 401 1164 donum
415 1101 475 1164 Dei
487 1103 810 1186 ertsttuosnperuniu
821 1104 982 1185 possideri.

258 1267 453 1343 Quaesita.

179 1425 247 1486 290.
263 1458 302 1467 -
316 1424 417 1497 Quna.
436 1429 468 1486 l⁰
481 1421 532 1482 An
544 1421 584 1482 sit
597 1421 737 1484 Sinicniu
750 1420 823 1483 clare
833 1420 1051 1503 principaliter
1063 1422 1186 1504 quidem
1197 1428 1360 1507 temporale
1371 1429 1406 1492 ob

130 1511 311 1594 spirituale,
327 1511 377 1572 aed
389 1531 449 1572 uon
462 1511 567 1572 uniret
895 1571 900 1582 ,

177 1599 265 1682 liesp.
283 1602 308 1663 A
312 1599 409 1682 [firm.
426 1599 514 1664 Ratio
528 1604 589 1674 est,
606 1598 679 1678 qrria
698 1597 792 1660 etiam
812 1597 855 1660 sic
870 1598 955 1660 adest
973 1598 1158 1677 comparatio
1172 1600 1217 1680 rei
1234 1607 1407 1684 temporalis

132 1705 209 1752 cum
227 1688 391 1769 spirituali.
410 1689 564 1752 Matinum
581 1687 665 1749 enim
681 1687 761 1766 quod
775 1685 930 1766 adjicitur,
946 1686 1150 1767 quantumvis
1169 1688 1334 1753 honestum
1349 1693 1407 1770 sit,

130 1776 247 1858 prioris
271 1776 394 1852 motivi,
416 1783 539 1858 propter
562 1777 644 1856 quod
664 1774 873 1856 principaliter
894 1775 983 1836 datur
1004 1775 1184 1854 temporale,
1204 1777 1358 1842 malitiam
1378 1789 1410 1845 et

136 1865 332 1946 impietatem
346 1884 409 1928 nou
420 1864 563 1928 destruit.
580 1867 705 1926 Constat
719 1863 811 1926 etiam
823 1882 861 1925 ex
872 1863 1016 1948 proposit.
1031 1862 1249 1926 icentunae.
1263 1867 1316 1930 XI
1322 1869 1409 1932 dnm-

135 1962 227 2031 nata,
244 1973 313 2036 quar
327 1955 370 2016 sic
389 1953 546 2016 sehabet:
565 1955 647 2014 Dare
665 1951 826 2034 temporale
837 1971 893 2032 pro
909 1951 1067 2034 spirituali
1078 1973 1138 2014 non
1153 1961 1196 2016 est
1208 1954 1363 2034 Sinonia,
1382 1960 1411 2021 ai

131 2043 300 2125 ternparole
317 2063 375 2104 non
394 2041 485 2104 cucur
499 2051 649 2123 tamquam
663 2043 812 2124 pretium,
826 2041 877 2102 sed
900 2051 1052 2122 tamquam
1072 2043 1215 2104 motivum
1232 2047 1413 2126 conserendi

133 2133 186 2196 uel
205 2131 364 2214 efficiendi
378 2130 548 2211 spirituale.
562 2163 604 2178 -
621 2130 774 2194 Matinum
791 2129 843 2192 hic
860 2128 1044 2210 intelligitur
1061 2127 1228 2211 principale
1247 2139 1278 2195 et
1295 2133 1410 2199 intriu-

107 2237 243 2284 ·secum
261 2224 360 2295 actua,
382 2239 444 2282 non
463 2223 566 2282 autem
587 2219 793 2281 extrinsecum
809 2224 842 2282 ει
862 2217 1094 2294 secundarium,
1115 2225 1207 2299 prout
1229 2223 1410 2288 monuimus

129 2309 229 2372 initio
241 2308 365 2371 numeri
379 2309 585 2388 precedentis.
600 2344 640 2353 —
652 2307 686 2370 S.
702 2308 772 2389 Lip.
789 2329 820 2370 n.
835 2311 885 2372 54.

175 2400 278 2472 Quen.
295 2397 596 2460 potusustentante
609 2397 683 2459 ciere
703 2397 865 2479 tuupcrule
880 2396 925 2458 cd
939 2395 1002 2458 eibi
1022 2397 1243 2462 conciliandum
1263 2401 1411 2484 Superio-

130 2505 199 2548 rem
214 2487 328 2548 intuitu
341 2486 479 2567 beneficii
491 2485 662 2548 obtinendi?

179 2575 270 2656 Resp.
290 2575 381 2656 Nep„
403 2574 430 2636 si
448 2574 581 2637 intentio
598 2574 747 2656 primaria
765 2573 806 2637 sit
822 2574 916 2637 dandi
935 2574 1030 2655 gratis
1048 2578 1229 2656 temporale;
1245 2579 1318 2659 quia
1336 2587 1412 2644 urnc

131 2663 321 2744 comparatio
331 2663 510 2726 immediata
519 2663 556 2726 fit
565 2663 610 2726 rei
625 2662 800 2743 temporalis
810 2681 882 2726 cum
893 2663 1068 2744 temporali,
1081 2683 1190 2746 nempe
1200 2667 1412 2734 benevolentia

134 2752 317 2832 Superioris.
334 2755 425 2815 Secus
439 2758 559 2827 auum,
576 2753 603 2814 si
617 2751 798 2814 intendatur
811 2770 860 2814 res
874 2751 1043 2832 spiritualis
1059 2759 1096 2815 ut
1110 2753 1214 2816 dehita
1230 2757 1409 2834 retributio,

134 2859 203 2904 nan
217 2859 285 2904 vero
300 2845 336 2903 ut
350 2840 475 2904 effectus
487 2839 687 2922 gratitudinis
702 2839 810 2902 annui.
826 2875 866 2884 —
878 2841 913 2902 S.
928 2841 996 2921 Lip.
1011 2861 1042 2901 n.
1060 2845 1109 2904 51.

178 2932 276 3005 Quen.
294 2935 327 2994 3⁰
344 2930 393 2990 An
406 2932 448 2991 sit
463 2929 603 2992 Simoniu
620 2930 701 2992 odire
717 2929 887 3009 [merlinus
903 2948 1006 2991 sacras
1022 2929 1231 3011 principaliter
1246 2933 1284 2995 ob
1299 2935 1412 3020 stupeu-

133 3017 219 3080 diune
226 3066 236 3097 ,
254 3019 299 3081 uel
311 3021 442 3100 recipere
456 3018 576 3101 aliquid
583 3039 644 3100 pro
659 3018 797 3079 doctrina
809 3019 885 3080 auo?

175 3108 265 3189 deep.
282 3110 320 3172 ad
335 3115 387 3172 1¹¹m
399 3109 489 3189 Nep,
504 3107 613 3170 saltem
622 3106 832 3190 probabilius,
846 3105 921 3187 quia
934 3106 1124 3186 stipendium
1139 3127 1201 3172 nou
1215 3111 1362 3193 recipitur
1374 3122 1412 3178 ut

132 3196 271 3278 pretium
286 3198 329 3260 rei
342 3215 447 3271 sacre,
463 3198 515 3259 sed
527 3200 674 3276 tanquam
688 3194 829 3257 debitum
841 3213 992 3275 persone,
1004 3214 1075 3277 quea
1086 3195 1121 3258 iu
1132 3199 1265 3277 proniani
1278 3202 1411 3280 gratiam

135 3293 313 3366 occupatur.
327 3321 368 3333 —
381 3288 418 3350 S.
435 3287 504 3367 Lip.
519 3307 550 3347 n.
567 3289 617 3350 55.
631 3319 674 3330 -·-
687 3283 836 3361 twice,
851 3304 884 3346 n.
899 3287 954 3358 62,
970 3293 1000 3346 et
1012 3283 1073 3348 olii
1083 3291 1288 3366 wmmuniter,
1304 3296 1412 3352 contra

132 3374 268 3456 aliquus.
289 3376 401 3440 Idcirco
419 3375 595 3438 inordinata
613 3373 731 3436 allectio
746 3391 815 3453 quae
834 3379 908 3435 tunc
924 3372 1085 3436 intercedit
1103 3393 1166 3438 nan
1180 3376 1341 3451 Simoniae,
1358 3379 1411 3441 sed

131 3463 276 3527 auaritiae
296 3465 411 3528 vitium
434 3469 490 3526 est.
511 3467 663 3526 Gaetermn
683 3461 739 3543 qui
757 3460 930 3541 indigentia
947 3468 1003 3524 aut
1025 3461 1230 3545 aliafhonesta
1253 3483 1344 3528 musa
1370 3467 1411 3529 ad

130 3553 301 3634 εεεεεεεε
316 3553 466 3634 ejusmodi
482 3551 636 3633 stipendia
656 3550 835 3632 impellitur,
857 3568 920 3612 non
938 3550 1006 3614 ideo
1022 3551 1192 3615 functiones
1211 3572 1310 3616 sacras
1324 3553 1410 3618 obire

126 3643 350 3725 principaliter
366 3643 403 3705 oh
428 3641 618 3724 stipendium
640 3639 829 3721 reputandus
854 3643 921 3701 est:
937 3657 1029 3702 musa
1050 3641 1151 3716 euim,
1172 3659 1234 3722 qua
1256 3642 1328 3722 quis
1350 3643 1411 3705 im-

132 3731 261 3812 pellitur
285 3733 324 3795 ad
342 3731 459 3812 aliquid
477 3730 645 3811 agendum,
669 3733 797 3792 nonest
818 3727 984 3790 necessario
1009 3731 1163 3793 motivum
1184 3729 1351 3811 principale
1378 3739 1410 3795 et

131 3818 340 3884 intrinsecum
354 3819 492 3884 actionis.

176 3909 265 3990 cup.
288 3911 327 3974 ad
344 3914 399 3973 9⁸¹¹
421 3909 560 3992 Aspia-m„
582 3907 609 3972 si
629 3905 792 3970 instructio
814 3906 921 3968 tendet
944 3905 1033 3969 unice
1053 3909 1091 3970 ad
1110 3907 1228 3969 bouum
1252 3907 1411 3988 spirituale

131 3999 286 4073 aliorum,
303 3999 377 4080 quia
397 4002 471 4061 tuno
491 4003 538 4060 est
557 4015 605 4060 res
623 4014 706 4060 ειεεε
725 3993 911 4075 spiritualia,
932 3994 995 4057 nisi
1014 4001 1118 4058 umen
1135 3993 1303 4076 accipiatur
1322 3995 1410 4062 titulo

129 4086 285 4168 stipendii
307 4107 362 4152 seu
382 4086 627 4151 sustentationis.
650 4087 740 4146 ὃεεεε
759 4101 830 4145 uero
849 4083 877 4144 si
894 4082 1059 4148 instructio
1081 4083 1242 4146 ordinetur
1260 4085 1355 4148 ειίειε
1372 4089 1412 4151 nd

133 4177 257 4240 honum
275 4177 398 4258 aliquod
413 4175 591 4255 temporale,
608 4178 700 4255 prout
714 4172 762 4245 fit,
779 4190 809 4234 v.
826 4190 883 4252 gr,
896 4171 932 4234 in
944 4173 1089 4235 tradenda
1104 4171 1300 4251 explicatione
1314 4193 1411 4238 mam-

130 4282 209 4329 rum
225 4266 414 4330 Litterarum
428 4269 482 4327 aut
498 4261 664 4342 theologia.
682 4297 721 4307 —
737 4260 774 4324 S.
788 4261 859 4342 Lip.
875 4281 906 4323 n.
920 4265 977 4334 93,
993 4265 1045 4324 at.

176 4358 247 4419 net.
265 4358 367 4432 Quen.
383 4359 416 4418 d⁰
436 4353 486 4414 An
498 4351 637 4413 Simuaiu
653 4351 694 4412 sit
708 4349 839 4432 pecunia
856 4369 886 4412 ee
904 4349 1048 4412 redimere
1066 4348 1105 4411 ot
1124 4349 1238 4432 injusta
1257 4356 1414 4419 necuim

121 4445 218 4510 caina
232 4443 391 4526 beneficio,
409 4451 463 4504 eut
474 4441 561 4503 aliud
575 4441 683 4502 bonum
697 4438 873 4521 spirituale,
888 4457 916 4500 u.
932 4457 995 4519 pr..
1009 4436 1221 4512 Sacramenta,
1236 4448 1315 4506 etc?

129 4571 132 4576 ·
175 4533 267 4616 nup.
282 4533 373 4614 Nep,
386 4533 495 4595 saltem
498 4529 704 4614 probabilius,
713 4526 787 4608 quia
800 4525 970 4590 vexationis
982 4525 1137 4604 liberatio,
1148 4547 1216 4612 qaae
1228 4533 1291 4595 sale
1300 4532 1416 4598 directe
