3206 5024
196 215 266 278 att
732 223 938 269 rracraros

195 346 424 423 oppugnatam:
440 354 511 417 ergo
529 341 630 417 potest
643 335 729 397 illam
742 335 899 398 defendere
913 354 966 416 per
983 337 1085 398 media
1098 339 1280 415 necessaria,
1297 348 1329 404 et
1342 345 1467 424 proinde

196 431 291 493 etiam
314 426 508 490 mutilatione
531 431 586 486 aut
608 423 755 488 occisione
773 423 970 503 aggressoris,
988 425 1014 486 si
1038 425 1095 488 alio
1109 434 1195 507 pacto
1215 447 1278 491 sese
1296 433 1391 495 morti
1408 435 1469 497 eri-

196 535 264 600 pere
282 522 428 598 nequeam
445 531 483 576 ex
499 516 568 594 jura
587 513 673 575 enim
693 512 828 575 naturali
847 513 917 575 licet
937 513 1003 575 rim
1016 513 1049 576 ri
1064 515 1214 595 repetiere.
1230 521 1356 582 Constet
1374 521 1468 585 etiam

195 605 440 680 concanonico,
456 602 627 684 prasertim
637 621 667 664 c.
684 601 721 663 Si
736 621 806 662 vero
818 607 847 676 3,
862 601 897 663 de
916 611 989 666 sent.
1005 622 1159 677 eacamm,
1176 605 1381 671 ubidicitur:
1406 611 1471 673 Vim

196 695 380 777 nirepellere
395 711 494 754 omnes
508 691 585 773 lepes
597 700 626 752 et
639 693 739 752 omnia
747 691 822 772 jara
828 695 1064 773 permittant-
1072 691 1146 754 Vide
1158 693 1194 755 S.
1206 693 1276 776 Lip.
1294 717 1324 758 n.
1340 701 1412 762 380.

236 787 323 846 11.1n
339 786 422 864 justa
439 779 612 842 defensione
629 786 733 842 contra
755 779 900 860 iniquum
919 799 1123 860 aggressorem
1139 783 1253 845 servari
1265 785 1356 848 debet
1368 790 1473 851 mode·

196 891 303 936 remen
316 870 478 952 inculpata
493 867 609 946 nitela,
623 887 678 930 seu
694 867 774 930 nihil
788 867 853 930 fieri
866 868 971 942 dehet,
990 867 1051 930 nisi
1069 869 1102 932 id
1120 871 1200 950 quod
1220 873 1357 937 absolute
1371 893 1474 940 neces·

197 961 314 1024 sarium
328 967 375 1023 est
393 958 432 1021 ad
449 975 481 1020 se
501 958 668 1031 tuendnm;
691 957 765 1037 quia
782 957 862 1037 quod
882 957 1043 1020 necessitas
1064 976 1127 1020 non
1145 967 1285 1038 excusat,
1301 970 1349 1025 est
1366 972 1473 1029 contm

192 1051 362 1132 justitium.

318 1227 513 1304 Quaestta.

237 1394 307 1454 396.
318 1425 357 1434 —-
371 1393 473 1464 Quas.
491 1395 522 1451 1ο
534 1389 582 1448 Αη
595 1389 685 1450 liceat
695 1388 828 1450 occidere
842 1387 958 1451 ebriam
972 1389 1019 1451 vel
1030 1401 1174 1454 amentem
1192 1396 1415 1476 oppressorem.²

109 1487 112 1492 ’
235 1479 325 1560 Hesp.
341 1481 365 1540 A
372 1479 470 1560 [firm.
484 1477 692 1560 probabilius,
706 1477 768 1538 nisi
780 1476 838 1538 tibi
853 1484 972 1541 constet
982 1497 1056 1542 eum
1065 1480 1099 1543 in
1112 1487 1197 1543 statu
1207 1484 1318 1562 pecmti
1332 1485 1472 1548 mortalis

195 1567 322 1630 versari.
345 1567 433 1632 Ratio
454 1574 515 1643 est,
537 1565 610 1647 quia
624 1565 767 1646 quamvis
782 1565 885 1628 ebrius
902 1567 950 1630 rel
968 1586 1073 1631 amens
1089 1588 1152 1632 non
1169 1569 1210 1633 sit
1228 1589 1383 1651 aggressor
1397 1579 1473 1636 tuus

194 1657 372 1738 sonnatiter
381 1656 534 1737 injustuS,
548 1663 595 1718 est
610 1662 713 1717 tamen
726 1655 927 1717 materialiter
935 1655 1085 1737 injustuS,
1102 1665 1133 1721 et
1147 1665 1182 1721 tu
1194 1663 1247 1741 jus
1262 1666 1355 1723 tuum
1370 1680 1472 1726 serras

194 1746 261 1808 vim
275 1746 307 1808 vi
318 1745 492 1826 repellendi.
512 1745 544 1807 Si
559 1761 629 1806 vero
649 1751 731 1806 certo
751 1742 844 1818 scias,
861 1745 942 1824 quod
956 1764 1028 1808 sane
1048 1747 1245 1810 rarissimum
1261 1749 1335 1824 erit,
1350 1769 1422 1812 eum
1435 1751 1471 1814 in

194 1838 277 1896 statu
297 1833 410 1915 peccati
429 1832 548 1896 lethalis
564 1833 693 1906 versari,
709 1851 728 1894 a
745 1851 807 1912 quo
820 1831 932 1913 poterit
944 1841 1013 1913 post
1024 1835 1200 1916 phrenesim
1218 1841 1273 1900 aut
1289 1837 1471 1902 ebrietatem

193 1941 364 2003 resurgere,
384 1929 517 1984 econtra
538 1940 608 1984 vero
629 1920 786 1983 moraliter
803 1922 905 1983 credas
917 1928 951 1994 te
964 1941 1027 1985 esse
1039 1924 1073 1986 in
1094 1931 1178 1987 stetu
1192 1926 1314 2006 pane,
1331 1945 1401 1989 cum
1416 1927 1468 1990 hic

193 2010 228 2074 in
246 2019 384 2074 extrema
407 2010 585 2073 necessitate
608 2016 757 2073 versetur.
782 2009 896 2072 Caritas
919 2011 1013 2091 exigit
1032 2019 1068 2075 ut
1087 2014 1218 2076 salutem
1237 2018 1303 2097 ejus
1324 2020 1472 2078 eternam·

193 2099 266 2162 ritae
278 2106 341 2162 tuae
353 2099 527 2180 temporalis
541 2098 765 2161 conservationi
777 2097 927 2178 prefer-as.
943 2102 1033 2162 Serus
1047 2107 1167 2178 autem,
1181 2103 1208 2165 si
1220 2104 1268 2166 sui
1282 2103 1378 2185 ipsius
1387 2121 1467 2167 eom-

193 2206 248 2268 pos
262 2195 355 2264 esset;
373 2187 530 2269 proprium
543 2186 627 2250 enim
640 2187 758 2249 malum
772 2187 832 2267 ipsi
849 2185 926 2249 foret
938 2187 1167 2269 imputandum.
1184 2191 1269 2255 Nihil
1282 2197 1385 2256 tumen
1400 2211 1468 2274 pro·

193 2276 281 2338 hibet
295 2277 464 2356 quominus
478 2294 549 2338 enm
559 2275 604 2337 ita
617 2275 769 2356 percutias
784 2282 838 2337 aut
853 2275 1009 2352 vulneres,
1023 2286 1073 2352 ut,
1091 2279 1174 2342 salva
1184 2284 1249 2361 ejus
1262 2281 1342 2360 rita,
1352 2282 1469 2345 auferas

193 2363 221 2426 ei
236 2365 301 2426 vim
312 2365 451 2428 nocendi.

232 2456 333 2528 Quae.
349 2460 380 2516 Ψ
391 2453 439 2514 An
453 2454 543 2516 liceat
555 2453 714 2534 defendere
722 2453 896 2534 prassinam
908 2453 1094 2517 innocentem
1105 2457 1251 2518 counione
1265 2458 1471 2539 appr-essoris?

231 2543 322 2625 Resp.
343 2544 467 2625 Astinn.
484 2543 519 2605 in
538 2542 623 2605 omni
639 2560 712 2604 oasu
730 2560 791 2622 quc
810 2541 879 2604 licet
899 2543 1054 2624 propriam
1074 2544 1172 2606 ritem
1186 2544 1355 2620 defendere;
1372 2547 1467 2626 idque

191 2633 310 2695 ratione
323 2633 477 2696 Caritatis.
490 2667 531 2678 —
545 2631 582 2692 S.
599 2630 705 2713 Lepon
723 2651 754 2691 n.
777 2633 846 2694 389.
868 2636 946 2696 Raro
965 2641 1071 2696 tarnen
1084 2634 1219 2714 privatus
1237 2633 1346 2696 adhoc
1367 2634 1466 2698 teneri

190 2721 324 2784 videtur.
338 2757 379 2768 -
390 2723 442 2784 Ita
453 2720 657 2782 communiter.
675 2753 714 2764 -—
728 2718 762 2782 8.
777 2720 848 2800 Lip.
864 2741 895 2781 n.
911 2726 980 2784 390.

230 2815 299 2873 397.
313 2847 352 2856 -
366 2814 468 2887 Qumn.
486 2815 519 2874 3ο
534 2809 582 2869 An
597 2809 685 2870 liceat
696 2809 829 2870 occidere
844 2810 991 2891 injustum
1006 2831 1210 2896 oppressorem
1232 2811 1324 2874 etiam
1339 2831 1397 2894 pro
1417 2811 1469 2874 de·

189 2897 327 2979 sensione
341 2897 560 2960 rnonbrornm?

229 2985 320 3066 Resp.
341 2987 470 3068 Affirm.
492 3005 563 3050 cnm
581 2986 739 3050 communi
757 2987 923 3061 sententia,
941 2994 1046 3050 contra
1061 3009 1181 3070 pancos.
1204 2990 1292 3054 Ratio
1316 2993 1376 3064 ost,
1398 2989 1470 3071 quia

191 3074 322 3155 quisque
337 3078 389 3156 jus
411 3077 505 3138 habet
526 3075 669 3138 servandi
688 3075 805 3138 bonnm
830 3076 890 3138 sibi
911 3076 1046 3139 maxirne
1066 3078 1222 3140 advitam
1244 3077 1467 3152 necessarium,

190 3163 283 3226 etiam
310 3179 380 3225 cum
401 3164 534 3245 periculo
557 3165 630 3228 ritae
654 3164 794 3238 atterius,
816 3166 905 3227 modo
929 3164 1012 3228 aliud
1032 3166 1171 3229 medium
1192 3167 1285 3244 desit,
1307 3185 1363 3230 nec
1386 3184 1467 3230 mors

189 3253 373 3333 aggressoris
388 3251 576 3316 intendatur.
589 3289 629 3300 -
644 3254 679 3316 S.
697 3253 766 3334 Lip.
783 3275 813 3314 n.
832 3257 904 3318 380.

229 3344 330 3417 Quae.
347 3347 380 3403 t⁰
397 3344 447 3403 An
463 3341 551 3404 liceat
565 3342 723 3424 defendere
738 3343 816 3404 bona
828 3345 964 3424 fortunar
976 3344 1082 3425 mapni
1092 3343 1234 3407 momenti
1246 3363 1314 3407 cnm
1328 3343 1470 3406 acmsime

189 3429 285 3510 faris,
304 3431 432 3493 sialiter
445 3432 575 3493 retineri
587 3429 803 3514 nonpossint?

230 3519 321 3599 Resp.
341 3521 483 3602 Affirm,
505 3521 612 3583 saltem
629 3519 829 3603 probabilius.
848 3520 937 3585 Ratio
954 3520 1116 3586 deducitur
1130 3541 1168 3584 ex
1182 3522 1272 3585 dictis
1289 3522 1324 3584 in
1340 3519 1472 3603 quaesito

190 3609 388 3688 praecedenti;
403 3609 533 3691 quisque
548 3609 631 3672 enim
643 3613 695 3691 jus
708 3609 800 3672 habet
810 3613 1008 3674 conservandi
1017 3611 1096 3674 bona
1110 3611 1215 3691 magni
1227 3630 1282 3692 pro
1295 3609 1471 3674 conditione

191 3715 247 3758 sua
260 3698 425 3773 momenti,
440 3702 471 3759 et
485 3717 519 3760 eo
533 3699 598 3778 ipso
613 3697 778 3760 adhibendi
792 3698 894 3760 media
903 3699 1039 3763 absolute
1052 3701 1088 3762 ad
1099 3699 1130 3762 id
1141 3699 1321 3762 necessaria.
1334 3697 1473 3762 Aliunde

190 3790 373 3865 praeceptum
389 3786 532 3848 Caritatis
547 3804 608 3848 non
624 3786 737 3866 obligat
751 3791 786 3848 ut
801 3787 871 3867 quis
885 3787 1022 3868 preferat
1035 3788 1115 3850 hona
1130 3789 1279 3870 proximi,
1297 3788 1366 3851 licet
1377 3803 1472 3868 supe-

189 3871 280 3933 rioris
297 3875 430 3949 ordinis,
443 3874 505 3937 nisi
515 3875 638 3955 quondo
653 3873 813 3954 proximus
827 3874 861 3937 in
876 3881 1010 3938 extrema
1024 3877 1201 3938 necessitate
1215 3885 1369 3952 versatum
1380 3893 1472 3938 secus

190 3976 276 4034 vero,
293 3964 413 4041 quando
428 3970 535 4045 sponte
549 3963 599 4026 hic
614 3963 721 4026 mortis
735 3963 868 4043 periculo
883 3983 913 4027 se
925 3965 1058 4045 exponit.
1076 4001 1116 4010 —
1129 3966 1166 4028 S.
1181 3967 1246 4048 Lz'p.
1263 3987 1295 4028 n.
1310 3969 1380 4029 382.

231 4051 301 4110 398.
320 4085 359 4094 —
371 4053 471 4125 Qonn.
488 4056 521 4115 5⁰
533 4052 581 4111 An
594 4052 715 4112 mulieri
731 4053 822 4113 liceat
835 4053 967 4115 occidere
977 4054 1144 4117 invasorem
1156 4055 1338 4137 pudicitia?

232 4135 319 4218 Resp.
341 4140 368 4199 A
372 4140 469 4220 t'firm.
482 4141 688 4223 probabilius.
707 4140 796 4204 Ratio
810 4145 865 4215 est,
882 4142 956 4222 quia
970 4143 1118 4223 pudicitia
1131 4149 1177 4206 est
1188 4144 1305 4206 bonum
1319 4149 1475 4224 prestan-

191 4219 255 4282 tius
271 4225 389 4288 divitiis
407 4247 413 4288 :
430 4247 514 4308 ergo,
532 4229 559 4290 si
578 4229 647 4291 licet
664 4228 797 4290 occidere
815 4247 1018 4309 aggressorem
1035 4232 1189 4314 injustum
1208 4233 1361 4297 bonorum
1374 4231 1476 4295 fortu-

191 4325 255 4380 nae,
270 4309 302 4369 id
321 4331 339 4371 a
355 4315 480 4392 fortiori
500 4317 602 4380 licebit
622 4319 661 4379 ad
681 4315 861 4398 pudicitiam
882 4321 1073 4382 servandam.
1090 4358 1129 4368 -
1144 4321 1179 4384 S.
1199 4323 1284 4406 cip,
1300 4343 1332 4384 n.
1349 4325 1426 4396 386,
1442 4331 1476 4383 et

192 4393 252 4456 atti
264 4406 469 4464 communiter.

233 4484 335 4555 Qoan.
352 4491 383 4547 5⁰
398 4489 447 4549 Aa
461 4491 550 4556 liceat
563 4497 657 4560 atium
672 4495 801 4560 cerdon
815 4496 857 4558 cd
871 4503 1125 4562 conseruationem
1140 4501 1285 4564 boumn?
