3156 5026
184 205 252 264 136
720 211 928 260 rnucrsrus

228 327 318 412 Resp.
331 332 380 392 3⁰:
393 330 458 392 lmo
469 322 667 407 probabiliter
676 324 770 387 etiam
786 323 961 404 negandum
973 328 1035 398 est,
1048 323 1119 386 licet
1133 323 1169 386 de
1179 323 1333 388 industrio
1348 326 1463 407 egeris,

29 435 30 462 ³
137 483 141 501 ,
186 422 222 481 ut
235 417 313 480 aetio
325 424 381 480 tua
393 416 453 498 ipsi
465 414 650 497 imputetur;
664 412 738 495 quia
749 430 868 493 semper
879 412 944 475 hue
957 412 1036 475 actio
1050 417 1097 475 εει
1110 419 1236 476 tentum
1250 431 1342 476 ceusu
1354 416 1465 480 damni

29 531 30 542 0
136 504 137 511 ’
180 525 240 590 per
255 505 404 584 accidens,
421 510 451 568 ει
465 521 598 585 nonper
613 521 660 573 se:
675 520 738 564 non
752 500 885 564 enimin
899 500 1028 563 illudes
1041 509 1154 564 nature
1169 520 1225 564 sue
1241 501 1403 566 efficaciter
1417 505 1466 567 in-

185 595 288 658 fluxit.
306 598 404 658 Pravo
421 591 506 656 enim
521 590 653 654 Intentio
667 608 729 653 non
746 587 837 652 efficit
850 596 887 652 ut
900 587 1055 670 injustum
1072 589 1114 653 sit
1127 589 1206 652 illud
1218 607 1309 670 opus,
1326 593 1411 674 quod
1425 611 1465 656 ex

186 701 218 747 εε
229 688 369 764 respectu
382 681 467 746 tertii
478 681 633 762 injustum
642 697 705 741 non
716 683 773 740 est.
785 676 1007 758 Excipiendum
1019 684 1126 741 temen
1138 684 1200 752 est,
1215 678 1242 740 si
1255 679 1327 760 quis
1338 680 1379 743 iis
1393 688 1465 744 ule·

185 777 272 835 retur
286 769 397 833 mediis
416 789 485 852 quse
506 767 721 850 gravissimam
739 765 942 846 suspicionem
959 767 1085 830 ulterius
1103 767 1265 830 recusandi
1283 768 1462 849 prebeant,

185 879 217 922 v.
231 879 290 940 gr„
305 858 332 922 si
345 857 484 922 vestibus
495 860 562 938 ejus
572 855 753 918 indueretur
765 855 803 916 ad
814 853 1017 918 homicidium
1028 855 1230 935 patrandum,
1244 854 1300 919 hos
1310 858 1466 938 sangiune

184 947 312 1012 foedatas
326 946 499 1028 proficeret,
511 952 568 1008 etc.
580 979 619 990 -
630 943 666 1008 S.
674 944 744 1024 Lip.
754 963 785 1004 n.
795 947 913 1007 cau-
922 943 1053 1006 Leuius.
1065 979 1106 990 —
1121 943 1239 1026 Vopler,
1253 951 1361 1008 contra
1373 946 1461 1010 ullos.

184 1071 225 1083 —
238 1036 344 1099 Recole
354 1035 437 1098 dieto
449 1055 481 1096 o.
494 1038 564 1098 cot.

225 1130 295 1189 670.
309 1160 349 1172 -
365 1126 466 1200 Qomn.
483 1128 535 1186 w
547 1122 597 1182 Au
617 1131 756 1183 teneatur
768 1119 810 1182 cd
822 1121 1042 1183 restitutionem
1057 1123 1182 1204 iniquus
1195 1120 1379 1184 distributor
1391 1123 1463 1205 offi-

183 1213 326 1276 ciorum?

224 1301 313 1385 Resp.
331 1309 364 1366 10
381 1321 389 1364 :
405 1299 604 1364 Probabilius
617 1300 656 1361 ed
671 1298 749 1362 nihil
764 1306 887 1361 tenetur
902 1317 973 1378 erga
989 1299 1119 1379 dignum
1138 1300 1399 1380 praelermissum,
1416 1320 1463 1364 εε-

184 1391 267 1454 cluso
283 1409 355 1453 casu
369 1405 549 1464 concursus,
564 1386 638 1468 quie
654 1386 771 1449 nullius
781 1389 834 1468 jus
848 1387 992 1450 strictum
1006 1387 1142 1450 violavit.
1159 1421 1200 1436 -
1214 1388 1249 1451 S.
1265 1388 1353 1471 Lip„
1371 1389 1392 1450 l.
1408 1392 1459 1464 tv,

183 1500 214 1541 u.
231 1483 299 1543 106.
316 1515 356 1526 -
377 1478 495 1560 γοριεν,
511 1497 542 1539 u.
557 1482 626 1550 111,
644 1488 672 1538 ει
689 1475 748 1538 atii
761 1479 968 1537 communiter.

223 1566 318 1650 Resp.
333 1571 367 1630 10
385 1586 392 1628 :
413 1565 542 1632 Ratione
562 1563 714 1627 electionis
739 1565 865 1646 indiqci
888 1570 1010 1626 tenetur
1032 1571 1113 1627 certo
1134 1583 1205 1645 erge
1226 1566 1403 1630 societatem
1425 1569 1462 1631 de

183 1655 328 1718 omnibus
347 1655 470 1719 damnis
492 1653 602 1718 exinde
621 1653 883 1735 provenientibus.
905 1652 993 1717 Ratio
1016 1658 1076 1728 est,
1099 1653 1174 1734 quia
1194 1662 1337 1718 censetur
1356 1658 1462 1720 adesse

183 1750 305 1825 pactum
321 1744 435 1807 strictio
444 1741 575 1825 justitie
588 1742 671 1804 inter
683 1742 858 1804 societatem
873 1746 904 1804 ει
916 1741 1090 1818 electorem,
1106 1761 1168 1824 quo
1182 1741 1240 1806 iste
1254 1743 1461 1825 adstringitur

183 1832 221 1895 ad
242 1851 303 1895 non
321 1831 474 1912 eligendos
495 1829 654 1893 ministros
665 1828 821 1909 indignos.
838 1865 879 1876 -
891 1829 940 1892 Itc
954 1833 1163 1892 communiter.
1179 1865 1221 1878 -
1239 1831 1364 1915 Vopler,
1382 1833 1458 1896 ibsii.

181 1955 223 1970 -
235 1921 271 1984 S.
288 1921 372 2002 Lep„
387 1919 478 1982 Hom.
494 1929 604 2001 apost,
622 1928 711 1979 tract.
727 1920 808 1992 XIII,
826 1939 857 1980 o.
874 1923 923 1982 39.

221 2009 420 2072 Probabilius
439 2015 544 2071 sutem
563 2008 601 2070 od
621 2006 700 2069 nihil
717 2012 839 2069 tenetur
852 2007 969 2070 ratione
984 2007 1139 2070 electionis
1157 2008 1265 2072 minus
1281 2010 1380 2091 digni,
1394 2011 1453 2074 etsi

183 2099 316 2179 graviter
332 2116 451 2178 peccare
467 2097 573 2178 possit.
587 2095 677 2160 Retio
691 2102 752 2169 est,
768 2094 841 2176 quio
855 2114 917 2157 non
929 2103 1069 2159 censetur
1086 2096 1215 2160 societas
1229 2097 1366 2162 electores
1377 2099 1453 2162 obli-

182 2205 252 2267 garc
267 2186 356 2249 titulo
363 2187 502 2268 justitiae
517 2187 738 2246 commutatioae
751 2185 790 2246 ad
804 2183 957 2264 digniores
971 2183 1134 2264 eligendos.
1146 2221 1187 2232 -
1203 2186 1325 2268 Voplor,
1340 2209 1370 2248 o.
1381 2192 1452 2252 243.

181 2309 222 2322 -
235 2271 327 2338 Hom.
344 2285 455 2356 apost,
471 2273 548 2336 ibid.

222 2368 292 2427 671.
308 2399 348 2410 -
361 2365 463 2438 Qunu.
481 2367 533 2426 lb⁰
548 2362 597 2422 An
617 2371 757 2423 teneatur
774 2359 816 2422 od
833 2363 1068 2439 restitutionem,
1085 2361 1247 2445 quietum
1262 2365 1458 2446 impedivitu

181 2454 389 2514 eorsseculs'ouo
402 2451 534 2534 alicujus
549 2451 617 2512 boui
631 2450 679 2512 uei
695 2448 858 2532 beneficii?

222 2541 314 2622 Resp.
331 2544 363 2602 10
377 2539 517 2622 Αῂιπε,
534 2539 560 2602 si
573 2539 731 2620 proximus
750 2538 861 2601 habeut
869 2539 923 2620 jus
938 2536 1082 2602 strictum
1100 2539 1213 2602 adrem
1230 2539 1449 2613 obtinendam,

182 2649 211 2694 v.
229 2649 287 2710 gr„
303 2630 339 2693 in
353 2647 424 2693 casu
440 2647 615 2692 concursus.

222 2721 314 2802 Ilcop.
332 2723 385 2782 2⁰:
402 2717 432 2780 Si
447 2718 606 2800 proximus
623 2736 685 2780 non
703 2715 814 2779 habeat
823 2719 876 2798 jus
891 2715 1035 2779 strictum
1056 2717 1094 2780 cd
1113 2735 1178 2780 rem
1190 2716 1451 2797 consequendam,
1563 2755 1564 2760 κ

182 2807 436 2886 distinguendum
446 2814 493 2870 est
505 2825 512 2867 :
525 2812 556 2870 10
565 2803 797 2878 affirmandum,
810 2805 835 2868 si
847 2804 953 2867 mediis
964 2805 1087 2887 injustis
1097 2805 1131 2868 id
1140 2805 1338 2887 impedimur,
1347 2823 1380 2867 v.
1390 2823 1454 2886 gr..

182 2898 227 2974 vi,
243 2893 369 2975 froude,
387 2894 556 2974 columnia,
573 2903 669 2972 metu,
686 2901 761 2969 etc.;
777 2896 810 2955 2⁰
823 2895 999 2974 negandum
1010 2912 1097 2968 vero,
1109 2894 1136 2956 si
1147 2893 1334 2976 iuspediatur
1345 2895 1457 2956 mediis
1562 2885 1563 2915 ¹

182 2983 214 3044 in
229 3003 260 3044 se
268 2984 378 3064 justis,
392 3003 423 3046 v.
435 3001 494 3064 gr,
507 2985 661 3058 suasione,
675 2981 833 3063 precibus,
846 2991 903 3044 etc.
920 2982 1009 3046 natio
1023 2987 1082 3057 est,
1093 2981 1168 3062 quia
1183 2983 1304 3045 nullum
1315 2984 1368 3064 jus
1381 2983 1457 3046 alu-
1561 2995 1562 3021 ι

181 3071 247 3134 rius
265 3075 339 3134 tunc
358 3071 500 3146 violetur,
517 3090 572 3134 nec
591 3073 622 3133 in
644 3089 688 3148 se,
705 3087 760 3132 nec
777 3073 812 3131 in
829 3070 947 3133 prediis.
965 3105 1004 3116 —-
1021 3069 1071 3132 Ito
1085 3074 1295 3135 communiter.
1310 3105 1349 3117 —
1363 3069 1454 3134 Hom.

181 3179 199 3223 c
223 3170 293 3235 ost,
311 3181 343 3221 n.
359 3164 409 3224 61.

198 3181 324 3336 piloso.
341 3253 393 3312 160
406 3250 457 3311 An
472 3252 602 3310 tenearis
616 3248 657 3311 od
669 3248 902 3326 restitutionem,
919 3250 948 3308 si
958 3267 997 3310 εε
1009 3247 1093 3310 molo
1106 3250 1293 3328 intercisione,
1305 3270 1335 3312 v.
1343 3270 1407 3332 qr„
1419 3270 1457 3311 oc·

181 3338 264 3417 odio,
281 3338 401 3401 seclusis
414 3347 512 3398 tomen
527 3337 633 3399 mediis
647 3338 683 3399 de
697 3359 727 3400 se
742 3338 877 3418 injustis,
889 3347 1008 3399 αυενιαι
1021 3337 1115 3398 ulium
1129 3358 1149 3398 a
1162 3341 1371 3400 consecutione
1384 3338 1460 3400 boui
1557 3373 1558 3384 ι

181 3426 224 3488 ud
235 3427 380 3508 quodjus
392 3431 529 3489 strictum
543 3445 605 3486 reon
620 3425 730 3488 babet?

223 3516 312 3599 Besp.
329 3515 407 3598 Nep.
421 3513 627 3597 probabilius.
646 3514 734 3578 Ratio
754 3520 815 3590 est,
832 3513 906 3596 quia
923 3513 1008 3576 nulle
1022 3513 1137 3596 iujurie
1152 3515 1292 3596 proximo
1310 3515 1456 3579 infertur.

183 3605 306 3667 Etenim
321 3606 360 3667 od
374 3603 522 3686 injuriam
534 3623 596 3666 non
611 3601 723 3666 sufficit
736 3604 818 3666 mole
831 3602 979 3677 intentio,
993 3604 1046 3666 sed
1057 3602 1226 3684 requiritur
1238 3605 1319 3668 ectio
1329 3611 1458 3668 externa

181 3711 249 3774 quse
269 3698 389 3756 verset
407 3691 511 3756 efficax
528 3711 619 3756 seusa
635 3693 740 3756 damni
758 3691 869 3773 iujusti
888 3692 938 3754 sit.
956 3727 995 3737 -
1013 3692 1050 3755 S.
1066 3693 1136 3774 Liq.
1156 3713 1187 3754 o.
1204 3697 1276 3758 581.
1294 3729 1334 3740 -
1346 3693 1456 3770 Ειιει,

181 3803 212 3842 n.
230 3787 298 3846 108.
313 3817 352 3827 -
368 3781 514 3860 Anteius,
531 3802 561 3863 q.
580 3785 633 3857 l5,
650 3791 678 3843 et
693 3781 749 3842 olii
764 3783 951 3842 coeremonias
964 3788 1069 3844 contre
1082 3782 1169 3844 aiios.

302 3971 444 4034 Casus.
556 4061 559 4069 .

218 4127 288 4187 671.
306 4157 345 4170 -
360 4129 392 4186 10
406 4122 539 4186 Didceus
554 4141 608 4186 ves
622 4122 835 4206 crystallinum
854 4123 925 4187 Caii
941 4125 1027 4187 valdo
1041 4123 1209 4204 pretiosum
1228 4124 1286 4186 sub
1305 4129 1392 4187 nocto
1406 4141 1456 4185 re-

179 4212 265 4288 ponit
274 4210 308 4274 in
321 4213 431 4292 angrrlo
441 4213 567 4287 domus,
580 4229 641 4292 qua
653 4229 743 4274 nemo
753 4218 818 4274 eret
831 4211 969 4293 proxime
980 4213 1185 4288 transiturus,
1198 4211 1364 4276 intendens
1375 4212 1455 4274 illud

179 4315 301 4362 summo
316 4317 407 4363 mene
420 4301 454 4363 in
469 4305 536 4364 tuto
555 4301 617 4364 loco
631 4300 781 4363 collocare.
799 4302 857 4365 Sed
870 4301 1009 4362 Basilius
1023 4302 1080 4364 hac
1093 4302 1199 4364 eodem
1219 4307 1306 4365 nocte
1323 4302 1455 4364 domum

178 4385 243 4447 sine
263 4386 381 4450 lumine
403 4387 577 4468 ingrediens
596 4389 630 4452 in
650 4409 703 4452 vas
722 4389 866 4464 offendit,
888 4389 1024 4471 illudque
1044 4389 1169 4470 frangit.
1190 4390 1270 4465 Quid
1286 4389 1395 4471 iuris?
1412 4423 1458 4434 -

176 4472 267 4556 Resp.
279 4493 292 4534 .·
303 4475 361 4536 Νεε
374 4475 519 4553 Didocus,
534 4497 589 4539 uec
600 4477 738 4539 Basilius
754 4479 791 4540 od
806 4476 1034 4542 restitutionem
1050 4483 1181 4556 tenetur,
1195 4477 1271 4559 quie
1284 4497 1320 4540 ex
1333 4477 1455 4542 utrius-
