<?xml version="1.0" encoding="UTF-8"?>
<!DOCTYPE html PUBLIC "-//W3C//DTD XHTML 1.0 Transitional//EN"
    "http://www.w3.org/TR/xhtml1/DTD/xhtml1-transitional.dtd">
<html xmlns="http://www.w3.org/1999/xhtml" xml:lang="en" lang="en">
 <head>
  <title>
</title>
<meta http-equiv="Content-Type" content="text/html;charset=utf-8" />
  <meta name='ocr-system' content='tesseract 3.04.00' />
  <meta name='ocr-capabilities' content='ocr_page ocr_carea ocr_par ocr_line ocrx_word'/>
</head>
<body>
  <div class='ocr_page' id='page_1' title='image "./compendiumtheol02gurygoog_0275.png"; bbox 0 0 3216 5020; ppageno 0'>
   <div class='ocr_carea' id='block_1_1' title="bbox 195 221 939 282">
    <p class='ocr_par' dir='ltr' id='par_1_1' title="bbox 195 221 939 282">
     <span class='ocr_line' id='line_1_1' title="bbox 195 221 939 282; baseline -0.011 0"><span class='ocrx_word' id='word_1_1' title='bbox 195 221 267 282; x_wconf 59' lang='lat'>&#39;258</span> <span class='ocrx_word' id='word_1_2' title='bbox 731 231 939 277; x_wconf 80' lang='lat' dir='ltr'>rnacrsrns</span> 
     </span>
    </p>
   </div>
   <div class='ocr_carea' id='block_1_2' title="bbox 194 338 1475 955">
    <p class='ocr_par' dir='ltr' id='par_1_2' title="bbox 194 338 1473 604">
     <span class='ocr_line' id='line_1_2' title="bbox 199 338 1471 427; baseline -0.005 -17"><span class='ocrx_word' id='word_1_3' title='bbox 199 345 418 427; x_wconf 86' lang='lat' dir='ltr'>possessionem</span> <span class='ocrx_word' id='word_1_4' title='bbox 438 343 470 404; x_wconf 92' lang='lat' dir='ltr'>in</span> <span class='ocrx_word' id='word_1_5' title='bbox 489 344 590 424; x_wconf 88' lang='lat' dir='ltr'>aliquo</span> <span class='ocrx_word' id='word_1_6' title='bbox 611 361 682 406; x_wconf 87' lang='lat' dir='ltr'>casu</span> <span class='ocrx_word' id='word_1_7' title='bbox 705 343 753 404; x_wconf 90' lang='lat' dir='ltr'>vel</span> <span class='ocrx_word' id='word_1_8' title='bbox 772 349 907 422; x_wconf 90' lang='lat' dir='ltr'>tempore</span> <span class='ocrx_word' id='word_1_9' title='bbox 930 338 1137 419; x_wconf 74' lang='lat' dir='ltr'>ingrediendi3</span> <span class='ocrx_word' id='word_1_10' title='bbox 1156 375 1196 384; x_wconf 91' lang='lat'><strong>—</strong></span> <span class='ocrx_word' id='word_1_11' title='bbox 1217 359 1379 420; x_wconf 63' lang='lat' dir='ltr'>capenae,</span> <span class='ocrx_word' id='word_1_12' title='bbox 1400 361 1471 404; x_wconf 89' lang='lat' dir='ltr'>cum</span> 
     </span>
     <span class='ocr_line' id='line_1_3' title="bbox 199 428 1473 517; baseline -0.002 -20"><span class='ocrx_word' id='word_1_13' title='bbox 199 434 269 517; x_wconf 89' lang='lat' dir='ltr'>quis</span> <span class='ocrx_word' id='word_1_14' title='bbox 288 433 469 496; x_wconf 88' lang='lat' dir='ltr'>beneficium</span> <span class='ocrx_word' id='word_1_15' title='bbox 488 452 506 494; x_wconf 91' lang='lat' dir='ltr'>a</span> <span class='ocrx_word' id='word_1_16' title='bbox 525 452 556 494; x_wconf 88' lang='lat' dir='ltr'>se</span> <span class='ocrx_word' id='word_1_17' title='bbox 572 450 745 514; x_wconf 88' lang='lat' dir='ltr'>possessum</span> <span class='ocrx_word' id='word_1_18' title='bbox 757 431 906 512; x_wconf 80' lang='lat' dir='ltr'><strong>resignat,</strong></span> <span class='ocrx_word' id='word_1_19' title='bbox 923 435 1043 492; x_wconf 89' lang='lat' dir='ltr'>servato</span> <span class='ocrx_word' id='word_1_20' title='bbox 1055 431 1124 510; x_wconf 87' lang='lat' dir='ltr'>jure</span> <span class='ocrx_word' id='word_1_21' title='bbox 1137 430 1177 492; x_wconf 90' lang='lat' dir='ltr'>ad</span> <span class='ocrx_word' id='word_1_22' title='bbox 1192 428 1268 492; x_wconf 92' lang='lat' dir='ltr'>illud</span> <span class='ocrx_word' id='word_1_23' title='bbox 1282 431 1473 510; x_wconf 80' lang='lat' dir='ltr'>regrediendi</span> 
     </span>
     <span class='ocr_line' id='line_1_4' title="bbox 194 521 897 604; baseline -0.007 -18"><span class='ocrx_word' id='word_1_24' title='bbox 194 525 233 586; x_wconf 89' lang='lat' dir='ltr'>in</span> <span class='ocrx_word' id='word_1_25' title='bbox 247 523 349 604; x_wconf 89' lang='lat' dir='ltr'>aliquo</span> <span class='ocrx_word' id='word_1_26' title='bbox 361 541 443 584; x_wconf 82' lang='lat' dir='ltr'>castr.</span> <span class='ocrx_word' id='word_1_27' title='bbox 460 558 500 568; x_wconf 94' lang='lat'><em>-</em></span> <span class='ocrx_word' id='word_1_28' title='bbox 515 521 552 583; x_wconf 90' lang='lat' dir='ltr'>S.</span> <span class='ocrx_word' id='word_1_29' title='bbox 568 523 636 603; x_wconf 74' lang='lat' dir='ltr'>Lip.</span> <span class='ocrx_word' id='word_1_30' title='bbox 653 542 685 580; x_wconf 85' lang='lat' dir='ltr'>n.</span> <span class='ocrx_word' id='word_1_31' title='bbox 699 525 754 595; x_wconf 76' lang='lat' dir='ltr'>to,</span> <span class='ocrx_word' id='word_1_32' title='bbox 771 524 825 594; x_wconf 77' lang='lat'>56,</span> <span class='ocrx_word' id='word_1_33' title='bbox 840 526 897 582; x_wconf 91' lang='lat' dir='ltr'>etc.</span> 
     </span>
    </p>

    <p class='ocr_par' dir='ltr' id='par_1_3' title="bbox 200 605 1475 955">
     <span class='ocr_line' id='line_1_5' title="bbox 240 605 1475 692; baseline -0.002 -17"><span class='ocrx_word' id='word_1_34' title='bbox 240 611 449 691; x_wconf 84' lang='lat' dir='ltr'>Distinguitur</span> <span class='ocrx_word' id='word_1_35' title='bbox 462 611 557 674; x_wconf 88' lang='lat' dir='ltr'>etiam</span> <span class='ocrx_word' id='word_1_36' title='bbox 578 610 716 673; x_wconf 85' lang='lat' dir='ltr'>Simonia</span> <span class='ocrx_word' id='word_1_37' title='bbox 726 611 813 692; x_wconf 83' lang='lat' dir='ltr'>jnric</span> <span class='ocrx_word' id='word_1_38' title='bbox 828 607 926 670; x_wconf 85' lang='lat' dir='ltr'>divini</span> <span class='ocrx_word' id='word_1_39' title='bbox 943 625 999 670; x_wconf 86' lang='lat' dir='ltr'>seu</span> <span class='ocrx_word' id='word_1_40' title='bbox 1021 606 1192 681; x_wconf 82' lang='lat' dir='ltr'>naturalis,</span> <span class='ocrx_word' id='word_1_41' title='bbox 1206 627 1275 689; x_wconf 76' lang='lat' dir='ltr'>quae</span> <span class='ocrx_word' id='word_1_42' title='bbox 1289 605 1361 670; x_wconf 87' lang='lat' dir='ltr'>telis</span> <span class='ocrx_word' id='word_1_43' title='bbox 1375 615 1475 674; x_wconf 81' lang='lat' dir='ltr'>estex</span> 
     </span>
     <span class='ocr_line' id='line_1_6' title="bbox 200 695 1473 780; baseline -0.004 -16"><span class='ocrx_word' id='word_1_44' title='bbox 200 709 312 764; x_wconf 87' lang='lat' dir='ltr'>natura</span> <span class='ocrx_word' id='word_1_45' title='bbox 327 719 395 773; x_wconf 88' lang='lat' dir='ltr'>sua,</span> <span class='ocrx_word' id='word_1_46' title='bbox 413 700 486 780; x_wconf 82' lang='lat' dir='ltr'>quia</span> <span class='ocrx_word' id='word_1_47' title='bbox 499 717 607 780; x_wconf 80' lang='lat' dir='ltr'>nempe</span> <span class='ocrx_word' id='word_1_48' title='bbox 620 717 667 762; x_wconf 91' lang='lat' dir='ltr'>res</span> <span class='ocrx_word' id='word_1_49' title='bbox 682 697 851 778; x_wconf 87' lang='lat' dir='ltr'>spiritualis</span> <span class='ocrx_word' id='word_1_50' title='bbox 865 715 937 760; x_wconf 90' lang='lat' dir='ltr'>cum</span> <span class='ocrx_word' id='word_1_51' title='bbox 949 695 1109 776; x_wconf 88' lang='lat' dir='ltr'>temporali</span> <span class='ocrx_word' id='word_1_52' title='bbox 1122 704 1331 777; x_wconf 68' lang='lat' dir='ltr'>permutatim</span> <span class='ocrx_word' id='word_1_53' title='bbox 1348 698 1473 778; x_wconf 79' lang='lat' dir='ltr'>etjarie</span> 
     </span>
     <span class='ocr_line' id='line_1_7' title="bbox 200 783 1475 869; baseline -0.002 -16"><span class='ocrx_word' id='word_1_54' title='bbox 200 789 403 866; x_wconf 75' lang='lat' dir='ltr'>ecclesiastici,</span> <span class='ocrx_word' id='word_1_55' title='bbox 421 807 489 869; x_wconf 77' lang='lat' dir='ltr'>quae</span> <span class='ocrx_word' id='word_1_56' title='bbox 505 789 575 850; x_wconf 91' lang='lat' dir='ltr'>talis</span> <span class='ocrx_word' id='word_1_57' title='bbox 588 795 634 851; x_wconf 90' lang='lat' dir='ltr'>est</span> <span class='ocrx_word' id='word_1_58' title='bbox 654 807 692 849; x_wconf 80' lang='lat' dir='ltr'>ex</span> <span class='ocrx_word' id='word_1_59' title='bbox 707 787 769 850; x_wconf 93' lang='lat' dir='ltr'>sola</span> <span class='ocrx_word' id='word_1_60' title='bbox 783 786 921 848; x_wconf 71' lang='lat' dir='ltr'>Ecclesiae</span> <span class='ocrx_word' id='word_1_61' title='bbox 935 783 1147 858; x_wconf 90' lang='lat' dir='ltr'>institutione,</span> <span class='ocrx_word' id='word_1_62' title='bbox 1165 792 1202 847; x_wconf 89' lang='lat' dir='ltr'>nt</span> <span class='ocrx_word' id='word_1_63' title='bbox 1215 793 1290 848; x_wconf 90' lang='lat' dir='ltr'>sunt</span> <span class='ocrx_word' id='word_1_64' title='bbox 1303 793 1475 850; x_wconf 82' lang='lat' dir='ltr'>commuta·</span> 
     </span>
     <span class='ocr_line' id='line_1_8' title="bbox 202 873 1361 955; baseline -0.005 -13"><span class='ocrx_word' id='word_1_65' title='bbox 202 880 299 942; x_wconf 82' lang='lat' dir='ltr'>tiones</span> <span class='ocrx_word' id='word_1_66' title='bbox 313 877 528 940; x_wconf 87' lang='lat' dir='ltr'>beneficiorum</span> <span class='ocrx_word' id='word_1_67' title='bbox 542 883 596 938; x_wconf 91' lang='lat' dir='ltr'>aut</span> <span class='ocrx_word' id='word_1_68' title='bbox 610 876 800 938; x_wconf 65' lang='lat' dir='ltr'>venditiones</span> <span class='ocrx_word' id='word_1_69' title='bbox 815 873 981 938; x_wconf 90' lang='lat' dir='ltr'>officiorum</span> <span class='ocrx_word' id='word_1_70' title='bbox 994 873 1123 936; x_wconf 77' lang='lat' dir='ltr'>ecolesma</span> <span class='ocrx_word' id='word_1_71' title='bbox 1135 875 1361 955; x_wconf 70' lang='lat' dir='ltr'>temporalium.</span> 
     </span>
    </p>
   </div>
   <div class='ocr_carea' id='block_1_3' title="bbox 324 1047 548 1128">
    <p class='ocr_par' dir='ltr' id='par_1_4' title="bbox 324 1047 548 1128">
     <span class='ocr_line' id='line_1_9' title="bbox 324 1047 548 1128; baseline -0.009 -14"><span class='ocrx_word' id='word_1_72' title='bbox 324 1047 548 1128; x_wconf 76' lang='lat' dir='ltr'>Principia.</span> 
     </span>
    </p>
   </div>
   <div class='ocr_carea' id='block_1_4' title="bbox 183 1189 1478 1910">
    <p class='ocr_par' dir='ltr' id='par_1_5' title="bbox 191 1189 1478 1810">
     <span class='ocr_line' id='line_1_10' title="bbox 242 1189 1477 1274; baseline -0.004 -14"><span class='ocrx_word' id='word_1_73' title='bbox 242 1201 370 1260; x_wconf 64' lang='grc'><strong>1811-</strong></span> <span class='ocrx_word' id='word_1_74' title='bbox 392 1197 415 1257; x_wconf 93' lang='grc' dir='ltr'>Ι.</span> <span class='ocrx_word' id='word_1_75' title='bbox 439 1196 486 1256; x_wconf 78' lang='lat' dir='ltr'>Ad</span> <span class='ocrx_word' id='word_1_76' title='bbox 507 1193 677 1256; x_wconf 88' lang='lat' dir='ltr'>Simoniam</span> <span class='ocrx_word' id='word_1_77' title='bbox 698 1192 879 1274; x_wconf 87' lang='lat' dir='ltr'>requiritur,</span> <span class='ocrx_word' id='word_1_78' title='bbox 895 1199 931 1254; x_wconf 92' lang='lat' dir='ltr'>ut</span> <span class='ocrx_word' id='word_1_79' title='bbox 948 1192 1112 1272; x_wconf 90' lang='lat' dir='ltr'>temporale</span> <span class='ocrx_word' id='word_1_80' title='bbox 1130 1193 1220 1254; x_wconf 91' lang='lat' dir='ltr'>detur</span> <span class='ocrx_word' id='word_1_81' title='bbox 1240 1199 1295 1254; x_wconf 92' lang='lat' dir='ltr'>aut</span> <span class='ocrx_word' id='word_1_82' title='bbox 1309 1189 1477 1274; x_wconf 86' lang='lat' dir='ltr'>accipiatur</span> 
     </span>
     <span class='ocr_line' id='line_1_11' title="bbox 204 1280 1477 1365; baseline -0.003 -17"><span class='ocrx_word' id='word_1_83' title='bbox 204 1287 268 1349; x_wconf 88' lang='lat' dir='ltr'>sive</span> <span class='ocrx_word' id='word_1_84' title='bbox 281 1284 464 1365; x_wconf 79' lang='lat' dir='ltr'>formaliter,</span> <span class='ocrx_word' id='word_1_85' title='bbox 481 1284 545 1345; x_wconf 88' lang='lat' dir='ltr'>sive</span> <span class='ocrx_word' id='word_1_86' title='bbox 557 1281 733 1344; x_wconf 80' lang='lat' dir='ltr'>virtualiter</span> <span class='ocrx_word' id='word_1_87' title='bbox 746 1299 799 1361; x_wconf 93' lang='lat' dir='ltr'>pro</span> <span class='ocrx_word' id='word_1_88' title='bbox 813 1281 880 1363; x_wconf 90' lang='lat' dir='ltr'>ipsa</span> <span class='ocrx_word' id='word_1_89' title='bbox 893 1299 925 1343; x_wconf 92' lang='lat' dir='ltr'>re</span> <span class='ocrx_word' id='word_1_90' title='bbox 944 1280 1112 1362; x_wconf 90' lang='lat' dir='ltr'>spirituali,</span> <span class='ocrx_word' id='word_1_91' title='bbox 1126 1287 1158 1343; x_wconf 91' lang='lat' dir='ltr'>et</span> <span class='ocrx_word' id='word_1_92' title='bbox 1176 1281 1210 1344; x_wconf 90' lang='lat' dir='ltr'>in</span> <span class='ocrx_word' id='word_1_93' title='bbox 1224 1283 1290 1362; x_wconf 90' lang='lat' dir='ltr'>ejus</span> <span class='ocrx_word' id='word_1_94' title='bbox 1304 1288 1477 1344; x_wconf 89' lang='lat' dir='ltr'>commuta·</span> 
     </span>
     <span class='ocr_line' id='line_1_12' title="bbox 205 1372 1476 1456; baseline -0.004 -15"><span class='ocrx_word' id='word_1_95' title='bbox 205 1379 336 1450; x_wconf 86' lang='lat' dir='ltr'>tionem‚</span> <span class='ocrx_word' id='word_1_96' title='bbox 350 1375 395 1438; x_wconf 87' lang='lat' dir='ltr'>ita</span> <span class='ocrx_word' id='word_1_97' title='bbox 411 1381 448 1438; x_wconf 90' lang='lat' dir='ltr'>ut</span> <span class='ocrx_word' id='word_1_98' title='bbox 463 1375 518 1438; x_wconf 90' lang='lat' dir='ltr'>fiat</span> <span class='ocrx_word' id='word_1_99' title='bbox 533 1373 732 1456; x_wconf 83' lang='lat' dir='ltr'>aequiparatio</span> <span class='ocrx_word' id='word_1_100' title='bbox 746 1374 792 1436; x_wconf 92' lang='lat' dir='ltr'>rei</span> <span class='ocrx_word' id='word_1_101' title='bbox 810 1372 980 1454; x_wconf 86' lang='lat' dir='ltr'>spiritualis</span> <span class='ocrx_word' id='word_1_102' title='bbox 996 1391 1068 1435; x_wconf 90' lang='lat' dir='ltr'>cum</span> <span class='ocrx_word' id='word_1_103' title='bbox 1082 1373 1255 1454; x_wconf 85' lang='lat' dir='ltr'>temporali,</span> <span class='ocrx_word' id='word_1_104' title='bbox 1270 1392 1325 1436; x_wconf 87' lang='lat' dir='ltr'>seu</span> <span class='ocrx_word' id='word_1_105' title='bbox 1336 1391 1476 1436; x_wconf 90' lang='lat' dir='ltr'>cammu-</span> 
     </span>
     <span class='ocr_line' id='line_1_13' title="bbox 206 1461 1478 1544; baseline -0.002 -16"><span class='ocrx_word' id='word_1_106' title='bbox 206 1466 281 1530; x_wconf 82' lang='lat' dir='ltr'><em>tatio</em></span> <span class='ocrx_word' id='word_1_107' title='bbox 302 1484 341 1528; x_wconf 80' lang='lat' dir='ltr'>er</span> <span class='ocrx_word' id='word_1_108' title='bbox 361 1463 477 1528; x_wconf 89' lang='lat' dir='ltr'>motivo</span> <span class='ocrx_word' id='word_1_109' title='bbox 495 1462 641 1544; x_wconf 89' lang='lat' dir='ltr'>primario</span> <span class='ocrx_word' id='word_1_110' title='bbox 660 1480 761 1525; x_wconf 90' lang='lat' dir='ltr'>unum</span> <span class='ocrx_word' id='word_1_111' title='bbox 774 1481 828 1543; x_wconf 93' lang='lat' dir='ltr'>pro</span> <span class='ocrx_word' id='word_1_112' title='bbox 845 1462 939 1524; x_wconf 88' lang='lat' dir='ltr'>altero</span> <span class='ocrx_word' id='word_1_113' title='bbox 951 1479 1007 1524; x_wconf 89' lang='lat' dir='ltr'>ceu</span> <span class='ocrx_word' id='word_1_114' title='bbox 1024 1461 1121 1542; x_wconf 89' lang='lat' dir='ltr'>pretio</span> <span class='ocrx_word' id='word_1_115' title='bbox 1138 1467 1192 1524; x_wconf 89' lang='lat' dir='ltr'>aut</span> <span class='ocrx_word' id='word_1_116' title='bbox 1203 1464 1288 1542; x_wconf 87' lang='lat' dir='ltr'>justa</span> <span class='ocrx_word' id='word_1_117' title='bbox 1300 1481 1478 1543; x_wconf 84' lang='lat' dir='ltr'>compensa-</span> 
     </span>
     <span class='ocr_line' id='line_1_14' title="bbox 205 1549 1478 1633; baseline -0.002 -16"><span class='ocrx_word' id='word_1_118' title='bbox 205 1555 288 1618; x_wconf 81' lang='lat' dir='ltr'>tione</span> <span class='ocrx_word' id='word_1_119' title='bbox 301 1553 445 1616; x_wconf 91' lang='lat' dir='ltr'>babendi.</span> <span class='ocrx_word' id='word_1_120' title='bbox 459 1553 548 1630; x_wconf 83' lang='lat' dir='ltr'>Ratio</span> <span class='ocrx_word' id='word_1_121' title='bbox 562 1571 600 1614; x_wconf 84' lang='lat' dir='ltr'>ex</span> <span class='ocrx_word' id='word_1_122' title='bbox 614 1551 681 1633; x_wconf 91' lang='lat' dir='ltr'>ipsa</span> <span class='ocrx_word' id='word_1_123' title='bbox 695 1550 841 1616; x_wconf 75' lang='lat' dir='ltr'>Simonias</span> <span class='ocrx_word' id='word_1_124' title='bbox 852 1549 1029 1614; x_wconf 88' lang='lat' dir='ltr'>delinitione</span> <span class='ocrx_word' id='word_1_125' title='bbox 1047 1557 1150 1630; x_wconf 89' lang='lat' dir='ltr'>aperta</span> <span class='ocrx_word' id='word_1_126' title='bbox 1166 1559 1221 1614; x_wconf 87' lang='lat' dir='ltr'>est.</span> <span class='ocrx_word' id='word_1_127' title='bbox 1243 1551 1321 1616; x_wconf 86' lang='lat' dir='ltr'>Hinc</span> <span class='ocrx_word' id='word_1_128' title='bbox 1335 1551 1362 1614; x_wconf 90' lang='lat' dir='ltr'>si</span> <span class='ocrx_word' id='word_1_129' title='bbox 1381 1551 1478 1614; x_wconf 89' lang='lat' dir='ltr'>inter-</span> 
     </span>
     <span class='ocr_line' id='line_1_15' title="bbox 191 1639 1478 1722; baseline -0.003 -16"><span class='ocrx_word' id='word_1_130' title='bbox 191 1643 309 1708; x_wconf 86' lang='lat' dir='ltr'>.veniat</span> <span class='ocrx_word' id='word_1_131' title='bbox 319 1642 443 1722; x_wconf 86' lang='lat' dir='ltr'>aliquod</span> <span class='ocrx_word' id='word_1_132' title='bbox 454 1641 607 1704; x_wconf 89' lang='lat' dir='ltr'>motivum</span> <span class='ocrx_word' id='word_1_133' title='bbox 618 1640 794 1713; x_wconf 89' lang='lat' dir='ltr'>honesturn,</span> <span class='ocrx_word' id='word_1_134' title='bbox 808 1639 840 1702; x_wconf 91' lang='lat' dir='ltr'>vi</span> <span class='ocrx_word' id='word_1_135' title='bbox 852 1641 939 1720; x_wconf 89' lang='lat' dir='ltr'>cujus</span> <span class='ocrx_word' id='word_1_136' title='bbox 951 1640 1114 1719; x_wconf 86' lang='lat' dir='ltr'>temporale</span> <span class='ocrx_word' id='word_1_137' title='bbox 1126 1646 1157 1702; x_wconf 92' lang='lat' dir='ltr'>et</span> <span class='ocrx_word' id='word_1_138' title='bbox 1168 1639 1306 1702; x_wconf 85' lang='lat' dir='ltr'>vicissim</span> <span class='ocrx_word' id='word_1_139' title='bbox 1316 1639 1478 1720; x_wconf 80' lang='lat' dir='ltr'>spirituale</span> 
     </span>
     <span class='ocr_line' id='line_1_16' title="bbox 206 1728 1476 1810; baseline -0.002 -16"><span class='ocrx_word' id='word_1_140' title='bbox 206 1731 370 1806; x_wconf 84' lang='lat' dir='ltr'>tribuatur,</span> <span class='ocrx_word' id='word_1_141' title='bbox 394 1749 494 1794; x_wconf 90' lang='lat' dir='ltr'>unum</span> <span class='ocrx_word' id='word_1_142' title='bbox 515 1749 577 1792; x_wconf 90' lang='lat' dir='ltr'>non</span> <span class='ocrx_word' id='word_1_143' title='bbox 600 1733 678 1792; x_wconf 89' lang='lat' dir='ltr'>esset</span> <span class='ocrx_word' id='word_1_144' title='bbox 704 1728 837 1810; x_wconf 90' lang='lat' dir='ltr'>amplius</span> <span class='ocrx_word' id='word_1_145' title='bbox 858 1729 983 1790; x_wconf 87' lang='lat' dir='ltr'>alterius</span> <span class='ocrx_word' id='word_1_146' title='bbox 1006 1729 1175 1804; x_wconf 90' lang='lat' dir='ltr'>motivum,</span> <span class='ocrx_word' id='word_1_147' title='bbox 1203 1729 1256 1792; x_wconf 89' lang='lat' dir='ltr'>sed</span> <span class='ocrx_word' id='word_1_148' title='bbox 1281 1729 1383 1792; x_wconf 86' lang='lat' dir='ltr'>solum</span> <span class='ocrx_word' id='word_1_149' title='bbox 1410 1731 1476 1810; x_wconf 85' lang='lat' dir='ltr'>ejus</span> 
     </span>
    </p>

    <p class='ocr_par' dir='ltr' id='par_1_6' title="bbox 183 1816 953 1910">
     <span class='ocr_line' id='line_1_17' title="bbox 183 1816 953 1910; baseline -0.008 -27"><span class='ocrx_word' id='word_1_150' title='bbox 183 1901 185 1910; x_wconf 56' lang='lat'>.</span> <span class='ocrx_word' id='word_1_151' title='bbox 204 1839 295 1884; x_wconf 90' lang='lat' dir='ltr'>causa</span> <span class='ocrx_word' id='word_1_152' title='bbox 308 1819 489 1900; x_wconf 80' lang='lat' dir='ltr'>impulsiva,</span> <span class='ocrx_word' id='word_1_153' title='bbox 507 1837 561 1881; x_wconf 91' lang='lat' dir='ltr'>nec</span> <span class='ocrx_word' id='word_1_154' title='bbox 575 1818 701 1898; x_wconf 84' lang='lat' dir='ltr'>proinde</span> <span class='ocrx_word' id='word_1_155' title='bbox 716 1816 853 1880; x_wconf 88' lang='lat' dir='ltr'>Simonia</span> <span class='ocrx_word' id='word_1_156' title='bbox 866 1816 953 1880; x_wconf 83' lang='lat' dir='ltr'>foret.</span> 
     </span>
    </p>
   </div>
   <div class='ocr_carea' id='block_1_5' title="bbox 244 1904 1603 1988">
    <p class='ocr_par' dir='ltr' id='par_1_7' title="bbox 244 1904 1603 1988">
     <span class='ocr_line' id='line_1_18' title="bbox 244 1904 1603 1988; baseline -0.008 -15"><span class='ocrx_word' id='word_1_157' title='bbox 244 1909 328 1984; x_wconf 75' lang='lat' dir='ltr'>bisi,</span> <span class='ocrx_word' id='word_1_158' title='bbox 347 1915 378 1971; x_wconf 81' lang='lat'>1⁰</span> <span class='ocrx_word' id='word_1_159' title='bbox 392 1906 577 1988; x_wconf 73' lang='lat' dir='ltr'>formaliter,</span> <span class='ocrx_word' id='word_1_160' title='bbox 594 1907 700 1982; x_wconf 88' lang='lat' dir='ltr'>idest,</span> <span class='ocrx_word' id='word_1_161' title='bbox 717 1906 799 1986; x_wconf 91' lang='lat' dir='ltr'>quad</span> <span class='ocrx_word' id='word_1_162' title='bbox 815 1905 927 1968; x_wconf 88' lang='lat' dir='ltr'>directe</span> <span class='ocrx_word' id='word_1_163' title='bbox 941 1905 1011 1986; x_wconf 82' lang='lat' dir='ltr'>qrris</span> <span class='ocrx_word' id='word_1_164' title='bbox 1023 1904 1164 1968; x_wconf 86' lang='lat' dir='ltr'>intendat</span> <span class='ocrx_word' id='word_1_165' title='bbox 1174 1905 1237 1969; x_wconf 90' lang='lat' dir='ltr'>loco</span> <span class='ocrx_word' id='word_1_166' title='bbox 1251 1906 1429 1987; x_wconf 85' lang='lat' dir='ltr'>temporalis</span> <span class='ocrx_word' id='word_1_167' title='bbox 1445 1912 1479 1968; x_wconf 89' lang='lat' dir='ltr'>et</span> <span class='ocrx_word' id='word_1_168' title='bbox 1602 1951 1603 1962; x_wconf 70' lang='grc'>,</span> 
     </span>
    </p>
   </div>
   <div class='ocr_carea' id='block_1_6' title="bbox 193 1997 1478 2432">
    <p class='ocr_par' dir='ltr' id='par_1_8' title="bbox 203 1997 988 2082">
     <span class='ocr_line' id='line_1_19' title="bbox 203 1997 988 2082; baseline -0.008 -18"><span class='ocrx_word' id='word_1_169' title='bbox 203 2009 328 2082; x_wconf 91' lang='lat' dir='ltr'>propter</span> <span class='ocrx_word' id='word_1_170' title='bbox 342 2004 407 2082; x_wconf 88' lang='lat' dir='ltr'>ejus</span> <span class='ocrx_word' id='word_1_171' title='bbox 422 2000 658 2062; x_wconf 72' lang='lat' dir='ltr'>aestimationem</span> <span class='ocrx_word' id='word_1_172' title='bbox 672 1998 805 2078; x_wconf 90' lang='lat' dir='ltr'>accipere</span> <span class='ocrx_word' id='word_1_173' title='bbox 820 1997 988 2078; x_wconf 86' lang='lat' dir='ltr'>spirituale.</span> 
     </span>
    </p>

    <p class='ocr_par' dir='ltr' id='par_1_9' title="bbox 193 2085 1478 2432">
     <span class='ocr_line' id='line_1_20' title="bbox 244 2085 1477 2168; baseline -0.002 -16"><span class='ocrx_word' id='word_1_174' title='bbox 244 2090 329 2166; x_wconf 82' lang='lat' dir='ltr'>Dixi,</span> <span class='ocrx_word' id='word_1_175' title='bbox 345 2094 377 2152; x_wconf 68' lang='lat'>2⁰</span> <span class='ocrx_word' id='word_1_176' title='bbox 397 2088 583 2162; x_wconf 77' lang='lat' dir='ltr'>virtualiter,</span> <span class='ocrx_word' id='word_1_177' title='bbox 603 2089 686 2168; x_wconf 88' lang='lat' dir='ltr'>quod</span> <span class='ocrx_word' id='word_1_178' title='bbox 704 2105 814 2168; x_wconf 86' lang='lat' dir='ltr'>nempe</span> <span class='ocrx_word' id='word_1_179' title='bbox 833 2086 903 2168; x_wconf 92' lang='lat' dir='ltr'>quis</span> <span class='ocrx_word' id='word_1_180' title='bbox 917 2105 972 2167; x_wconf 91' lang='lat' dir='ltr'>per</span> <span class='ocrx_word' id='word_1_181' title='bbox 991 2085 1154 2166; x_wconf 89' lang='lat' dir='ltr'>temporale</span> <span class='ocrx_word' id='word_1_182' title='bbox 1163 2088 1306 2168; x_wconf 79' lang='lat' dir='ltr'>proxime</span> <span class='ocrx_word' id='word_1_183' title='bbox 1325 2095 1356 2152; x_wconf 91' lang='lat' dir='ltr'>et</span> <span class='ocrx_word' id='word_1_184' title='bbox 1375 2089 1477 2150; x_wconf 76' lang='lat' dir='ltr'>inrare-</span> 
     </span>
     <span class='ocr_line' id='line_1_21' title="bbox 193 2174 1478 2257; baseline -0.002 -16"><span class='ocrx_word' id='word_1_185' title='bbox 193 2179 287 2242; x_wconf 83' lang='lat' dir='ltr'>&#39;dicte</span> <span class='ocrx_word' id='word_1_186' title='bbox 298 2178 436 2241; x_wconf 89' lang='lat' dir='ltr'>obtinere</span> <span class='ocrx_word' id='word_1_187' title='bbox 448 2176 521 2240; x_wconf 88' lang='lat' dir='ltr'>velit</span> <span class='ocrx_word' id='word_1_188' title='bbox 533 2176 706 2257; x_wconf 88' lang='lat' dir='ltr'>spirituale,</span> <span class='ocrx_word' id='word_1_189' title='bbox 722 2194 776 2238; x_wconf 90' lang='lat' dir='ltr'>nec</span> <span class='ocrx_word' id='word_1_190' title='bbox 787 2175 871 2238; x_wconf 91' lang='lat' dir='ltr'>aliud</span> <span class='ocrx_word' id='word_1_191' title='bbox 884 2174 1039 2238; x_wconf 84' lang='lat' dir='ltr'>motivum</span> <span class='ocrx_word' id='word_1_192' title='bbox 1051 2192 1160 2236; x_wconf 86' lang='lat' dir='ltr'>verum</span> <span class='ocrx_word' id='word_1_193' title='bbox 1169 2182 1200 2236; x_wconf 88' lang='lat' dir='ltr'>et</span> <span class='ocrx_word' id='word_1_194' title='bbox 1208 2174 1374 2240; x_wconf 91' lang='lat' dir='ltr'>honestum</span> <span class='ocrx_word' id='word_1_195' title='bbox 1383 2177 1478 2240; x_wconf 88' lang='lat' dir='ltr'>inter-</span> 
     </span>
     <span class='ocr_line' id='line_1_22' title="bbox 204 2263 1477 2332; baseline -0.004 1"><span class='ocrx_word' id='word_1_196' title='bbox 204 2268 302 2332; x_wconf 87' lang='lat' dir='ltr'>cedat.</span> <span class='ocrx_word' id='word_1_197' title='bbox 318 2270 354 2329; x_wconf 93' lang='lat' dir='ltr'>In</span> <span class='ocrx_word' id='word_1_198' title='bbox 366 2267 424 2330; x_wconf 91' lang='lat' dir='ltr'>bac</span> <span class='ocrx_word' id='word_1_199' title='bbox 438 2265 521 2328; x_wconf 89' lang='lat' dir='ltr'>enirn</span> <span class='ocrx_word' id='word_1_200' title='bbox 534 2265 692 2328; x_wconf 87' lang='lat' dir='ltr'>voluntate</span> <span class='ocrx_word' id='word_1_201' title='bbox 705 2264 879 2326; x_wconf 86' lang='lat' dir='ltr'>virtualiter</span> <span class='ocrx_word' id='word_1_202' title='bbox 893 2263 1063 2326; x_wconf 82' lang='lat' dir='ltr'>includitur</span> <span class='ocrx_word' id='word_1_203' title='bbox 1076 2263 1207 2326; x_wconf 89' lang='lat' dir='ltr'>intentio</span> <span class='ocrx_word' id='word_1_204' title='bbox 1222 2283 1323 2327; x_wconf 89' lang='lat' dir='ltr'>unum</span> <span class='ocrx_word' id='word_1_205' title='bbox 1335 2284 1405 2328; x_wconf 88' lang='lat' dir='ltr'>aum</span> <span class='ocrx_word' id='word_1_206' title='bbox 1415 2265 1477 2328; x_wconf 77' lang='lat' dir='ltr'>ulio</span> 
     </span>
     <span class='ocr_line' id='line_1_23' title="bbox 206 2354 766 2432; baseline -0.013 -12"><span class='ocrx_word' id='word_1_207' title='bbox 206 2355 429 2420; x_wconf 82' lang='lat' dir='ltr'>commutandi.</span> <span class='ocrx_word' id='word_1_208' title='bbox 446 2391 486 2400; x_wconf 90' lang='lat'><em>-</em></span> <span class='ocrx_word' id='word_1_209' title='bbox 500 2357 546 2416; x_wconf 90' lang='lat' dir='ltr'>Ita</span> <span class='ocrx_word' id='word_1_210' title='bbox 560 2354 691 2432; x_wconf 80' lang='lat' dir='ltr'>Snarez,</span> <span class='ocrx_word' id='word_1_211' title='bbox 709 2359 766 2416; x_wconf 90' lang='lat' dir='ltr'>otc.</span> 
     </span>
    </p>
   </div>
   <div class='ocr_carea' id='block_1_7' title="bbox 246 2431 1604 2523">
    <p class='ocr_par' dir='ltr' id='par_1_10' title="bbox 246 2431 1604 2523">
     <span class='ocr_line' id='line_1_24' title="bbox 246 2431 1604 2523; baseline -0.004 -14"><span class='ocrx_word' id='word_1_212' title='bbox 246 2447 283 2510; x_wconf 91' lang='lat' dir='ltr'>ll.</span> <span class='ocrx_word' id='word_1_213' title='bbox 305 2445 389 2508; x_wconf 85' lang='lat' dir='ltr'>Licet</span> <span class='ocrx_word' id='word_1_214' title='bbox 408 2445 480 2506; x_wconf 89' lang='lat' dir='ltr'>dare</span> <span class='ocrx_word' id='word_1_215' title='bbox 498 2461 551 2523; x_wconf 94' lang='lat' dir='ltr'>pro</span> <span class='ocrx_word' id='word_1_216' title='bbox 570 2442 667 2523; x_wconf 90' lang='lat' dir='ltr'>pretio</span> <span class='ocrx_word' id='word_1_217' title='bbox 687 2439 847 2521; x_wconf 90' lang='lat' dir='ltr'>temporali</span> <span class='ocrx_word' id='word_1_218' title='bbox 865 2441 1020 2504; x_wconf 84' lang='lat' dir='ltr'>adnexum</span> <span class='ocrx_word' id='word_1_219' title='bbox 1042 2439 1198 2520; x_wconf 87' lang='lat' dir='ltr'>spirituali</span> <span class='ocrx_word' id='word_1_220' title='bbox 1220 2442 1428 2504; x_wconf 71' lang='lat' dir='ltr'>concedenter</span> <span class='ocrx_word' id='word_1_221' title='bbox 1445 2451 1479 2505; x_wconf 83' lang='lat' dir='ltr'>ct</span> <span class='ocrx_word' id='word_1_222' title='bbox 1603 2431 1604 2466; x_wconf 58' lang='lat'>³</span> 
     </span>
    </p>
   </div>
   <div class='ocr_carea' id='block_1_8' title="bbox 207 2528 1480 2880">
    <p class='ocr_par' dir='ltr' id='par_1_11' title="bbox 207 2528 1480 2792">
     <span class='ocr_line' id='line_1_25' title="bbox 207 2528 1480 2610; baseline -0.003 -12"><span class='ocrx_word' id='word_1_223' title='bbox 207 2538 442 2598; x_wconf 69' lang='lat' dir='ltr'>concomitante</span> <span class='ocrx_word' id='word_1_224' title='bbox 453 2535 634 2606; x_wconf 73' lang='lat' dir='ltr'>extrinsece,</span> <span class='ocrx_word' id='word_1_225' title='bbox 649 2531 738 2593; x_wconf 91' lang='lat' dir='ltr'>modo</span> <span class='ocrx_word' id='word_1_226' title='bbox 752 2529 888 2610; x_wconf 90' lang='lat' dir='ltr'>pretium</span> <span class='ocrx_word' id='word_1_227' title='bbox 900 2529 938 2592; x_wconf 94' lang='lat' dir='ltr'>ob</span> <span class='ocrx_word' id='word_1_228' title='bbox 953 2528 1111 2610; x_wconf 87' lang='lat' dir='ltr'>spirituale</span> <span class='ocrx_word' id='word_1_229' title='bbox 1122 2530 1276 2592; x_wconf 82' lang='lat' dir='ltr'>adnexum</span> <span class='ocrx_word' id='word_1_230' title='bbox 1291 2549 1352 2592; x_wconf 91' lang='lat' dir='ltr'>non</span> <span class='ocrx_word' id='word_1_231' title='bbox 1364 2549 1480 2610; x_wconf 72' lang='lat' dir='ltr'>aragau-</span> 
     </span>
     <span class='ocr_line' id='line_1_26' title="bbox 210 2618 1480 2700; baseline -0.004 -13"><span class='ocrx_word' id='word_1_232' title='bbox 210 2631 270 2687; x_wconf 89' lang='lat' dir='ltr'>tur.</span> <span class='ocrx_word' id='word_1_233' title='bbox 287 2623 468 2688; x_wconf 89' lang='lat' dir='ltr'>Nullatenus</span> <span class='ocrx_word' id='word_1_234' title='bbox 478 2639 548 2684; x_wconf 89' lang='lat' dir='ltr'>vero</span> <span class='ocrx_word' id='word_1_235' title='bbox 559 2619 630 2682; x_wconf 92' lang='lat' dir='ltr'>licet</span> <span class='ocrx_word' id='word_1_236' title='bbox 644 2621 715 2682; x_wconf 89' lang='lat' dir='ltr'>dare</span> <span class='ocrx_word' id='word_1_237' title='bbox 729 2637 783 2700; x_wconf 91' lang='lat' dir='ltr'>pro</span> <span class='ocrx_word' id='word_1_238' title='bbox 797 2619 895 2700; x_wconf 91' lang='lat' dir='ltr'>pretio</span> <span class='ocrx_word' id='word_1_239' title='bbox 907 2620 1064 2681; x_wconf 83' lang='lat' dir='ltr'>adnexum</span> <span class='ocrx_word' id='word_1_240' title='bbox 1076 2618 1231 2698; x_wconf 84' lang='lat' dir='ltr'>spirituali</span> <span class='ocrx_word' id='word_1_241' title='bbox 1245 2623 1480 2682; x_wconf 80' lang='lat' dir='ltr'>concanicaatcr</span> 
     </span>
     <span class='ocr_line' id='line_1_27' title="bbox 207 2707 1242 2792; baseline -0.004 -18"><span class='ocrx_word' id='word_1_242' title='bbox 207 2711 381 2782; x_wconf 87' lang='lat' dir='ltr'>intrinsece,</span> <span class='ocrx_word' id='word_1_243' title='bbox 397 2729 451 2773; x_wconf 90' lang='lat' dir='ltr'>seu</span> <span class='ocrx_word' id='word_1_244' title='bbox 465 2709 721 2792; x_wconf 79' lang='lat' dir='ltr'>inseparabiliter,</span> <span class='ocrx_word' id='word_1_245' title='bbox 738 2725 835 2787; x_wconf 88' lang='lat' dir='ltr'>neque</span> <span class='ocrx_word' id='word_1_246' title='bbox 850 2707 1004 2770; x_wconf 86' lang='lat' dir='ltr'>adnexum</span> <span class='ocrx_word' id='word_1_247' title='bbox 1017 2718 1242 2788; x_wconf 79' lang='lat' dir='ltr'>consequenter.</span> 
     </span>
    </p>

    <p class='ocr_par' dir='ltr' id='par_1_12' title="bbox 250 2794 1479 2880">
     <span class='ocr_line' id='line_1_28' title="bbox 250 2794 1479 2880; baseline -0.002 -18"><span class='ocrx_word' id='word_1_248' title='bbox 250 2800 337 2862; x_wconf 82' lang='lat' dir='ltr'>Ratio</span> <span class='ocrx_word' id='word_1_249' title='bbox 353 2805 410 2874; x_wconf 65' lang='lat'>1¹³¹,</span> <span class='ocrx_word' id='word_1_250' title='bbox 428 2799 501 2880; x_wconf 87' lang='lat' dir='ltr'>quia</span> <span class='ocrx_word' id='word_1_251' title='bbox 516 2817 563 2860; x_wconf 91' lang='lat' dir='ltr'>res</span> <span class='ocrx_word' id='word_1_252' title='bbox 577 2803 608 2860; x_wconf 93' lang='lat' dir='ltr'>et</span> <span class='ocrx_word' id='word_1_253' title='bbox 621 2797 705 2860; x_wconf 90' lang='lat' dir='ltr'>labor</span> <span class='ocrx_word' id='word_1_254' title='bbox 723 2794 851 2859; x_wconf 88' lang='lat' dir='ltr'>actionis</span> <span class='ocrx_word' id='word_1_255' title='bbox 870 2802 946 2858; x_wconf 90' lang='lat' dir='ltr'>sunt</span> <span class='ocrx_word' id='word_1_256' title='bbox 962 2813 1032 2858; x_wconf 87' lang='lat' dir='ltr'>vere</span> <span class='ocrx_word' id='word_1_257' title='bbox 1050 2795 1085 2858; x_wconf 90' lang='lat' dir='ltr'>in</span> <span class='ocrx_word' id='word_1_258' title='bbox 1102 2815 1134 2858; x_wconf 87' lang='lat' dir='ltr'>se</span> <span class='ocrx_word' id='word_1_259' title='bbox 1154 2797 1251 2876; x_wconf 92' lang='lat' dir='ltr'>pretio</span> <span class='ocrx_word' id='word_1_260' title='bbox 1270 2796 1479 2862; x_wconf 73' lang='lat' dir='ltr'>aestimabiles.</span> 
     </span>
    </p>
   </div>
   <div class='ocr_carea' id='block_1_9' title="bbox 211 2883 1605 2968">
    <p class='ocr_par' dir='ltr' id='par_1_13' title="bbox 211 2883 1605 2968">
     <span class='ocr_line' id='line_1_29' title="bbox 211 2883 1605 2968; baseline 0.001 -18"><span class='ocrx_word' id='word_1_261' title='bbox 211 2887 391 2950; x_wconf 89' lang='lat' dir='ltr'>Prohibetur</span> <span class='ocrx_word' id='word_1_262' title='bbox 406 2895 508 2950; x_wconf 74' lang='lat' dir='ltr'>minen</span> <span class='ocrx_word' id='word_1_263' title='bbox 523 2889 597 2950; x_wconf 86' lang='lat' dir='ltr'>lure</span> <span class='ocrx_word' id='word_1_264' title='bbox 612 2885 754 2948; x_wconf 83' lang='lat' dir='ltr'>canonico</span> <span class='ocrx_word' id='word_1_265' title='bbox 769 2883 905 2947; x_wconf 89' lang='lat' dir='ltr'>venditio</span> <span class='ocrx_word' id='word_1_266' title='bbox 924 2883 1053 2948; x_wconf 87' lang='lat' dir='ltr'>balsami</span> <span class='ocrx_word' id='word_1_267' title='bbox 1071 2885 1153 2964; x_wconf 86' lang='lat' dir='ltr'>quod</span> <span class='ocrx_word' id='word_1_268' title='bbox 1167 2885 1201 2948; x_wconf 91' lang='lat' dir='ltr'>in</span> <span class='ocrx_word' id='word_1_269' title='bbox 1217 2885 1388 2950; x_wconf 84' lang='lat' dir='ltr'>Chrismale</span> <span class='ocrx_word' id='word_1_270' title='bbox 1408 2905 1481 2950; x_wconf 86' lang='lat' dir='ltr'>can-</span> <span class='ocrx_word' id='word_1_271' title='bbox 1604 2965 1605 2968; x_wconf 8' lang='grc' dir='ltr'><strong>Ἴ</strong></span> 
     </span>
    </p>
   </div>
   <div class='ocr_carea' id='block_1_10' title="bbox 193 2972 1489 4564">
    <p class='ocr_par' dir='ltr' id='par_1_14' title="bbox 211 2972 1484 3144">
     <span class='ocr_line' id='line_1_30' title="bbox 211 2972 1484 3057; baseline 0.002 -19"><span class='ocrx_word' id='word_1_272' title='bbox 211 2975 339 3050; x_wconf 84' lang='lat' dir='ltr'>linatur,</span> <span class='ocrx_word' id='word_1_273' title='bbox 352 2974 422 3038; x_wconf 85' lang='lat' dir='ltr'>lieet</span> <span class='ocrx_word' id='word_1_274' title='bbox 436 2974 655 3038; x_wconf 82' lang='lat' dir='ltr'>consecrationi</span> <span class='ocrx_word' id='word_1_275' title='bbox 666 2972 856 3054; x_wconf 70' lang='lat' dir='ltr'>praemetet,</span> <span class='ocrx_word' id='word_1_276' title='bbox 871 2972 962 3053; x_wconf 90' lang='lat' dir='ltr'>quia,</span> <span class='ocrx_word' id='word_1_277' title='bbox 978 2991 1049 3036; x_wconf 90' lang='lat' dir='ltr'>cnm</span> <span class='ocrx_word' id='word_1_278' title='bbox 1064 2973 1106 3035; x_wconf 90' lang='lat' dir='ltr'>sit</span> <span class='ocrx_word' id='word_1_279' title='bbox 1113 2973 1228 3036; x_wconf 88' lang='lat' dir='ltr'>modici</span> <span class='ocrx_word' id='word_1_280' title='bbox 1236 2975 1347 3054; x_wconf 88' lang='lat' dir='ltr'>pretii,</span> <span class='ocrx_word' id='word_1_281' title='bbox 1360 2975 1484 3057; x_wconf 79' lang='lat' dir='ltr'>Episco-</span> 
     </span>
     <span class='ocr_line' id='line_1_31' title="bbox 211 3062 1108 3144; baseline -0.004 -18"><span class='ocrx_word' id='word_1_282' title='bbox 211 3081 269 3143; x_wconf 91' lang='lat' dir='ltr'>pus</span> <span class='ocrx_word' id='word_1_283' title='bbox 282 3064 411 3126; x_wconf 86' lang='lat' dir='ltr'>vendere</span> <span class='ocrx_word' id='word_1_284' title='bbox 425 3065 620 3126; x_wconf 86' lang='lat' dir='ltr'>Sacramenta</span> <span class='ocrx_word' id='word_1_285' title='bbox 635 3063 799 3125; x_wconf 85' lang='lat' dir='ltr'>videretur.</span> <span class='ocrx_word' id='word_1_286' title='bbox 813 3095 855 3108; x_wconf 90' lang='lat'><em>-</em></span> <span class='ocrx_word' id='word_1_287' title='bbox 868 3062 904 3124; x_wconf 82' lang='lat' dir='ltr'>S.</span> <span class='ocrx_word' id='word_1_288' title='bbox 923 3063 994 3144; x_wconf 76' lang='lat' dir='ltr'>Lip.</span> <span class='ocrx_word' id='word_1_289' title='bbox 1011 3083 1042 3124; x_wconf 85' lang='lat' dir='ltr'>a.</span> <span class='ocrx_word' id='word_1_290' title='bbox 1059 3067 1108 3125; x_wconf 73' lang='lat' dir='ltr'>ti.</span> 
     </span>
    </p>

    <p class='ocr_par' dir='ltr' id='par_1_15' title="bbox 212 3149 1485 3499">
     <span class='ocr_line' id='line_1_32' title="bbox 251 3149 1484 3233; baseline 0.002 -19"><span class='ocrx_word' id='word_1_291' title='bbox 251 3150 459 3214; x_wconf 90' lang='lat' dir='ltr'>Nihilominus</span> <span class='ocrx_word' id='word_1_292' title='bbox 475 3152 575 3233; x_wconf 79' lang='lat' dir='ltr'>queam</span> <span class='ocrx_word' id='word_1_293' title='bbox 591 3151 691 3214; x_wconf 88' lang='lat' dir='ltr'>oleum</span> <span class='ocrx_word' id='word_1_294' title='bbox 710 3149 906 3212; x_wconf 89' lang='lat' dir='ltr'>benedictum</span> <span class='ocrx_word' id='word_1_295' title='bbox 920 3151 967 3214; x_wconf 89' lang='lat' dir='ltr'>vel</span> <span class='ocrx_word' id='word_1_296' title='bbox 985 3169 1107 3214; x_wconf 87' lang='lat' dir='ltr'>sacrum</span> <span class='ocrx_word' id='word_1_297' title='bbox 1120 3151 1277 3228; x_wconf 83' lang='lat' dir='ltr'>Gbrisma,</span> <span class='ocrx_word' id='word_1_298' title='bbox 1291 3151 1414 3216; x_wconf 77' lang='lat' dir='ltr'>Scavim</span> <span class='ocrx_word' id='word_1_299' title='bbox 1426 3153 1484 3216; x_wconf 90' lang='lat' dir='ltr'>ad-</span> 
     </span>
     <span class='ocr_line' id='line_1_33' title="bbox 212 3239 1482 3322; baseline 0.002 -18"><span class='ocrx_word' id='word_1_300' title='bbox 212 3240 325 3304; x_wconf 87' lang='lat' dir='ltr'>vertit:</span> <span class='ocrx_word' id='word_1_301' title='bbox 339 3243 436 3304; x_wconf 88' lang='lat' dir='ltr'>Usum</span> <span class='ocrx_word' id='word_1_302' title='bbox 455 3239 489 3302; x_wconf 91' lang='lat' dir='ltr'>in</span> <span class='ocrx_word' id='word_1_303' title='bbox 504 3239 658 3320; x_wconf 86' lang='lat' dir='ltr'>aliquibus</span> <span class='ocrx_word' id='word_1_304' title='bbox 673 3239 813 3302; x_wconf 80' lang='lat' dir='ltr'>Ecclesiis</span> <span class='ocrx_word' id='word_1_305' title='bbox 827 3239 1051 3303; x_wconf 84' lang='lat' dir='ltr'>cathedralibus</span> <span class='ocrx_word' id='word_1_306' title='bbox 1066 3240 1247 3316; x_wconf 85' lang='lat' dir='ltr'>invaluisse,</span> <span class='ocrx_word' id='word_1_307' title='bbox 1261 3247 1298 3304; x_wconf 90' lang='lat' dir='ltr'>nt</span> <span class='ocrx_word' id='word_1_308' title='bbox 1310 3241 1428 3322; x_wconf 79' lang='lat' dir='ltr'>aliquid</span> <span class='ocrx_word' id='word_1_309' title='bbox 1442 3243 1482 3306; x_wconf 89' lang='lat' dir='ltr'>ab</span> 
     </span>
     <span class='ocr_line' id='line_1_34' title="bbox 213 3327 1485 3411; baseline 0.001 -18"><span class='ocrx_word' id='word_1_310' title='bbox 213 3328 353 3393; x_wconf 88' lang='lat' dir='ltr'>Ecclesiis</span> <span class='ocrx_word' id='word_1_311' title='bbox 373 3328 610 3409; x_wconf 81' lang='lat' dir='ltr'>partimdaribus</span> <span class='ocrx_word' id='word_1_312' title='bbox 626 3328 794 3408; x_wconf 79' lang='lat' dir='ltr'>arripiatur</span> <span class='ocrx_word' id='word_1_313' title='bbox 811 3347 866 3408; x_wconf 93' lang='lat' dir='ltr'>pro</span> <span class='ocrx_word' id='word_1_314' title='bbox 889 3327 1121 3409; x_wconf 78' lang='lat' dir='ltr'>compensandis</span> <span class='ocrx_word' id='word_1_315' title='bbox 1139 3331 1319 3411; x_wconf 85' lang='lat' dir='ltr'>sumptibus</span> <span class='ocrx_word' id='word_1_316' title='bbox 1339 3330 1426 3394; x_wconf 82' lang='lat' dir='ltr'>factis</span> <span class='ocrx_word' id='word_1_317' title='bbox 1446 3331 1485 3394; x_wconf 88' lang='lat' dir='ltr'>in</span> 
     </span>
     <span class='ocr_line' id='line_1_35' title="bbox 212 3417 566 3499; baseline -0.006 -19"><span class='ocrx_word' id='word_1_318' title='bbox 212 3417 342 3480; x_wconf 89' lang='lat' dir='ltr'>materia</span> <span class='ocrx_word' id='word_1_319' title='bbox 355 3419 566 3499; x_wconf 87' lang='lat' dir='ltr'>comparanda.</span> 
     </span>
    </p>

    <p class='ocr_par' dir='ltr' id='par_1_16' title="bbox 212 3505 1489 4032">
     <span class='ocr_line' id='line_1_36' title="bbox 251 3505 1487 3590; baseline -0.001 -18"><span class='ocrx_word' id='word_1_320' title='bbox 251 3506 340 3572; x_wconf 84' lang='lat' dir='ltr'>Ratio</span> <span class='ocrx_word' id='word_1_321' title='bbox 352 3511 463 3580; x_wconf 69' lang='lat' dir='ltr'>erest,</span> <span class='ocrx_word' id='word_1_322' title='bbox 477 3506 550 3585; x_wconf 87' lang='lat' dir='ltr'>qaia</span> <span class='ocrx_word' id='word_1_323' title='bbox 561 3507 643 3586; x_wconf 88' lang='lat' dir='ltr'>qaod</span> <span class='ocrx_word' id='word_1_324' title='bbox 656 3511 703 3569; x_wconf 87' lang='lat' dir='ltr'>cst</span> <span class='ocrx_word' id='word_1_325' title='bbox 714 3505 879 3569; x_wconf 87' lang='lat' dir='ltr'>intrinsece</span> <span class='ocrx_word' id='word_1_326' title='bbox 888 3507 1043 3570; x_wconf 81' lang='lat' dir='ltr'>adnexum</span> <span class='ocrx_word' id='word_1_327' title='bbox 1054 3507 1220 3588; x_wconf 84' lang='lat' dir='ltr'>spirituali,</span> <span class='ocrx_word' id='word_1_328' title='bbox 1232 3509 1270 3571; x_wconf 85' lang='lat' dir='ltr'>ab</span> <span class='ocrx_word' id='word_1_329' title='bbox 1279 3508 1348 3590; x_wconf 90' lang='lat' dir='ltr'>ipso</span> <span class='ocrx_word' id='word_1_330' title='bbox 1360 3508 1487 3588; x_wconf 84' lang='lat' dir='ltr'>insepa-</span> 
     </span>
     <span class='ocr_line' id='line_1_37' title="bbox 213 3595 1486 3675; baseline 0.005 -19"><span class='ocrx_word' id='word_1_331' title='bbox 213 3595 306 3658; x_wconf 89' lang='lat' dir='ltr'>rabile</span> <span class='ocrx_word' id='word_1_332' title='bbox 320 3602 380 3670; x_wconf 89' lang='lat' dir='ltr'>est,</span> <span class='ocrx_word' id='word_1_333' title='bbox 397 3596 479 3657; x_wconf 90' lang='lat' dir='ltr'>unde</span> <span class='ocrx_word' id='word_1_334' title='bbox 491 3613 538 3656; x_wconf 91' lang='lat' dir='ltr'>res</span> <span class='ocrx_word' id='word_1_335' title='bbox 549 3595 616 3675; x_wconf 90' lang='lat' dir='ltr'>ipsa</span> <span class='ocrx_word' id='word_1_336' title='bbox 630 3595 677 3658; x_wconf 89' lang='lat' dir='ltr'>vel</span> <span class='ocrx_word' id='word_1_337' title='bbox 691 3595 769 3658; x_wconf 86' lang='lat' dir='ltr'>actio</span> <span class='ocrx_word' id='word_1_338' title='bbox 781 3595 872 3657; x_wconf 89' lang='lat' dir='ltr'>vendi</span> <span class='ocrx_word' id='word_1_339' title='bbox 884 3602 1067 3658; x_wconf 76' lang='lat' dir='ltr'>moreretur.</span> <span class='ocrx_word' id='word_1_340' title='bbox 1081 3599 1229 3660; x_wconf 82' lang='lat' dir='ltr'>Attamen</span> <span class='ocrx_word' id='word_1_341' title='bbox 1240 3597 1350 3670; x_wconf 89' lang='lat' dir='ltr'>etiam,</span> <span class='ocrx_word' id='word_1_342' title='bbox 1368 3598 1486 3662; x_wconf 78' lang='lat' dir='ltr'>sealrrso</span> 
     </span>
     <span class='ocr_line' id='line_1_38' title="bbox 212 3683 1485 3766; baseline 0.005 -22"><span class='ocrx_word' id='word_1_343' title='bbox 212 3683 312 3748; x_wconf 89' lang='lat' dir='ltr'>labore</span> <span class='ocrx_word' id='word_1_344' title='bbox 332 3683 516 3758; x_wconf 82' lang='lat' dir='ltr'>extrinseco,</span> <span class='ocrx_word' id='word_1_345' title='bbox 536 3683 617 3746; x_wconf 88' lang='lat' dir='ltr'>licite</span> <span class='ocrx_word' id='word_1_346' title='bbox 638 3683 755 3764; x_wconf 91' lang='lat' dir='ltr'>aliquid</span> <span class='ocrx_word' id='word_1_347' title='bbox 771 3701 826 3764; x_wconf 93' lang='lat' dir='ltr'>pro</span> <span class='ocrx_word' id='word_1_348' title='bbox 845 3683 1019 3747; x_wconf 90' lang='lat' dir='ltr'>ministerio</span> <span class='ocrx_word' id='word_1_349' title='bbox 1035 3703 1118 3748; x_wconf 89' lang='lat' dir='ltr'>sacro</span> <span class='ocrx_word' id='word_1_350' title='bbox 1136 3685 1231 3766; x_wconf 85' lang='lat' dir='ltr'>accipi</span> <span class='ocrx_word' id='word_1_351' title='bbox 1246 3691 1344 3766; x_wconf 84' lang='lat' dir='ltr'>polest</span> <span class='ocrx_word' id='word_1_352' title='bbox 1361 3685 1485 3750; x_wconf 66' lang='lat' dir='ltr'>radone</span> 
     </span>
     <span class='ocr_line' id='line_1_39' title="bbox 213 3771 1486 3853; baseline 0.003 -19"><span class='ocrx_word' id='word_1_353' title='bbox 213 3771 371 3853; x_wconf 86' lang='lat' dir='ltr'>stipendii,</span> <span class='ocrx_word' id='word_1_354' title='bbox 390 3791 444 3834; x_wconf 91' lang='lat' dir='ltr'>seu</span> <span class='ocrx_word' id='word_1_355' title='bbox 459 3772 706 3846; x_wconf 87' lang='lat' dir='ltr'>sustentationis,</span> <span class='ocrx_word' id='word_1_356' title='bbox 726 3777 761 3834; x_wconf 89' lang='lat' dir='ltr'>ut</span> <span class='ocrx_word' id='word_1_357' title='bbox 779 3791 816 3834; x_wconf 83' lang='lat' dir='ltr'>ex</span> <span class='ocrx_word' id='word_1_358' title='bbox 833 3772 921 3853; x_wconf 82' lang='lat' dir='ltr'>praxi</span> <span class='ocrx_word' id='word_1_359' title='bbox 943 3773 1081 3836; x_wconf 70' lang='lat' dir='ltr'>lindesie</span> <span class='ocrx_word' id='word_1_360' title='bbox 1101 3781 1229 3836; x_wconf 88' lang='lat' dir='ltr'>constat.</span> <span class='ocrx_word' id='word_1_361' title='bbox 1246 3775 1384 3838; x_wconf 90' lang='lat' dir='ltr'>Postulat</span> <span class='ocrx_word' id='word_1_362' title='bbox 1396 3773 1486 3838; x_wconf 86' lang='lat' dir='ltr'>enim</span> 
     </span>
     <span class='ocr_line' id='line_1_40' title="bbox 212 3860 1489 3944; baseline 0.002 -20"><span class='ocrx_word' id='word_1_363' title='bbox 212 3861 341 3942; x_wconf 77' lang='lat' dir='ltr'>aequitm</span> <span class='ocrx_word' id='word_1_364' title='bbox 351 3860 564 3935; x_wconf 87' lang='lat' dir='ltr'>naturalis,ut</span> <span class='ocrx_word' id='word_1_365' title='bbox 574 3861 704 3926; x_wconf 87' lang='lat' dir='ltr'>honesta</span> <span class='ocrx_word' id='word_1_366' title='bbox 713 3861 896 3923; x_wconf 86' lang='lat' dir='ltr'>sustentatio</span> <span class='ocrx_word' id='word_1_367' title='bbox 905 3863 1088 3924; x_wconf 88' lang='lat' dir='ltr'>concedatur</span> <span class='ocrx_word' id='word_1_368' title='bbox 1100 3861 1139 3925; x_wconf 93' lang='lat' dir='ltr'>iis</span> <span class='ocrx_word' id='word_1_369' title='bbox 1150 3863 1204 3944; x_wconf 89' lang='lat' dir='ltr'>qui</span> <span class='ocrx_word' id='word_1_370' title='bbox 1214 3862 1344 3926; x_wconf 90' lang='lat' dir='ltr'>aliorum</span> <span class='ocrx_word' id='word_1_371' title='bbox 1354 3863 1489 3928; x_wconf 75' lang='lat' dir='ltr'>utilitati</span> 
     </span>
     <span class='ocr_line' id='line_1_41' title="bbox 213 3949 1489 4032; baseline 0.002 -20"><span class='ocrx_word' id='word_1_372' title='bbox 213 3956 331 4012; x_wconf 86' lang='lat' dir='ltr'>vacant.</span> <span class='ocrx_word' id='word_1_373' title='bbox 348 3949 426 4013; x_wconf 86' lang='lat' dir='ltr'>Hinc</span> <span class='ocrx_word' id='word_1_374' title='bbox 437 3949 591 4024; x_wconf 85' lang='lat' dir='ltr'>Christus,</span> <span class='ocrx_word' id='word_1_375' title='bbox 608 3951 683 4012; x_wconf 89' lang='lat' dir='ltr'>Luc.</span> <span class='ocrx_word' id='word_1_376' title='bbox 699 3968 735 4022; x_wconf 82' lang='lat' dir='ltr'>x,</span> <span class='ocrx_word' id='word_1_377' title='bbox 752 3949 926 4031; x_wconf 68' lang='lat' dir='ltr'>rzbtpaus</span> <span class='ocrx_word' id='word_1_378' title='bbox 939 3960 983 4012; x_wconf 87' lang='lat' dir='ltr'>est</span> <span class='ocrx_word' id='word_1_379' title='bbox 995 3953 1149 4032; x_wconf 81' lang='lat' dir='ltr'>operarias</span> <span class='ocrx_word' id='word_1_380' title='bbox 1162 3953 1296 4014; x_wconf 79' lang='lat' dir='ltr'>mercede</span> <span class='ocrx_word' id='word_1_381' title='bbox 1308 3971 1378 4016; x_wconf 79' lang='lat' dir='ltr'>aaa.</span> <span class='ocrx_word' id='word_1_382' title='bbox 1390 3987 1430 3998; x_wconf 91' lang='lat'>—</span> <span class='ocrx_word' id='word_1_383' title='bbox 1442 3953 1489 4014; x_wconf 86' lang='lat' dir='ltr'>Et</span> 
     </span>
    </p>

    <p class='ocr_par' dir='ltr' id='par_1_17' title="bbox 193 4038 1489 4301">
     <span class='ocr_line' id='line_1_42' title="bbox 193 4038 1485 4124; baseline 0.005 -27"><span class='ocrx_word' id='word_1_384' title='bbox 193 4089 196 4096; x_wconf 95' lang='lat'>.</span> <span class='ocrx_word' id='word_1_385' title='bbox 210 4039 387 4117; x_wconf 77' lang='lat' dir='ltr'>Apostolus,</span> <span class='ocrx_word' id='word_1_386' title='bbox 403 4041 416 4100; x_wconf 93' lang='grc' dir='ltr'>Ι</span> <span class='ocrx_word' id='word_1_387' title='bbox 430 4042 496 4102; x_wconf 87' lang='lat' dir='ltr'>Cor.</span> <span class='ocrx_word' id='word_1_388' title='bbox 513 4057 562 4113; x_wconf 83' lang='lat' dir='ltr'>rx,</span> <span class='ocrx_word' id='word_1_389' title='bbox 578 4043 615 4102; x_wconf 75' lang='lat'>13</span> <span class='ocrx_word' id='word_1_390' title='bbox 631 4058 637 4098; x_wconf 94' lang='lat'>:</span> <span class='ocrx_word' id='word_1_391' title='bbox 654 4038 783 4100; x_wconf 82' lang='lat' dir='ltr'>Nescitis</span> <span class='ocrx_word' id='word_1_392' title='bbox 797 4042 939 4120; x_wconf 80' lang='lat' dir='ltr'>qnoniam</span> <span class='ocrx_word' id='word_1_393' title='bbox 953 4042 1008 4122; x_wconf 82' lang='lat' dir='ltr'>qni</span> <span class='ocrx_word' id='word_1_394' title='bbox 1026 4041 1057 4100; x_wconf 86' lang='lat' dir='ltr'>in</span> <span class='ocrx_word' id='word_1_395' title='bbox 1068 4043 1202 4103; x_wconf 88' lang='lat' dir='ltr'>sacrario</span> <span class='ocrx_word' id='word_1_396' title='bbox 1219 4051 1392 4124; x_wconf 83' lang='lat' dir='ltr'>operantur,</span> <span class='ocrx_word' id='word_1_397' title='bbox 1412 4060 1485 4122; x_wconf 70' lang='lat' dir='ltr'>quse</span> 
     </span>
     <span class='ocr_line' id='line_1_43' title="bbox 212 4124 1489 4212; baseline 0.005 -26"><span class='ocrx_word' id='word_1_398' title='bbox 212 4124 248 4186; x_wconf 87' lang='lat' dir='ltr'>de</span> <span class='ocrx_word' id='word_1_399' title='bbox 260 4129 395 4187; x_wconf 83' lang='lat' dir='ltr'>sacrario</span> <span class='ocrx_word' id='word_1_400' title='bbox 405 4137 476 4188; x_wconf 84' lang='lat' dir='ltr'>cant</span> <span class='ocrx_word' id='word_1_401' title='bbox 486 4126 593 4206; x_wconf 83' lang='lat' dir='ltr'>edant,</span> <span class='ocrx_word' id='word_1_402' title='bbox 609 4137 638 4189; x_wconf 91' lang='lat' dir='ltr'>et</span> <span class='ocrx_word' id='word_1_403' title='bbox 651 4129 707 4208; x_wconf 85' lang='lat' dir='ltr'>qai</span> <span class='ocrx_word' id='word_1_404' title='bbox 717 4126 813 4187; x_wconf 88' lang='lat' dir='ltr'>altari</span> <span class='ocrx_word' id='word_1_405' title='bbox 826 4127 1011 4206; x_wconf 81' lang='lat' dir='ltr'>deserviant,</span> <span class='ocrx_word' id='word_1_406' title='bbox 1028 4150 1095 4192; x_wconf 87' lang='lat' dir='ltr'>cnm</span> <span class='ocrx_word' id='word_1_407' title='bbox 1107 4129 1201 4192; x_wconf 86' lang='lat' dir='ltr'>altari</span> <span class='ocrx_word' id='word_1_408' title='bbox 1211 4129 1489 4212; x_wconf 71' lang='lat' dir='ltr'>participanttlta</span> 
     </span>
     <span class='ocr_line' id='line_1_44' title="bbox 211 4215 1484 4301; baseline 0.005 -27"><span class='ocrx_word' id='word_1_409' title='bbox 211 4223 238 4274; x_wconf 90' lang='lat' dir='ltr'>ct</span> <span class='ocrx_word' id='word_1_410' title='bbox 254 4215 399 4276; x_wconf 85' lang='lat' dir='ltr'>Damr&#39;nas</span> <span class='ocrx_word' id='word_1_411' title='bbox 415 4215 569 4278; x_wconf 85' lang='lat' dir='ltr'>ordinavit</span> <span class='ocrx_word' id='word_1_412' title='bbox 582 4217 619 4278; x_wconf 83' lang='lat' dir='ltr'>iis</span> <span class='ocrx_word' id='word_1_413' title='bbox 632 4215 686 4296; x_wconf 79' lang='lat' dir='ltr'>qai</span> <span class='ocrx_word' id='word_1_414' title='bbox 701 4215 902 4297; x_wconf 80' lang='lat' dir='ltr'>annpeliran</span> <span class='ocrx_word' id='word_1_415' title='bbox 917 4221 1116 4293; x_wconf 74' lang='lat' dir='ltr'>annuntiant,</span> <span class='ocrx_word' id='word_1_416' title='bbox 1135 4218 1172 4281; x_wconf 85' lang='lat' dir='ltr'>de</span> <span class='ocrx_word' id='word_1_417' title='bbox 1185 4220 1352 4301; x_wconf 76' lang='lat' dir='ltr'>Eounpcla&#39;e</span> <span class='ocrx_word' id='word_1_418' title='bbox 1366 4219 1484 4282; x_wconf 75' lang='lat' dir='ltr'>cincre.</span> 
     </span>
    </p>

    <p class='ocr_par' dir='ltr' id='par_1_18' title="bbox 209 4304 1484 4564">
     <span class='ocr_line' id='line_1_45' title="bbox 252 4304 1484 4389; baseline 0.005 -24"><span class='ocrx_word' id='word_1_419' title='bbox 252 4305 307 4366; x_wconf 88' lang='lat' dir='ltr'>Pro</span> <span class='ocrx_word' id='word_1_420' title='bbox 322 4310 583 4369; x_wconf 77' lang='lat' dir='ltr'>sacramentorium</span> <span class='ocrx_word' id='word_1_421' title='bbox 599 4311 704 4369; x_wconf 87' lang='lat' dir='ltr'>tamen</span> <span class='ocrx_word' id='word_1_422' title='bbox 715 4304 985 4368; x_wconf 82' lang='lat' dir='ltr'>administratione</span> <span class='ocrx_word' id='word_1_423' title='bbox 999 4307 1079 4370; x_wconf 91' lang='lat' dir='ltr'>nibil</span> <span class='ocrx_word' id='word_1_424' title='bbox 1091 4307 1149 4370; x_wconf 89' lang='lat' dir='ltr'>boc</span> <span class='ocrx_word' id='word_1_425' title='bbox 1163 4308 1254 4372; x_wconf 89' lang='lat' dir='ltr'>titulo</span> <span class='ocrx_word' id='word_1_426' title='bbox 1268 4308 1484 4389; x_wconf 89' lang='lat' dir='ltr'>accipiendum</span> 
     </span>
     <span class='ocr_line' id='line_1_46' title="bbox 210 4391 1482 4477; baseline 0.007 -26"><span class='ocrx_word' id='word_1_427' title='bbox 210 4396 258 4452; x_wconf 84' lang='lat' dir='ltr'>est</span> <span class='ocrx_word' id='word_1_428' title='bbox 269 4391 364 4453; x_wconf 89' lang='lat' dir='ltr'>etiam</span> <span class='ocrx_word' id='word_1_429' title='bbox 379 4412 397 4454; x_wconf 91' lang='lat' dir='ltr'>a</span> <span class='ocrx_word' id='word_1_430' title='bbox 409 4399 516 4473; x_wconf 88' lang='lat' dir='ltr'>sponte</span> <span class='ocrx_word' id='word_1_431' title='bbox 530 4393 691 4468; x_wconf 85' lang='lat' dir='ltr'>dantibus;</span> <span class='ocrx_word' id='word_1_432' title='bbox 708 4393 735 4456; x_wconf 92' lang='lat' dir='ltr'>si</span> <span class='ocrx_word' id='word_1_433' title='bbox 752 4393 827 4473; x_wconf 78' lang='lat' dir='ltr'>qrrid</span> <span class='ocrx_word' id='word_1_434' title='bbox 841 4400 947 4456; x_wconf 87' lang='lat' dir='ltr'>autem</span> <span class='ocrx_word' id='word_1_435' title='bbox 960 4403 1068 4476; x_wconf 91' lang='lat' dir='ltr'>sponte</span> <span class='ocrx_word' id='word_1_436' title='bbox 1081 4397 1219 4472; x_wconf 86' lang='lat' dir='ltr'>offertur,</span> <span class='ocrx_word' id='word_1_437' title='bbox 1238 4397 1270 4458; x_wconf 93' lang='lat' dir='ltr'>id</span> <span class='ocrx_word' id='word_1_438' title='bbox 1283 4415 1338 4477; x_wconf 89' lang='lat' dir='ltr'>pro</span> <span class='ocrx_word' id='word_1_439' title='bbox 1351 4397 1482 4460; x_wconf 62' lang='lat' dir='ltr'>memo·</span> 
     </span>
     <span class='ocr_line' id='line_1_47' title="bbox 209 4479 1128 4564; baseline 0.005 -23"><span class='ocrx_word' id='word_1_440' title='bbox 209 4496 287 4560; x_wconf 69' lang='lat' dir='ltr'>syna</span> <span class='ocrx_word' id='word_1_441' title='bbox 299 4479 392 4560; x_wconf 85' lang='lat' dir='ltr'>accipi</span> <span class='ocrx_word' id='word_1_442' title='bbox 406 4488 515 4560; x_wconf 88' lang='lat' dir='ltr'>potest.</span> <span class='ocrx_word' id='word_1_443' title='bbox 531 4519 571 4528; x_wconf 88' lang='lat'>-—</span> <span class='ocrx_word' id='word_1_444' title='bbox 586 4483 623 4546; x_wconf 86' lang='lat' dir='ltr'>S.</span> <span class='ocrx_word' id='word_1_445' title='bbox 643 4481 757 4564; x_wconf 81' lang='lat' dir='ltr'>Conpr.</span> <span class='ocrx_word' id='word_1_446' title='bbox 776 4481 882 4558; x_wconf 71' lang='lat' dir='ltr'>Cone„</span> <span class='ocrx_word' id='word_1_447' title='bbox 898 4489 913 4546; x_wconf 89' lang='lat' dir='ltr'>t</span> <span class='ocrx_word' id='word_1_448' title='bbox 931 4481 1021 4546; x_wconf 78' lang='lat' dir='ltr'>Febr.</span> <span class='ocrx_word' id='word_1_449' title='bbox 1038 4489 1128 4550; x_wconf 83' lang='lat' dir='ltr'>t593.</span> 
     </span>
    </p>
   </div>
   <div class='ocr_carea' id='block_1_11' title="bbox 0 0 1626 5020">
    <p class='ocr_par' dir='ltr' id='par_1_19' title="bbox 0 0 1626 5020">
     <span class='ocr_line' id='line_1_48' title="bbox 0 0 1626 5020; baseline 0 0"><span class='ocrx_word' id='word_1_450' title='bbox 0 0 1626 5020; x_wconf 95' lang='lat' dir='ltr'> </span> 
     </span>
    </p>
   </div>
  </div>
 </body>
</html>
