<?xml version="1.0" encoding="UTF-8"?>
<!DOCTYPE html PUBLIC "-//W3C//DTD XHTML 1.0 Transitional//EN"
    "http://www.w3.org/TR/xhtml1/DTD/xhtml1-transitional.dtd">
<html xmlns="http://www.w3.org/1999/xhtml" xml:lang="en" lang="en">
 <head>
  <title>
</title>
<meta http-equiv="Content-Type" content="text/html;charset=utf-8" />
  <meta name='ocr-system' content='tesseract 3.04.00' />
  <meta name='ocr-capabilities' content='ocr_page ocr_carea ocr_par ocr_line ocrx_word'/>
</head>
<body>
  <div class='ocr_page' id='page_1' title='image "./compendiumtheol02gurygoog_0080.png"; bbox 0 0 3168 5002; ppageno 0'>
   <div class='ocr_carea' id='block_1_1' title="bbox 428 170 1355 231">
    <p class='ocr_par' dir='ltr' id='par_1_1' title="bbox 428 170 1355 231">
     <span class='ocr_line' id='line_1_1' title="bbox 428 170 1355 231; baseline 0.002 -9"><span class='ocrx_word' id='word_1_1' title='bbox 428 175 721 222; x_wconf 73' lang='lat' dir='ltr'><strong>rnorostrlon&#39;an</strong></span> <span class='ocrx_word' id='word_1_2' title='bbox 746 175 998 223; x_wconf 72' lang='lat' dir='ltr'>DAMNATARUH</span> <span class='ocrx_word' id='word_1_3' title='bbox 1308 170 1355 231; x_wconf 84' lang='grc'><strong>63</strong></span> 
     </span>
    </p>
   </div>
   <div class='ocr_carea' id='block_1_2' title="bbox 84 284 1357 676">
    <p class='ocr_par' dir='ltr' id='par_1_2' title="bbox 84 284 1357 521">
     <span class='ocr_line' id='line_1_2' title="bbox 119 284 1355 366; baseline 0 -18"><span class='ocrx_word' id='word_1_4' title='bbox 119 289 241 348; x_wconf 81' lang='lat' dir='ltr'>Perinde</span> <span class='ocrx_word' id='word_1_5' title='bbox 256 304 289 345; x_wconf 92' lang='lat' dir='ltr'><strong>ac</strong></span> <span class='ocrx_word' id='word_1_6' title='bbox 306 287 333 344; x_wconf 91' lang='lat' dir='ltr'><strong>si</strong></span> <span class='ocrx_word' id='word_1_7' title='bbox 349 287 430 343; x_wconf 85' lang='lat' dir='ltr'><strong>inter</strong></span> <span class='ocrx_word' id='word_1_8' title='bbox 442 284 632 343; x_wconf 83' lang='lat' dir='ltr'><strong>ditectionem</strong></span> <span class='ocrx_word' id='word_1_9' title='bbox 646 284 802 354; x_wconf 79' lang='lat' dir='ltr'><strong>diuinam,</strong></span> <span class='ocrx_word' id='word_1_10' title='bbox 814 303 881 359; x_wconf 74' lang='lat' dir='ltr'><strong>quae</strong></span> <span class='ocrx_word' id='word_1_11' title='bbox 893 303 949 344; x_wconf 86' lang='lat' dir='ltr'><strong>nos</strong></span> <span class='ocrx_word' id='word_1_12' title='bbox 963 288 1102 363; x_wconf 78' lang='lat' dir='ltr'><strong>perctarit</strong></span> <span class='ocrx_word' id='word_1_13' title='bbox 1117 289 1156 346; x_wconf 84' lang='lat' dir='ltr'><strong>ad</strong></span> <span class='ocrx_word' id='word_1_14' title='bbox 1169 309 1315 366; x_wconf 77' lang='lat' dir='ltr'><strong>repnam,</strong></span> <span class='ocrx_word' id='word_1_15' title='bbox 1328 301 1355 352; x_wconf 84' lang='lat' dir='ltr'><strong>ct</strong></span> 
     </span>
     <span class='ocr_line' id='line_1_3' title="bbox 84 364 1357 438; baseline -0.004 -9"><span class='ocrx_word' id='word_1_16' title='bbox 84 370 271 429; x_wconf 85' lang='lat' dir='ltr'><strong>dilectionem</strong></span> <span class='ocrx_word' id='word_1_17' title='bbox 296 368 466 426; x_wconf 77' lang='lat' dir='ltr'><strong>hunnnam</strong></span> <span class='ocrx_word' id='word_1_18' title='bbox 489 365 646 433; x_wconf 77' lang='lat' dir='ltr'><strong><em>illicitam,</em></strong></span> <span class='ocrx_word' id='word_1_19' title='bbox 665 381 732 438; x_wconf 82' lang='lat' dir='ltr'><strong>qaae</strong></span> <span class='ocrx_word' id='word_1_20' title='bbox 750 364 926 438; x_wconf 83' lang='lat' dir='ltr'><strong>damnatur,</strong></span> <span class='ocrx_word' id='word_1_21' title='bbox 948 384 1006 425; x_wconf 92' lang='lat' dir='ltr'><strong>non</strong></span> <span class='ocrx_word' id='word_1_22' title='bbox 1027 369 1143 431; x_wconf 86' lang='lat' dir='ltr'><strong>daretur</strong></span> <span class='ocrx_word' id='word_1_23' title='bbox 1163 371 1281 431; x_wconf 80' lang='lat' dir='ltr'><strong>ditectio</strong></span> <span class='ocrx_word' id='word_1_24' title='bbox 1300 375 1357 432; x_wconf 63' lang='lat'><strong>1220.</strong></span> 
     </span>
     <span class='ocr_line' id='line_1_4' title="bbox 84 445 723 521; baseline -0.009 -13"><span class='ocrx_word' id='word_1_25' title='bbox 84 468 176 508; x_wconf 84' lang='lat' dir='ltr'><strong>mana</strong></span> <span class='ocrx_word' id='word_1_26' title='bbox 189 448 290 517; x_wconf 82' lang='lat' dir='ltr'><strong>licita,</strong></span> <span class='ocrx_word' id='word_1_27' title='bbox 306 464 373 521; x_wconf 74' lang='lat' dir='ltr'><strong>aas</strong></span> <span class='ocrx_word' id='word_1_28' title='bbox 389 463 452 504; x_wconf 88' lang='lat' dir='ltr'><strong>non</strong></span> <span class='ocrx_word' id='word_1_29' title='bbox 466 445 723 520; x_wconf 69' lang='lat' dir='ltr'><em>reprehenditur:</em></span> 
     </span>
    </p>

    <p class='ocr_par' dir='ltr' id='par_1_3' title="bbox 118 525 1009 602">
     <span class='ocr_line' id='line_1_5' title="bbox 118 525 1009 602; baseline -0.007 -13"><span class='ocrx_word' id='word_1_30' title='bbox 118 535 157 589; x_wconf 83' lang='lat' dir='ltr'><strong>Er</strong></span> <span class='ocrx_word' id='word_1_31' title='bbox 172 531 203 589; x_wconf 89' lang='lat' dir='ltr'><strong>S.</strong></span> <span class='ocrx_word' id='word_1_32' title='bbox 219 531 339 602; x_wconf 72' lang='lat' dir='ltr'><strong>August.</strong></span> <span class='ocrx_word' id='word_1_33' title='bbox 355 543 441 585; x_wconf 91' lang='lat' dir='ltr'><strong>serm.</strong></span> <span class='ocrx_word' id='word_1_34' title='bbox 458 541 590 594; x_wconf 80' lang='lat' dir='ltr'><strong>cccxcix,</strong></span> <span class='ocrx_word' id='word_1_35' title='bbox 606 526 641 582; x_wconf 90' lang='lat' dir='ltr'><strong>de</strong></span> <span class='ocrx_word' id='word_1_36' title='bbox 656 525 775 596; x_wconf 81' lang='lat' dir='ltr'><strong>charit,</strong></span> <span class='ocrx_word' id='word_1_37' title='bbox 791 526 860 582; x_wconf 90' lang='lat' dir='ltr'><strong>edit.</strong></span> <span class='ocrx_word' id='word_1_38' title='bbox 876 529 1009 599; x_wconf 86' lang='lat' dir='ltr'><strong>llaurin.,</strong></span> 
     </span>
    </p>

    <p class='ocr_par' dir='ltr' id='par_1_4' title="bbox 545 605 893 676">
     <span class='ocr_line' id='line_1_6' title="bbox 545 605 893 676; baseline 0 -12"><span class='ocrx_word' id='word_1_39' title='bbox 545 607 644 676; x_wconf 84' lang='lat' dir='ltr'><strong>Falsa,</strong></span> <span class='ocrx_word' id='word_1_40' title='bbox 660 606 733 662; x_wconf 84' lang='lat' dir='ltr'><strong>alias</strong></span> <span class='ocrx_word' id='word_1_41' title='bbox 749 605 893 664; x_wconf 87' lang='lat' dir='ltr'><strong>damnata.</strong></span> 
     </span>
    </p>
   </div>
   <div class='ocr_carea' id='block_1_3' title="bbox 21 780 867 898">
    <p class='ocr_par' dir='ltr' id='par_1_5' title="bbox 21 780 867 898">
     <span class='ocr_line' id='line_1_7' title="bbox 21 780 867 898; baseline 0.006 -79"><span class='ocrx_word' id='word_1_42' title='bbox 21 787 23 898; x_wconf 56' lang='grc' dir='ltr'><strong>ι</strong></span> <span class='ocrx_word' id='word_1_43' title='bbox 579 780 614 823; x_wconf 76' lang='lat' dir='ltr'><strong>DE</strong></span> <span class='ocrx_word' id='word_1_44' title='bbox 632 781 737 824; x_wconf 70' lang='lat' dir='ltr'><strong>risone</strong></span> <span class='ocrx_word' id='word_1_45' title='bbox 756 781 867 824; x_wconf 76' lang='lat' dir='ltr'>SERVILI</span> 
     </span>
    </p>
   </div>
   <div class='ocr_carea' id='block_1_4' title="bbox 208 871 449 945">
    <p class='ocr_par' dir='ltr' id='par_1_6' title="bbox 208 871 449 945">
     <span class='ocr_line' id='line_1_8' title="bbox 208 871 449 945; baseline -0.025 -13"><span class='ocrx_word' id='word_1_46' title='bbox 208 875 252 932; x_wconf 89' lang='lat' dir='ltr'><strong>De</strong></span> <span class='ocrx_word' id='word_1_47' title='bbox 262 873 372 932; x_wconf 87' lang='lat' dir='ltr'><strong>Poenit.</strong></span> <span class='ocrx_word' id='word_1_48' title='bbox 389 871 408 945; x_wconf 69' lang='grc'>5</span> <span class='ocrx_word' id='word_1_49' title='bbox 423 871 449 926; x_wconf 85' lang='lat'><strong>3.</strong></span> 
     </span>
    </p>
   </div>
   <div class='ocr_carea' id='block_1_5' title="bbox 87 959 1364 2072">
    <p class='ocr_par' dir='ltr' id='par_1_7' title="bbox 87 959 1359 1116">
     <span class='ocr_line' id='line_1_9' title="bbox 121 959 1359 1034; baseline 0.004 -13"><span class='ocrx_word' id='word_1_50' title='bbox 121 964 164 1021; x_wconf 70' lang='lat'><strong>95.</strong></span> <span class='ocrx_word' id='word_1_51' title='bbox 183 961 334 1031; x_wconf 83' lang='lat' dir='ltr'>Doctrina,</span> <span class='ocrx_word' id='word_1_52' title='bbox 356 976 420 1033; x_wconf 73' lang='lat' dir='ltr'><strong>quae</strong></span> <span class='ocrx_word' id='word_1_53' title='bbox 443 959 574 1016; x_wconf 90' lang='lat' dir='ltr'><strong>timorem</strong></span> <span class='ocrx_word' id='word_1_54' title='bbox 596 975 747 1032; x_wconf 75' lang='lat' dir='ltr'><strong>paenarum</strong></span> <span class='ocrx_word' id='word_1_55' title='bbox 769 960 928 1030; x_wconf 77' lang='lat' dir='ltr'>generatim</span> <span class='ocrx_word' id='word_1_56' title='bbox 954 961 1085 1034; x_wconf 73' lang='lat' dir='ltr'><strong>perhibet</strong></span> <span class='ocrx_word' id='word_1_57' title='bbox 1108 962 1281 1024; x_wconf 69' lang='lat' dir='ltr'><strong>dumtaxat</strong></span> <span class='ocrx_word' id='word_1_58' title='bbox 1295 984 1359 1026; x_wconf 88' lang='lat' dir='ltr'><strong>non</strong></span> 
     </span>
     <span class='ocr_line' id='line_1_10' title="bbox 87 1038 1131 1116; baseline 0 -18"><span class='ocrx_word' id='word_1_59' title='bbox 87 1059 168 1116; x_wconf 84' lang='lat' dir='ltr'><strong>posse</strong></span> <span class='ocrx_word' id='word_1_60' title='bbox 180 1041 246 1099; x_wconf 83' lang='lat' dir='ltr'><strong>dici</strong></span> <span class='ocrx_word' id='word_1_61' title='bbox 259 1039 392 1106; x_wconf 58' lang='lat' dir='ltr'><strong>maiam</strong></span> <span class='ocrx_word' id='word_1_62' title='bbox 407 1040 435 1097; x_wconf 84' lang='lat' dir='ltr'><strong>ei</strong></span> <span class='ocrx_word' id='word_1_63' title='bbox 447 1038 554 1096; x_wconf 79' lang='lat' dir='ltr'><strong>saltans</strong></span> <span class='ocrx_word' id='word_1_64' title='bbox 562 1038 711 1112; x_wconf 75' lang='lat' dir='ltr'><strong>pcrtinpit</strong></span> <span class='ocrx_word' id='word_1_65' title='bbox 723 1039 763 1096; x_wconf 88' lang='lat' dir='ltr'><strong>ad</strong></span> <span class='ocrx_word' id='word_1_66' title='bbox 775 1038 972 1096; x_wconf 79' lang='lat' dir='ltr'><strong>cohibendam</strong></span> <span class='ocrx_word' id='word_1_67' title='bbox 986 1058 1131 1112; x_wconf 78' lang='lat' dir='ltr'><strong>manans,-</strong></span> 
     </span>
    </p>

    <p class='ocr_par' dir='ltr' id='par_1_8' title="bbox 89 1119 1361 1358">
     <span class='ocr_line' id='line_1_11' title="bbox 121 1119 1361 1196; baseline 0.005 -16"><span class='ocrx_word' id='word_1_68' title='bbox 121 1125 212 1193; x_wconf 88' lang='lat' dir='ltr'><strong>Quasi</strong></span> <span class='ocrx_word' id='word_1_69' title='bbox 232 1123 318 1178; x_wconf 89' lang='lat' dir='ltr'><strong>timor</strong></span> <span class='ocrx_word' id='word_1_70' title='bbox 337 1120 400 1196; x_wconf 91' lang='lat' dir='ltr'><strong>ipse</strong></span> <span class='ocrx_word' id='word_1_71' title='bbox 418 1119 570 1192; x_wconf 76' lang='lat' dir='ltr'><strong>gehenna,</strong></span> <span class='ocrx_word' id='word_1_72' title='bbox 586 1135 670 1192; x_wconf 86' lang='lat' dir='ltr'><strong>quam</strong></span> <span class='ocrx_word' id='word_1_73' title='bbox 686 1119 771 1176; x_wconf 86' lang='lat' dir='ltr'><strong>Fides</strong></span> <span class='ocrx_word' id='word_1_74' title='bbox 792 1119 875 1176; x_wconf 90' lang='lat' dir='ltr'><strong>docet</strong></span> <span class='ocrx_word' id='word_1_75' title='bbox 893 1123 1008 1194; x_wconf 67' lang='lat' dir='ltr'><strong>pacano</strong></span> <span class='ocrx_word' id='word_1_76' title='bbox 1030 1122 1229 1196; x_wconf 82' lang='lat' dir='ltr'><strong>infligendam,</strong></span> <span class='ocrx_word' id='word_1_77' title='bbox 1245 1143 1303 1185; x_wconf 93' lang='lat' dir='ltr'><strong>non</strong></span> <span class='ocrx_word' id='word_1_78' title='bbox 1321 1128 1361 1186; x_wconf 92' lang='lat' dir='ltr'><strong>sit</strong></span> 
     </span>
     <span class='ocr_line' id='line_1_12' title="bbox 89 1198 1360 1283; baseline 0.005 -23"><span class='ocrx_word' id='word_1_79' title='bbox 89 1205 115 1260; x_wconf 91' lang='lat' dir='ltr'><strong>in</strong></span> <span class='ocrx_word' id='word_1_80' title='bbox 130 1221 162 1260; x_wconf 86' lang='lat' dir='ltr'><strong>se</strong></span> <span class='ocrx_word' id='word_1_81' title='bbox 183 1203 277 1259; x_wconf 91' lang='lat' dir='ltr'><strong>bonus</strong></span> <span class='ocrx_word' id='word_1_82' title='bbox 296 1203 325 1258; x_wconf 88' lang='lat' dir='ltr'><strong>et</strong></span> <span class='ocrx_word' id='word_1_83' title='bbox 346 1200 443 1270; x_wconf 87' lang='lat' dir='ltr'><strong>utilis,</strong></span> <span class='ocrx_word' id='word_1_84' title='bbox 459 1200 538 1256; x_wconf 81' lang='lat' dir='ltr'><strong>velut</strong></span> <span class='ocrx_word' id='word_1_85' title='bbox 557 1198 664 1256; x_wconf 89' lang='lat' dir='ltr'><strong>donum</strong></span> <span class='ocrx_word' id='word_1_86' title='bbox 681 1199 900 1272; x_wconf 79' lang='lat' dir='ltr'><strong>supernaturale</strong></span> <span class='ocrx_word' id='word_1_87' title='bbox 918 1217 952 1258; x_wconf 90' lang='lat' dir='ltr'><strong>ac</strong></span> <span class='ocrx_word' id='word_1_88' title='bbox 970 1204 1064 1260; x_wconf 90' lang='lat' dir='ltr'><strong>motus</strong></span> <span class='ocrx_word' id='word_1_89' title='bbox 1084 1220 1102 1260; x_wconf 92' lang='lat' dir='ltr'><strong>a</strong></span> <span class='ocrx_word' id='word_1_90' title='bbox 1120 1207 1177 1262; x_wconf 84' lang='lat' dir='ltr'><strong>Deo</strong></span> <span class='ocrx_word' id='word_1_91' title='bbox 1201 1207 1360 1283; x_wconf 89' lang='lat' dir='ltr'><strong>inspiratus</strong></span> 
     </span>
     <span class='ocr_line' id='line_1_13' title="bbox 89 1279 598 1358; baseline -0.004 -20"><span class='ocrx_word' id='word_1_92' title='bbox 89 1298 251 1358; x_wconf 83' lang='lat' dir='ltr'><strong>praeparans</strong></span> <span class='ocrx_word' id='word_1_93' title='bbox 266 1281 302 1338; x_wconf 90' lang='lat' dir='ltr'><strong>ad</strong></span> <span class='ocrx_word' id='word_1_94' title='bbox 317 1297 443 1338; x_wconf 90' lang='lat' dir='ltr'><strong>amorem</strong></span> <span class='ocrx_word' id='word_1_95' title='bbox 455 1279 598 1353; x_wconf 75' lang='lat' dir='ltr'><strong>justitiae:</strong></span> 
     </span>
    </p>

    <p class='ocr_par' dir='ltr' id='par_1_9' title="bbox 122 1358 1363 1739">
     <span class='ocr_line' id='line_1_14' title="bbox 122 1358 1362 1437; baseline 0.004 -16"><span class='ocrx_word' id='word_1_96' title='bbox 122 1363 222 1434; x_wconf 81' lang='lat' dir='ltr'><strong>Falsa,</strong></span> <span class='ocrx_word' id='word_1_97' title='bbox 237 1360 406 1430; x_wconf 87' lang='lat' dir='ltr'><strong>temeraria,</strong></span> <span class='ocrx_word' id='word_1_98' title='bbox 427 1359 604 1434; x_wconf 90' lang='lat' dir='ltr'><strong>perniciosa,</strong></span> <span class='ocrx_word' id='word_1_99' title='bbox 629 1358 736 1415; x_wconf 84' lang='lat' dir='ltr'><strong>divinis</strong></span> <span class='ocrx_word' id='word_1_100' title='bbox 753 1359 836 1416; x_wconf 93' lang='lat' dir='ltr'><strong>donis</strong></span> <span class='ocrx_word' id='word_1_101' title='bbox 856 1359 1012 1432; x_wconf 84' lang='lat' dir='ltr'><strong>injuriosa,</strong></span> <span class='ocrx_word' id='word_1_102' title='bbox 1035 1362 1109 1421; x_wconf 90' lang='lat' dir='ltr'><strong>alias</strong></span> <span class='ocrx_word' id='word_1_103' title='bbox 1128 1365 1278 1437; x_wconf 87' lang='lat' dir='ltr'><strong>damnata,</strong></span> <span class='ocrx_word' id='word_1_104' title='bbox 1297 1385 1362 1426; x_wconf 91' lang='lat' dir='ltr'><strong>con-</strong></span> 
     </span>
     <span class='ocr_line' id='line_1_15' title="bbox 160 1438 1361 1519; baseline 0.007 -21"><span class='ocrx_word' id='word_1_105' title='bbox 160 1443 246 1500; x_wconf 86' lang='lat' dir='ltr'><strong>traris</strong></span> <span class='ocrx_word' id='word_1_106' title='bbox 266 1441 404 1498; x_wconf 74' lang='lat' dir='ltr'><strong>doctrinae</strong></span> <span class='ocrx_word' id='word_1_107' title='bbox 425 1439 546 1498; x_wconf 90' lang='lat' dir='ltr'><strong>Concilii</strong></span> <span class='ocrx_word' id='word_1_108' title='bbox 567 1438 743 1507; x_wconf 81' lang='lat' dir='ltr'><strong>Tridentini,</strong></span> <span class='ocrx_word' id='word_1_109' title='bbox 760 1439 822 1495; x_wconf 86' lang='lat' dir='ltr'><strong>turn</strong></span> <span class='ocrx_word' id='word_1_110' title='bbox 843 1440 872 1495; x_wconf 90' lang='lat' dir='ltr'><strong>et</strong></span> <span class='ocrx_word' id='word_1_111' title='bbox 894 1442 1038 1498; x_wconf 89' lang='lat' dir='ltr'><strong>communi</strong></span> <span class='ocrx_word' id='word_1_112' title='bbox 1059 1445 1173 1501; x_wconf 84' lang='lat' dir='ltr'><strong>Petrum</strong></span> <span class='ocrx_word' id='word_1_113' title='bbox 1195 1449 1361 1519; x_wconf 84' lang='lat' dir='ltr'><strong>sententiae,</strong></span> 
     </span>
     <span class='ocr_line' id='line_1_16' title="bbox 160 1518 1363 1597; baseline 0.007 -19"><span class='ocrx_word' id='word_1_114' title='bbox 160 1537 235 1596; x_wconf 83' lang='lat' dir='ltr'><strong>opas</strong></span> <span class='ocrx_word' id='word_1_115' title='bbox 248 1523 325 1589; x_wconf 60' lang='lat' dir='ltr'><strong>esset,</strong></span> <span class='ocrx_word' id='word_1_116' title='bbox 337 1521 420 1593; x_wconf 83' lang='lat' dir='ltr'><strong>juxta</strong></span> <span class='ocrx_word' id='word_1_117' title='bbox 434 1521 604 1577; x_wconf 90' lang='lat' dir='ltr'><strong>consuetum</strong></span> <span class='ocrx_word' id='word_1_118' title='bbox 619 1518 748 1575; x_wconf 87' lang='lat' dir='ltr'><strong>ordinem</strong></span> <span class='ocrx_word' id='word_1_119' title='bbox 765 1519 982 1592; x_wconf 85' lang='lat' dir='ltr'><strong>praeparationis</strong></span> <span class='ocrx_word' id='word_1_120' title='bbox 996 1521 1033 1577; x_wconf 89' lang='lat' dir='ltr'><strong>ad</strong></span> <span class='ocrx_word' id='word_1_121' title='bbox 1045 1524 1205 1597; x_wconf 84' lang='lat' dir='ltr'><strong>justitiam,</strong></span> <span class='ocrx_word' id='word_1_122' title='bbox 1220 1532 1255 1583; x_wconf 85' lang='lat' dir='ltr'><strong>at</strong></span> <span class='ocrx_word' id='word_1_123' title='bbox 1270 1528 1363 1586; x_wconf 79' lang='lat' dir='ltr'><strong>intret</strong></span> 
     </span>
     <span class='ocr_line' id='line_1_17' title="bbox 159 1597 1363 1676; baseline 0.007 -17"><span class='ocrx_word' id='word_1_124' title='bbox 159 1601 253 1659; x_wconf 82' lang='lat' dir='ltr'><strong>timor</strong></span> <span class='ocrx_word' id='word_1_125' title='bbox 271 1599 391 1676; x_wconf 75' lang='lat' dir='ltr'><strong>primo,</strong></span> <span class='ocrx_word' id='word_1_126' title='bbox 407 1617 464 1674; x_wconf 86' lang='lat' dir='ltr'><strong>per</strong></span> <span class='ocrx_word' id='word_1_127' title='bbox 481 1616 570 1673; x_wconf 82' lang='lat' dir='ltr'><strong>qaam</strong></span> <span class='ocrx_word' id='word_1_128' title='bbox 585 1599 688 1656; x_wconf 84' lang='lat' dir='ltr'><strong>ueniat</strong></span> <span class='ocrx_word' id='word_1_129' title='bbox 708 1597 872 1657; x_wconf 80' lang='lat' dir='ltr'><strong>Claritas:</strong></span> <span class='ocrx_word' id='word_1_130' title='bbox 892 1597 985 1657; x_wconf 83' lang='lat' dir='ltr'><strong>timor</strong></span> <span class='ocrx_word' id='word_1_131' title='bbox 1001 1601 1271 1674; x_wconf 77' lang='lat' dir='ltr'><strong>medicamentum,</strong></span> <span class='ocrx_word' id='word_1_132' title='bbox 1288 1608 1363 1666; x_wconf 77' lang='lat' dir='ltr'><strong>aaa</strong></span> 
     </span>
     <span class='ocr_line' id='line_1_18' title="bbox 158 1679 380 1739; baseline -0.014 0"><span class='ocrx_word' id='word_1_133' title='bbox 158 1681 238 1739; x_wconf 67' lang='lat' dir='ltr'><strong>ntae</strong></span> <span class='ocrx_word' id='word_1_134' title='bbox 250 1679 380 1738; x_wconf 83' lang='lat' dir='ltr'><strong>sanitas.</strong></span> 
     </span>
    </p>

    <p class='ocr_par' dir='ltr' id='par_1_10' title="bbox 93 1759 1364 2072">
     <span class='ocr_line' id='line_1_19' title="bbox 127 1759 1362 1840; baseline 0.006 -20"><span class='ocrx_word' id='word_1_135' title='bbox 127 1765 166 1820; x_wconf 87' lang='lat' dir='ltr'><strong>Ex</strong></span> <span class='ocrx_word' id='word_1_136' title='bbox 179 1763 209 1820; x_wconf 92' lang='lat' dir='ltr'><strong>S.</strong></span> <span class='ocrx_word' id='word_1_137' title='bbox 226 1763 349 1834; x_wconf 74' lang='lat' dir='ltr'><strong>August.</strong></span> <span class='ocrx_word' id='word_1_138' title='bbox 367 1761 397 1817; x_wconf 93' lang='lat' dir='ltr'><strong>in</strong></span> <span class='ocrx_word' id='word_1_139' title='bbox 411 1763 433 1816; x_wconf 91' lang='grc' dir='ltr'><strong>Ι.</strong></span> <span class='ocrx_word' id='word_1_140' title='bbox 449 1759 540 1835; x_wconf 81' lang='lat' dir='ltr'><strong>Epist.</strong></span> <span class='ocrx_word' id='word_1_141' title='bbox 557 1761 601 1816; x_wconf 85' lang='lat' dir='ltr'><strong>lo.</strong></span> <span class='ocrx_word' id='word_1_142' title='bbox 617 1775 678 1834; x_wconf 89' lang='lat' dir='ltr'><strong>cap.</strong></span> <span class='ocrx_word' id='word_1_143' title='bbox 698 1774 738 1828; x_wconf 73' lang='lat' dir='ltr'><strong>rs,</strong></span> <span class='ocrx_word' id='word_1_144' title='bbox 754 1760 837 1816; x_wconf 89' lang='lat' dir='ltr'><strong>tract.</strong></span> <span class='ocrx_word' id='word_1_145' title='bbox 853 1774 898 1830; x_wconf 83' lang='lat' dir='ltr'><strong>rr,</strong></span> <span class='ocrx_word' id='word_1_146' title='bbox 914 1775 993 1818; x_wconf 90' lang='lat' dir='ltr'><strong>num.</strong></span> <span class='ocrx_word' id='word_1_147' title='bbox 1007 1761 1038 1834; x_wconf 83' lang='lat' dir='ltr'><strong>i,</strong></span> <span class='ocrx_word' id='word_1_148' title='bbox 1053 1761 1080 1820; x_wconf 80' lang='grc'><strong>5.</strong></span> <span class='ocrx_word' id='word_1_149' title='bbox 1091 1793 1128 1806; x_wconf 91' lang='grc'><strong>-</strong></span> <span class='ocrx_word' id='word_1_150' title='bbox 1143 1766 1175 1820; x_wconf 91' lang='lat' dir='ltr'><strong>ln</strong></span> <span class='ocrx_word' id='word_1_151' title='bbox 1191 1768 1234 1823; x_wconf 86' lang='lat' dir='ltr'><strong>lo.</strong></span> <span class='ocrx_word' id='word_1_152' title='bbox 1253 1769 1362 1840; x_wconf 77' lang='lat' dir='ltr'><strong>Evang.</strong></span> 
     </span>
     <span class='ocr_line' id='line_1_20' title="bbox 94 1838 1364 1917; baseline 0.006 -19"><span class='ocrx_word' id='word_1_153' title='bbox 94 1845 171 1900; x_wconf 89' lang='lat' dir='ltr'><strong>tract.</strong></span> <span class='ocrx_word' id='word_1_154' title='bbox 190 1858 253 1912; x_wconf 83' lang='lat' dir='ltr'><strong>nni,</strong></span> <span class='ocrx_word' id='word_1_155' title='bbox 272 1859 352 1900; x_wconf 88' lang='lat' dir='ltr'><strong>num.</strong></span> <span class='ocrx_word' id='word_1_156' title='bbox 372 1841 416 1899; x_wconf 80' lang='lat' dir='ltr'><strong>lo.</strong></span> <span class='ocrx_word' id='word_1_157' title='bbox 429 1870 466 1882; x_wconf 92' lang='lat'>-</span> <span class='ocrx_word' id='word_1_158' title='bbox 481 1842 581 1897; x_wconf 87' lang='lat' dir='ltr'><strong>Enarr.</strong></span> <span class='ocrx_word' id='word_1_159' title='bbox 604 1838 635 1895; x_wconf 90' lang='lat' dir='ltr'><strong>in</strong></span> <span class='ocrx_word' id='word_1_160' title='bbox 653 1838 757 1913; x_wconf 85' lang='lat' dir='ltr'><strong>psalm.</strong></span> <span class='ocrx_word' id='word_1_161' title='bbox 778 1853 890 1908; x_wconf 84' lang='lat' dir='ltr'><strong>cxxvrr,</strong></span> <span class='ocrx_word' id='word_1_162' title='bbox 911 1857 989 1897; x_wconf 89' lang='lat' dir='ltr'><strong>num.</strong></span> <span class='ocrx_word' id='word_1_163' title='bbox 1005 1842 1033 1898; x_wconf 87' lang='grc'><strong>7.</strong></span> <span class='ocrx_word' id='word_1_164' title='bbox 1050 1874 1087 1885; x_wconf 98' lang='grc'>-</span> <span class='ocrx_word' id='word_1_165' title='bbox 1104 1844 1197 1902; x_wconf 89' lang='lat' dir='ltr'><strong>Serm.</strong></span> <span class='ocrx_word' id='word_1_166' title='bbox 1220 1862 1309 1917; x_wconf 85' lang='lat' dir='ltr'><strong>cnvrr,</strong></span> <span class='ocrx_word' id='word_1_167' title='bbox 1328 1848 1364 1906; x_wconf 92' lang='lat' dir='ltr'><strong>de</strong></span> 
     </span>
     <span class='ocr_line' id='line_1_21' title="bbox 93 1918 1362 1996; baseline 0.006 -18"><span class='ocrx_word' id='word_1_168' title='bbox 93 1922 184 1980; x_wconf 75' lang='lat' dir='ltr'><strong>serbis</strong></span> <span class='ocrx_word' id='word_1_169' title='bbox 197 1922 344 1996; x_wconf 79' lang='lat' dir='ltr'><strong>Apostoli,</strong></span> <span class='ocrx_word' id='word_1_170' title='bbox 360 1938 440 1978; x_wconf 91' lang='lat' dir='ltr'><strong>num.</strong></span> <span class='ocrx_word' id='word_1_171' title='bbox 457 1918 502 1978; x_wconf 88' lang='grc'><strong>13.</strong></span> <span class='ocrx_word' id='word_1_172' title='bbox 513 1951 549 1963; x_wconf 96' lang='grc'>-</span> <span class='ocrx_word' id='word_1_173' title='bbox 562 1921 653 1978; x_wconf 87' lang='lat' dir='ltr'><strong>Serm.</strong></span> <span class='ocrx_word' id='word_1_174' title='bbox 669 1936 747 1989; x_wconf 82' lang='lat' dir='ltr'><strong>ann,</strong></span> <span class='ocrx_word' id='word_1_175' title='bbox 761 1919 796 1976; x_wconf 95' lang='lat' dir='ltr'><strong>de</strong></span> <span class='ocrx_word' id='word_1_176' title='bbox 810 1919 907 1978; x_wconf 82' lang='lat' dir='ltr'><strong>verbis</strong></span> <span class='ocrx_word' id='word_1_177' title='bbox 924 1922 1070 1996; x_wconf 73' lang='lat' dir='ltr'><strong>Apostoli,</strong></span> <span class='ocrx_word' id='word_1_178' title='bbox 1085 1941 1164 1984; x_wconf 90' lang='lat' dir='ltr'><strong>num.</strong></span> <span class='ocrx_word' id='word_1_179' title='bbox 1178 1926 1205 1986; x_wconf 93' lang='lat'><strong>8.</strong></span> <span class='ocrx_word' id='word_1_180' title='bbox 1220 1957 1257 1970; x_wconf 93' lang='lat'><em>-</em></span> <span class='ocrx_word' id='word_1_181' title='bbox 1270 1930 1362 1986; x_wconf 88' lang='lat' dir='ltr'><strong>Serm.</strong></span> 
     </span>
     <span class='ocr_line' id='line_1_22' title="bbox 96 2000 586 2072; baseline 0.002 -15"><span class='ocrx_word' id='word_1_182' title='bbox 96 2017 221 2072; x_wconf 79' lang='lat' dir='ltr'><strong>erasm,</strong></span> <span class='ocrx_word' id='word_1_183' title='bbox 237 2003 273 2059; x_wconf 88' lang='lat' dir='ltr'><strong>de</strong></span> <span class='ocrx_word' id='word_1_184' title='bbox 287 2001 446 2071; x_wconf 72' lang='lat' dir='ltr'><strong>charitate,</strong></span> <span class='ocrx_word' id='word_1_185' title='bbox 463 2017 542 2058; x_wconf 91' lang='lat' dir='ltr'><strong>num.</strong></span> <span class='ocrx_word' id='word_1_186' title='bbox 557 2000 586 2058; x_wconf 88' lang='grc'><strong>7.</strong></span> 
     </span>
    </p>
   </div>
   <div class='ocr_carea' id='block_1_6' title="bbox 389 2175 1067 2222">
    <p class='ocr_par' dir='ltr' id='par_1_11' title="bbox 389 2175 1067 2222">
     <span class='ocr_line' id='line_1_23' title="bbox 389 2175 1067 2222; baseline 0.004 -3"><span class='ocrx_word' id='word_1_187' title='bbox 389 2178 424 2220; x_wconf 81' lang='lat' dir='ltr'><strong>DE</strong></span> <span class='ocrx_word' id='word_1_188' title='bbox 442 2178 528 2219; x_wconf 76' lang='grc' dir='ltr'><strong>ΡΟΕΝΔ</strong></span> <span class='ocrx_word' id='word_1_189' title='bbox 547 2175 741 2220; x_wconf 72' lang='lat' dir='ltr'><strong>ascensorium</strong></span> <span class='ocrx_word' id='word_1_190' title='bbox 761 2176 817 2218; x_wconf 80' lang='lat' dir='ltr'><strong>curi</strong></span> <span class='ocrx_word' id='word_1_191' title='bbox 836 2176 904 2219; x_wconf 78' lang='lat' dir='ltr'>SOLO</span> <span class='ocrx_word' id='word_1_192' title='bbox 922 2178 1067 2222; x_wconf 73' lang='lat' dir='ltr'><strong>ostentm</strong></span> 
     </span>
    </p>
   </div>
   <div class='ocr_carea' id='block_1_7' title="bbox 223 2265 440 2341">
    <p class='ocr_par' dir='ltr' id='par_1_12' title="bbox 223 2265 440 2341">
     <span class='ocr_line' id='line_1_24' title="bbox 223 2265 440 2341; baseline -0.005 -17"><span class='ocrx_word' id='word_1_193' title='bbox 223 2268 267 2324; x_wconf 87' lang='lat' dir='ltr'><strong>De</strong></span> <span class='ocrx_word' id='word_1_194' title='bbox 280 2269 365 2341; x_wconf 84' lang='lat' dir='ltr'><strong>Bapt.</strong></span> <span class='ocrx_word' id='word_1_195' title='bbox 380 2268 398 2341; x_wconf 71' lang='grc' dir='ltr'><strong>ἓ</strong></span> <span class='ocrx_word' id='word_1_196' title='bbox 413 2265 440 2324; x_wconf 85' lang='lat'><strong>3.</strong></span> 
     </span>
    </p>
   </div>
   <div class='ocr_carea' id='block_1_8' title="bbox 94 2353 1371 2910">
    <p class='ocr_par' dir='ltr' id='par_1_13' title="bbox 94 2353 1370 2664">
     <span class='ocr_line' id='line_1_25' title="bbox 129 2353 1368 2429; baseline 0.006 -18"><span class='ocrx_word' id='word_1_197' title='bbox 129 2354 178 2413; x_wconf 71' lang='lat'><strong>26.</strong></span> <span class='ocrx_word' id='word_1_198' title='bbox 197 2355 343 2424; x_wconf 83' lang='lat' dir='ltr'><strong>Doctrina,</strong></span> <span class='ocrx_word' id='word_1_199' title='bbox 365 2371 428 2428; x_wconf 79' lang='lat' dir='ltr'><strong>quae</strong></span> <span class='ocrx_word' id='word_1_200' title='bbox 446 2353 526 2410; x_wconf 77' lang='lat' dir='ltr'><strong>velut</strong></span> <span class='ocrx_word' id='word_1_201' title='bbox 544 2353 669 2410; x_wconf 86' lang='lat' dir='ltr'><strong>tabulam</strong></span> <span class='ocrx_word' id='word_1_202' title='bbox 693 2353 874 2428; x_wconf 83' lang='lat' dir='ltr'><strong>pelagianam</strong></span> <span class='ocrx_word' id='word_1_203' title='bbox 897 2354 1024 2429; x_wconf 85' lang='lat' dir='ltr'><strong>explodit</strong></span> <span class='ocrx_word' id='word_1_204' title='bbox 1046 2356 1140 2414; x_wconf 89' lang='lat' dir='ltr'><strong>locum</strong></span> <span class='ocrx_word' id='word_1_205' title='bbox 1159 2358 1243 2416; x_wconf 90' lang='lat' dir='ltr'><strong>illum</strong></span> <span class='ocrx_word' id='word_1_206' title='bbox 1262 2361 1368 2420; x_wconf 90' lang='lat' dir='ltr'><strong>iniero-</strong></span> 
     </span>
     <span class='ocr_line' id='line_1_26' title="bbox 94 2433 1368 2512; baseline 0.005 -19"><span class='ocrx_word' id='word_1_207' title='bbox 94 2452 162 2493; x_wconf 89' lang='lat' dir='ltr'><strong>rum</strong></span> <span class='ocrx_word' id='word_1_208' title='bbox 178 2435 275 2508; x_wconf 81' lang='lat' dir='ltr'><strong>[quem</strong></span> <span class='ocrx_word' id='word_1_209' title='bbox 290 2435 368 2492; x_wconf 83' lang='lat' dir='ltr'><strong>limbi</strong></span> <span class='ocrx_word' id='word_1_210' title='bbox 387 2449 541 2508; x_wconf 90' lang='lat' dir='ltr'><strong>puerorum</strong></span> <span class='ocrx_word' id='word_1_211' title='bbox 561 2435 677 2492; x_wconf 90' lang='lat' dir='ltr'><strong>nomine</strong></span> <span class='ocrx_word' id='word_1_212' title='bbox 696 2433 795 2491; x_wconf 85' lang='lat' dir='ltr'><strong>fideles</strong></span> <span class='ocrx_word' id='word_1_213' title='bbox 812 2435 923 2508; x_wconf 90' lang='lat' dir='ltr'><strong>passim</strong></span> <span class='ocrx_word' id='word_1_214' title='bbox 941 2435 1123 2512; x_wconf 71' lang='lat' dir='ltr'><strong>designant),</strong></span> <span class='ocrx_word' id='word_1_215' title='bbox 1143 2439 1174 2495; x_wconf 95' lang='lat' dir='ltr'><strong>in</strong></span> <span class='ocrx_word' id='word_1_216' title='bbox 1195 2457 1250 2512; x_wconf 86' lang='lat' dir='ltr'><strong>que</strong></span> <span class='ocrx_word' id='word_1_217' title='bbox 1264 2443 1368 2500; x_wconf 77' lang='lat' dir='ltr'><strong>animae</strong></span> 
     </span>
     <span class='ocr_line' id='line_1_27' title="bbox 97 2513 1370 2597; baseline 0.005 -24"><span class='ocrx_word' id='word_1_218' title='bbox 97 2515 298 2574; x_wconf 78' lang='lat' dir='ltr'><strong>decedentium</strong></span> <span class='ocrx_word' id='word_1_219' title='bbox 319 2531 383 2572; x_wconf 88' lang='lat' dir='ltr'><strong>cum</strong></span> <span class='ocrx_word' id='word_1_220' title='bbox 407 2514 469 2572; x_wconf 89' lang='lat' dir='ltr'><strong>sele</strong></span> <span class='ocrx_word' id='word_1_221' title='bbox 493 2513 629 2586; x_wconf 75' lang='lat' dir='ltr'><strong>originali</strong></span> <span class='ocrx_word' id='word_1_222' title='bbox 651 2513 737 2588; x_wconf 89' lang='lat' dir='ltr'><strong>culpe</strong></span> <span class='ocrx_word' id='word_1_223' title='bbox 758 2531 843 2588; x_wconf 87' lang='lat' dir='ltr'><strong>poenn</strong></span> <span class='ocrx_word' id='word_1_224' title='bbox 866 2515 964 2573; x_wconf 89' lang='lat' dir='ltr'><strong>damni</strong></span> <span class='ocrx_word' id='word_1_225' title='bbox 988 2517 1060 2574; x_wconf 83' lang='lat' dir='ltr'><strong>citra</strong></span> <span class='ocrx_word' id='word_1_226' title='bbox 1082 2534 1196 2592; x_wconf 89' lang='lat' dir='ltr'><strong>poenam</strong></span> <span class='ocrx_word' id='word_1_227' title='bbox 1220 2521 1296 2592; x_wconf 84' lang='lat' dir='ltr'><strong>ignis</strong></span> <span class='ocrx_word' id='word_1_228' title='bbox 1319 2540 1370 2597; x_wconf 91' lang='lat' dir='ltr'><strong>pu-</strong></span> 
     </span>
     <span class='ocr_line' id='line_1_28' title="bbox 99 2597 229 2664; baseline -0.008 -12"><span class='ocrx_word' id='word_1_229' title='bbox 99 2597 229 2664; x_wconf 87' lang='lat' dir='ltr'><strong>niantur;</strong></span> 
     </span>
    </p>

    <p class='ocr_par' dir='ltr' id='par_1_14' title="bbox 101 2674 1371 2910">
     <span class='ocr_line' id='line_1_29' title="bbox 131 2674 1369 2748; baseline 0.006 -16"><span class='ocrx_word' id='word_1_230' title='bbox 131 2675 253 2733; x_wconf 85' lang='lat' dir='ltr'><strong>Perinde</strong></span> <span class='ocrx_word' id='word_1_231' title='bbox 267 2691 301 2732; x_wconf 89' lang='lat' dir='ltr'><strong>ac</strong></span> <span class='ocrx_word' id='word_1_232' title='bbox 320 2676 345 2733; x_wconf 87' lang='lat' dir='ltr'><strong>si</strong></span> <span class='ocrx_word' id='word_1_233' title='bbox 361 2676 414 2732; x_wconf 91' lang='lat' dir='ltr'><strong>hoc</strong></span> <span class='ocrx_word' id='word_1_234' title='bbox 429 2675 492 2748; x_wconf 89' lang='lat' dir='ltr'><strong>ipso</strong></span> <span class='ocrx_word' id='word_1_235' title='bbox 508 2674 597 2748; x_wconf 88' lang='lat' dir='ltr'><strong>quod,</strong></span> <span class='ocrx_word' id='word_1_236' title='bbox 615 2675 665 2748; x_wconf 87' lang='lat' dir='ltr'><strong>qui</strong></span> <span class='ocrx_word' id='word_1_237' title='bbox 683 2691 797 2748; x_wconf 74' lang='lat' dir='ltr'><strong>paenam</strong></span> <span class='ocrx_word' id='word_1_238' title='bbox 816 2676 891 2748; x_wconf 83' lang='lat' dir='ltr'><strong>ignis</strong></span> <span class='ocrx_word' id='word_1_239' title='bbox 909 2679 1071 2747; x_wconf 86' lang='lat' dir='ltr'><strong>removent,</strong></span> <span class='ocrx_word' id='word_1_240' title='bbox 1088 2678 1257 2738; x_wconf 85' lang='lat' dir='ltr'><strong>inducerent</strong></span> <span class='ocrx_word' id='word_1_241' title='bbox 1274 2682 1369 2740; x_wconf 88' lang='lat' dir='ltr'><strong>locum</strong></span> 
     </span>
     <span class='ocr_line' id='line_1_30' title="bbox 101 2754 1371 2830; baseline 0.007 -18"><span class='ocrx_word' id='word_1_242' title='bbox 101 2755 180 2812; x_wconf 89' lang='lat' dir='ltr'><strong>illurn</strong></span> <span class='ocrx_word' id='word_1_243' title='bbox 194 2757 224 2814; x_wconf 90' lang='lat' dir='ltr'><strong>et</strong></span> <span class='ocrx_word' id='word_1_244' title='bbox 237 2759 345 2813; x_wconf 89' lang='lat' dir='ltr'><strong>statum</strong></span> <span class='ocrx_word' id='word_1_245' title='bbox 358 2755 486 2813; x_wconf 89' lang='lat' dir='ltr'><strong>medium</strong></span> <span class='ocrx_word' id='word_1_246' title='bbox 499 2757 644 2828; x_wconf 82' lang='lat' dir='ltr'><strong>expertem</strong></span> <span class='ocrx_word' id='word_1_247' title='bbox 664 2754 755 2830; x_wconf 80' lang='lat' dir='ltr'><strong>culpae</strong></span> <span class='ocrx_word' id='word_1_248' title='bbox 772 2757 801 2812; x_wconf 89' lang='lat' dir='ltr'><strong>et</strong></span> <span class='ocrx_word' id='word_1_249' title='bbox 813 2771 905 2830; x_wconf 87' lang='lat' dir='ltr'><strong>poenae</strong></span> <span class='ocrx_word' id='word_1_250' title='bbox 920 2757 1128 2829; x_wconf 81' lang='lat' dir='ltr'><strong>interregnum</strong></span> <span class='ocrx_word' id='word_1_251' title='bbox 1143 2761 1195 2817; x_wconf 85' lang='lat' dir='ltr'><strong>Dei</strong></span> <span class='ocrx_word' id='word_1_252' title='bbox 1210 2763 1239 2818; x_wconf 90' lang='lat' dir='ltr'><strong>et</strong></span> <span class='ocrx_word' id='word_1_253' title='bbox 1254 2762 1371 2822; x_wconf 89' lang='lat' dir='ltr'><strong>demna·</strong></span> 
     </span>
     <span class='ocr_line' id='line_1_31' title="bbox 103 2834 900 2910; baseline 0 -18"><span class='ocrx_word' id='word_1_254' title='bbox 103 2836 204 2894; x_wconf 90' lang='lat' dir='ltr'><strong>tionem</strong></span> <span class='ocrx_word' id='word_1_255' title='bbox 218 2839 372 2905; x_wconf 80' lang='lat' dir='ltr'><strong>aeternam,</strong></span> <span class='ocrx_word' id='word_1_256' title='bbox 387 2834 501 2910; x_wconf 87' lang='lat' dir='ltr'><strong>qualem</strong></span> <span class='ocrx_word' id='word_1_257' title='bbox 515 2835 718 2893; x_wconf 83' lang='lat' dir='ltr'><strong>tabulabantur</strong></span> <span class='ocrx_word' id='word_1_258' title='bbox 732 2835 879 2909; x_wconf 77' lang='lat' dir='ltr'><strong>pelagiani</strong></span> <span class='ocrx_word' id='word_1_259' title='bbox 894 2857 900 2892; x_wconf 91' lang='lat'><strong>:</strong></span> 
     </span>
    </p>
   </div>
   <div class='ocr_carea' id='block_1_9' title="bbox 338 2921 1131 2997">
    <p class='ocr_par' dir='ltr' id='par_1_15' title="bbox 338 2921 1131 2997">
     <span class='ocr_line' id='line_1_32' title="bbox 338 2921 1131 2997; baseline 0.004 -17"><span class='ocrx_word' id='word_1_260' title='bbox 338 2922 437 2993; x_wconf 85' lang='lat' dir='ltr'><strong>Falsa,</strong></span> <span class='ocrx_word' id='word_1_261' title='bbox 452 2923 617 2992; x_wconf 88' lang='lat' dir='ltr'><strong>temeraria,</strong></span> <span class='ocrx_word' id='word_1_262' title='bbox 634 2922 665 2978; x_wconf 94' lang='lat' dir='ltr'><strong>in</strong></span> <span class='ocrx_word' id='word_1_263' title='bbox 680 2921 794 2979; x_wconf 88' lang='lat' dir='ltr'><strong>scholas</strong></span> <span class='ocrx_word' id='word_1_264' title='bbox 808 2922 965 2980; x_wconf 89' lang='lat' dir='ltr'><strong>catholicas</strong></span> <span class='ocrx_word' id='word_1_265' title='bbox 981 2924 1131 2997; x_wconf 78' lang='lat' dir='ltr'><strong>injuriosa.</strong></span> 
     </span>
    </p>
   </div>
   <div class='ocr_carea' id='block_1_10' title="bbox 318 3115 1154 3240">
    <p class='ocr_par' dir='ltr' id='par_1_16' title="bbox 318 3115 1154 3240">
     <span class='ocr_line' id='line_1_33' title="bbox 318 3115 1154 3170; baseline 0.006 -13"><span class='ocrx_word' id='word_1_266' title='bbox 318 3116 353 3158; x_wconf 74' lang='lat' dir='ltr'><strong>DE</strong></span> <span class='ocrx_word' id='word_1_267' title='bbox 370 3116 574 3170; x_wconf 70' lang='grc' dir='ltr'><strong>ΒΑΟΒΑΙΒΝΤΙΒ,</strong></span> <span class='ocrx_word' id='word_1_268' title='bbox 592 3116 628 3158; x_wconf 73' lang='grc' dir='ltr'><strong>ΔΟ</strong></span> <span class='ocrx_word' id='word_1_269' title='bbox 647 3117 758 3160; x_wconf 70' lang='lat' dir='ltr'><strong>Patitur(</strong></span> <span class='ocrx_word' id='word_1_270' title='bbox 778 3115 813 3158; x_wconf 71' lang='lat' dir='ltr'><strong>lis</strong></span> <span class='ocrx_word' id='word_1_271' title='bbox 832 3116 926 3160; x_wconf 70' lang='lat' dir='ltr'><strong>Foliss</strong></span> <span class='ocrx_word' id='word_1_272' title='bbox 945 3117 1154 3162; x_wconf 71' lang='lat' dir='ltr'><strong>secundumn</strong></span> 
     </span>
     <span class='ocr_line' id='line_1_34' title="bbox 538 3195 934 3240; baseline 0.005 -2"><span class='ocrx_word' id='word_1_273' title='bbox 538 3195 593 3238; x_wconf 80' lang='lat' dir='ltr'><strong>cun</strong></span> <span class='ocrx_word' id='word_1_274' title='bbox 612 3196 751 3239; x_wconf 65' lang='lat' dir='ltr'><strong>inludens</strong></span> <span class='ocrx_word' id='word_1_275' title='bbox 770 3196 934 3240; x_wconf 72' lang='lat' dir='ltr'><strong>consistoria</strong></span> 
     </span>
    </p>
   </div>
   <div class='ocr_carea' id='block_1_11' title="bbox 223 3285 467 3360">
    <p class='ocr_par' dir='ltr' id='par_1_17' title="bbox 223 3285 467 3360">
     <span class='ocr_line' id='line_1_35' title="bbox 223 3285 467 3360; baseline 0.004 -17"><span class='ocrx_word' id='word_1_276' title='bbox 223 3285 267 3343; x_wconf 85' lang='lat' dir='ltr'><strong>De</strong></span> <span class='ocrx_word' id='word_1_277' title='bbox 285 3286 373 3360; x_wconf 85' lang='lat' dir='ltr'><strong>Bapt.</strong></span> <span class='ocrx_word' id='word_1_278' title='bbox 389 3287 409 3360; x_wconf 63' lang='grc' dir='ltr'><strong>ς</strong></span> <span class='ocrx_word' id='word_1_279' title='bbox 423 3287 467 3344; x_wconf 81' lang='lat' dir='ltr'><strong>m.</strong></span> 
     </span>
    </p>
   </div>
   <div class='ocr_carea' id='block_1_12' title="bbox 105 3359 1374 3592">
    <p class='ocr_par' dir='ltr' id='par_1_18' title="bbox 105 3359 1374 3592">
     <span class='ocr_line' id='line_1_36' title="bbox 136 3359 1373 3452; baseline 0.006 -20"><span class='ocrx_word' id='word_1_280' title='bbox 136 3375 180 3432; x_wconf 77' lang='lat' dir='ltr'><strong>n.</strong></span> <span class='ocrx_word' id='word_1_281' title='bbox 199 3373 376 3432; x_wconf 84' lang='lat' dir='ltr'><strong>Deliberatio</strong></span> <span class='ocrx_word' id='word_1_282' title='bbox 399 3373 521 3447; x_wconf 79' lang='lat' dir='ltr'><strong>synodi,</strong></span> <span class='ocrx_word' id='word_1_283' title='bbox 544 3389 613 3446; x_wconf 88' lang='lat' dir='ltr'><strong>qua,</strong></span> <span class='ocrx_word' id='word_1_284' title='bbox 633 3375 771 3449; x_wconf 71' lang='lat' dir='ltr'><strong>praetextu</strong></span> <span class='ocrx_word' id='word_1_285' title='bbox 793 3375 967 3432; x_wconf 83' lang='lat' dir='ltr'><strong>adhaesionis</strong></span> <span class='ocrx_word' id='word_1_286' title='bbox 983 3375 1018 3432; x_wconf 89' lang='lat' dir='ltr'><strong>ad</strong></span> <span class='ocrx_word' id='word_1_287' title='bbox 1034 3359 1168 3452; x_wconf 84' lang='lat' dir='ltr'><strong>antiquos</strong></span> <span class='ocrx_word' id='word_1_288' title='bbox 1186 3397 1326 3451; x_wconf 88' lang='lat' dir='ltr'><strong>canones,</strong></span> <span class='ocrx_word' id='word_1_289' title='bbox 1343 3383 1373 3438; x_wconf 92' lang='lat' dir='ltr'><strong>in</strong></span> 
     </span>
     <span class='ocr_line' id='line_1_37' title="bbox 105 3453 1374 3592; baseline 0.008 -83"><span class='ocrx_word' id='word_1_290' title='bbox 105 3453 483 3592; x_wconf 47' lang='lat' dir='ltr'><strong>pinepaldpllslilimlltssptligmetis,</strong></span> <span class='ocrx_word' id='word_1_291' title='bbox 500 3453 680 3528; x_wconf 87' lang='lat' dir='ltr'><strong>propositum</strong></span> <span class='ocrx_word' id='word_1_292' title='bbox 699 3470 785 3512; x_wconf 86' lang='lat' dir='ltr'><strong>suum</strong></span> <span class='ocrx_word' id='word_1_293' title='bbox 803 3454 930 3514; x_wconf 90' lang='lat' dir='ltr'><strong>declarat</strong></span> <span class='ocrx_word' id='word_1_294' title='bbox 943 3454 979 3511; x_wconf 92' lang='lat' dir='ltr'><strong>de</strong></span> <span class='ocrx_word' id='word_1_295' title='bbox 995 3457 1153 3516; x_wconf 89' lang='lat' dir='ltr'><strong>omittenda</strong></span> <span class='ocrx_word' id='word_1_296' title='bbox 1167 3461 1265 3518; x_wconf 84' lang='lat' dir='ltr'><strong>lormae</strong></span> <span class='ocrx_word' id='word_1_297' title='bbox 1277 3461 1374 3519; x_wconf 93' lang='lat' dir='ltr'><strong>condi-</strong></span> 
     </span>
    </p>
   </div>
   <div class='ocr_carea' id='block_1_13' title="bbox 302 3613 1173 3688">
    <p class='ocr_par' dir='ltr' id='par_1_19' title="bbox 302 3613 1173 3688">
     <span class='ocr_line' id='line_1_38' title="bbox 302 3613 1173 3688; baseline 0.007 -16"><span class='ocrx_word' id='word_1_298' title='bbox 302 3615 480 3687; x_wconf 86' lang='lat' dir='ltr'><strong>Temsraria,</strong></span> <span class='ocrx_word' id='word_1_299' title='bbox 493 3615 589 3688; x_wconf 80' lang='lat' dir='ltr'><strong>praxi,</strong></span> <span class='ocrx_word' id='word_1_300' title='bbox 605 3613 678 3687; x_wconf 80' lang='lat' dir='ltr'><strong>legi,</strong></span> <span class='ocrx_word' id='word_1_301' title='bbox 693 3615 856 3673; x_wconf 83' lang='lat' dir='ltr'><strong>auctoritati</strong></span> <span class='ocrx_word' id='word_1_302' title='bbox 870 3615 1007 3674; x_wconf 77' lang='lat' dir='ltr'><strong>Ecclesiae</strong></span> <span class='ocrx_word' id='word_1_303' title='bbox 1021 3619 1173 3678; x_wconf 87' lang='lat' dir='ltr'><strong>contraria.</strong></span> 
     </span>
    </p>
   </div>
   <div class='ocr_carea' id='block_1_14' title="bbox 367 3781 1117 3830">
    <p class='ocr_par' dir='ltr' id='par_1_20' title="bbox 367 3781 1117 3830">
     <span class='ocr_line' id='line_1_39' title="bbox 367 3781 1117 3830; baseline 0.011 -8"><span class='ocrx_word' id='word_1_304' title='bbox 367 3781 401 3825; x_wconf 77' lang='lat' dir='ltr'><strong>DE</strong></span> <span class='ocrx_word' id='word_1_305' title='bbox 419 3783 646 3827; x_wconf 77' lang='lat' dir='ltr'><strong>rsnrlcrrsnrons</strong></span> <span class='ocrx_word' id='word_1_306' title='bbox 664 3781 788 3824; x_wconf 74' lang='lat' dir='ltr'><strong>t&#39;lcrrnn</strong></span> <span class='ocrx_word' id='word_1_307' title='bbox 807 3783 836 3826; x_wconf 83' lang='lat' dir='ltr'><strong>tlt</strong></span> <span class='ocrx_word' id='word_1_308' title='bbox 855 3783 1011 3828; x_wconf 79' lang='lat' dir='ltr'><strong>sncnrrtclo</strong></span> <span class='ocrx_word' id='word_1_309' title='bbox 1030 3787 1117 3830; x_wconf 65' lang='grc' dir='ltr'><strong>ΗΜ</strong></span> 
     </span>
    </p>
   </div>
   <div class='ocr_carea' id='block_1_15' title="bbox 106 3974 1381 4532">
    <p class='ocr_par' dir='ltr' id='par_1_21' title="bbox 106 3974 1379 4370">
     <span class='ocr_line' id='line_1_40' title="bbox 140 3974 1377 4053; baseline 0.006 -22"><span class='ocrx_word' id='word_1_310' title='bbox 140 3974 185 4034; x_wconf 72' lang='lat'><strong>28.</strong></span> <span class='ocrx_word' id='word_1_311' title='bbox 204 3976 364 4050; x_wconf 87' lang='lat' dir='ltr'><strong>Propositio</strong></span> <span class='ocrx_word' id='word_1_312' title='bbox 378 3975 499 4048; x_wconf 77' lang='lat' dir='ltr'><strong>synodi,</strong></span> <span class='ocrx_word' id='word_1_313' title='bbox 515 3991 585 4050; x_wconf 88' lang='lat' dir='ltr'><strong>qua,</strong></span> <span class='ocrx_word' id='word_1_314' title='bbox 601 3977 751 4050; x_wconf 88' lang='lat' dir='ltr'><strong>postquem</strong></span> <span class='ocrx_word' id='word_1_315' title='bbox 769 3975 871 4032; x_wconf 81' lang='lat' dir='ltr'><strong>statuit</strong></span> <span class='ocrx_word' id='word_1_316' title='bbox 888 3975 1026 4037; x_wconf 77' lang='lat' dir='ltr'><strong>Victima</strong></span> <span class='ocrx_word' id='word_1_317' title='bbox 1038 3977 1303 4053; x_wconf 80' lang='lat' dir='ltr'><strong>participationem</strong></span> <span class='ocrx_word' id='word_1_318' title='bbox 1317 4001 1377 4042; x_wconf 81' lang='lat' dir='ltr'><strong>esee</strong></span> 
     </span>
     <span class='ocr_line' id='line_1_41' title="bbox 106 4055 1377 4129; baseline 0.007 -16"><span class='ocrx_word' id='word_1_319' title='bbox 106 4063 222 4128; x_wconf 83' lang='lat' dir='ltr'><strong>partem</strong></span> <span class='ocrx_word' id='word_1_320' title='bbox 234 4055 392 4129; x_wconf 65' lang='lat' dir='ltr'><strong>Saarifino</strong></span> <span class='ocrx_word' id='word_1_321' title='bbox 406 4055 611 4124; x_wconf 62' lang='lat' dir='ltr'><strong>nuntiatam</strong></span> <span class='ocrx_word' id='word_1_322' title='bbox 625 4055 790 4128; x_wconf 78' lang='lat' dir='ltr'><strong>subjungit,</strong></span> <span class='ocrx_word' id='word_1_323' title='bbox 804 4072 869 4113; x_wconf 90' lang='lat' dir='ltr'><strong>nan</strong></span> <span class='ocrx_word' id='word_1_324' title='bbox 883 4062 984 4116; x_wconf 78' lang='lat' dir='ltr'><strong>tantan</strong></span> <span class='ocrx_word' id='word_1_325' title='bbox 999 4075 1031 4118; x_wconf 86' lang='lat' dir='ltr'><strong>ee</strong></span> <span class='ocrx_word' id='word_1_326' title='bbox 1046 4059 1194 4118; x_wconf 83' lang='lat' dir='ltr'><strong>damnare</strong></span> <span class='ocrx_word' id='word_1_327' title='bbox 1206 4066 1241 4117; x_wconf 90' lang='lat' dir='ltr'><strong>at</strong></span> <span class='ocrx_word' id='word_1_328' title='bbox 1252 4060 1377 4122; x_wconf 81' lang='lat' dir='ltr'><strong>illicitas</strong></span> 
     </span>
     <span class='ocr_line' id='line_1_42' title="bbox 108 4134 1379 4210; baseline 0.006 -18"><span class='ocrx_word' id='word_1_329' title='bbox 108 4135 216 4194; x_wconf 81' lang='lat' dir='ltr'><strong>dliseas</strong></span> <span class='ocrx_word' id='word_1_330' title='bbox 234 4134 318 4207; x_wconf 87' lang='lat' dir='ltr'><strong>illae,</strong></span> <span class='ocrx_word' id='word_1_331' title='bbox 337 4136 374 4193; x_wconf 89' lang='lat' dir='ltr'><strong>in</strong></span> <span class='ocrx_word' id='word_1_332' title='bbox 392 4135 502 4210; x_wconf 84' lang='lat' dir='ltr'><strong>quibas</strong></span> <span class='ocrx_word' id='word_1_333' title='bbox 520 4134 672 4192; x_wconf 80' lang='lat' dir='ltr'><strong>adstantes</strong></span> <span class='ocrx_word' id='word_1_334' title='bbox 689 4134 950 4194; x_wconf 81' lang='lat' dir='ltr'><strong>sacramentaliter</strong></span> <span class='ocrx_word' id='word_1_335' title='bbox 968 4155 1032 4194; x_wconf 86' lang='lat' dir='ltr'><strong>nan</strong></span> <span class='ocrx_word' id='word_1_336' title='bbox 1050 4139 1291 4210; x_wconf 78' lang='lat' dir='ltr'><strong>cornmrmieant,</strong></span> <span class='ocrx_word' id='word_1_337' title='bbox 1310 4143 1379 4202; x_wconf 86' lang='lat' dir='ltr'><strong>ideo</strong></span> 
     </span>
     <span class='ocr_line' id='line_1_43' title="bbox 108 4213 1378 4294; baseline 0.008 -23"><span class='ocrx_word' id='word_1_338' title='bbox 108 4215 180 4288; x_wconf 82' lang='lat' dir='ltr'><strong>quia</strong></span> <span class='ocrx_word' id='word_1_339' title='bbox 192 4213 247 4272; x_wconf 87' lang='lat' dir='ltr'><strong>isti</strong></span> <span class='ocrx_word' id='word_1_340' title='bbox 259 4215 463 4292; x_wconf 80' lang='lat' dir='ltr'><strong>participant,</strong></span> <span class='ocrx_word' id='word_1_341' title='bbox 479 4213 546 4274; x_wconf 82' lang='lat' dir='ltr'><strong>licet</strong></span> <span class='ocrx_word' id='word_1_342' title='bbox 562 4215 668 4272; x_wconf 83' lang='lat' dir='ltr'><strong>minus</strong></span> <span class='ocrx_word' id='word_1_343' title='bbox 681 4215 827 4289; x_wconf 78' lang='lat' dir='ltr'><strong>perfecte,</strong></span> <span class='ocrx_word' id='word_1_344' title='bbox 847 4215 883 4272; x_wconf 89' lang='lat' dir='ltr'><strong>de</strong></span> <span class='ocrx_word' id='word_1_345' title='bbox 904 4216 972 4292; x_wconf 85' lang='lat' dir='ltr'><strong>ipsa</strong></span> <span class='ocrx_word' id='word_1_346' title='bbox 995 4215 1139 4286; x_wconf 85' lang='lat' dir='ltr'><strong>Victima,</strong></span> <span class='ocrx_word' id='word_1_347' title='bbox 1156 4219 1271 4294; x_wconf 78' lang='lat' dir='ltr'><strong>spirita</strong></span> <span class='ocrx_word' id='word_1_348' title='bbox 1290 4221 1378 4281; x_wconf 86' lang='lat' dir='ltr'><strong>iliam</strong></span> 
     </span>
     <span class='ocr_line' id='line_1_44' title="bbox 107 4295 300 4370; baseline 0 -17"><span class='ocrx_word' id='word_1_349' title='bbox 107 4295 300 4370; x_wconf 68' lang='lat' dir='ltr'><strong>recipiendo:</strong></span> 
     </span>
    </p>

    <p class='ocr_par' dir='ltr' id='par_1_22' title="bbox 110 4374 1381 4532">
     <span class='ocr_line' id='line_1_45' title="bbox 142 4374 1380 4450; baseline 0.005 -16"><span class='ocrx_word' id='word_1_350' title='bbox 142 4377 292 4445; x_wconf 87' lang='lat' dir='ltr'><strong>Quatenus</strong></span> <span class='ocrx_word' id='word_1_351' title='bbox 311 4376 456 4447; x_wconf 89' lang='lat' dir='ltr'><strong>insinuat,</strong></span> <span class='ocrx_word' id='word_1_352' title='bbox 478 4376 513 4433; x_wconf 95' lang='lat' dir='ltr'><strong>ad</strong></span> <span class='ocrx_word' id='word_1_353' title='bbox 534 4374 675 4435; x_wconf 86' lang='lat' dir='ltr'><strong>Sacrificii</strong></span> <span class='ocrx_word' id='word_1_354' title='bbox 694 4376 852 4434; x_wconf 87' lang='lat' dir='ltr'><strong>essentiam</strong></span> <span class='ocrx_word' id='word_1_355' title='bbox 875 4376 978 4434; x_wconf 89' lang='lat' dir='ltr'><strong>deesse</strong></span> <span class='ocrx_word' id='word_1_356' title='bbox 998 4375 1109 4450; x_wconf 86' lang='lat' dir='ltr'><strong>aliquid</strong></span> <span class='ocrx_word' id='word_1_357' title='bbox 1132 4378 1163 4438; x_wconf 93' lang='lat' dir='ltr'><strong>in</strong></span> <span class='ocrx_word' id='word_1_358' title='bbox 1181 4397 1215 4438; x_wconf 90' lang='lat' dir='ltr'><strong>eo</strong></span> <span class='ocrx_word' id='word_1_359' title='bbox 1239 4383 1380 4442; x_wconf 87' lang='lat' dir='ltr'><strong>sacrificio</strong></span> 
     </span>
     <span class='ocr_line' id='line_1_46' title="bbox 110 4455 1381 4532; baseline 0.005 -18"><span class='ocrx_word' id='word_1_360' title='bbox 110 4456 183 4528; x_wconf 86' lang='lat' dir='ltr'><strong>quod</strong></span> <span class='ocrx_word' id='word_1_361' title='bbox 203 4459 355 4532; x_wconf 79' lang='lat' dir='ltr'><strong>peragatur</strong></span> <span class='ocrx_word' id='word_1_362' title='bbox 369 4458 431 4516; x_wconf 82' lang='lat' dir='ltr'><strong>sire</strong></span> <span class='ocrx_word' id='word_1_363' title='bbox 450 4456 529 4514; x_wconf 93' lang='lat' dir='ltr'><strong>nullo</strong></span> <span class='ocrx_word' id='word_1_364' title='bbox 551 4455 684 4514; x_wconf 85' lang='lat' dir='ltr'><strong>adstante</strong></span> <span class='ocrx_word' id='word_1_365' title='bbox 706 4456 768 4514; x_wconf 84' lang='lat' dir='ltr'><strong>sive</strong></span> <span class='ocrx_word' id='word_1_366' title='bbox 786 4455 967 4515; x_wconf 87' lang='lat' dir='ltr'><strong>adstantibus</strong></span> <span class='ocrx_word' id='word_1_367' title='bbox 986 4455 1036 4531; x_wconf 90' lang='lat' dir='ltr'><strong>qui</strong></span> <span class='ocrx_word' id='word_1_368' title='bbox 1057 4473 1111 4517; x_wconf 89' lang='lat' dir='ltr'><strong>nec</strong></span> <span class='ocrx_word' id='word_1_369' title='bbox 1134 4463 1381 4522; x_wconf 85' lang='lat' dir='ltr'><strong>sacramentaliter</strong></span> 
     </span>
    </p>
   </div>
   <div class='ocr_carea' id='block_1_16' title="bbox 0 0 1616 5002">
    <p class='ocr_par' dir='ltr' id='par_1_23' title="bbox 0 0 1616 5002">
     <span class='ocr_line' id='line_1_47' title="bbox 0 0 1616 5002; baseline 0 0"><span class='ocrx_word' id='word_1_370' title='bbox 0 0 1616 5002; x_wconf 95' lang='lat' dir='ltr'><strong> </strong></span> 
     </span>
    </p>
   </div>
  </div>
 </body>
</html>
