<?xml version="1.0" encoding="UTF-8"?>
<!DOCTYPE html PUBLIC "-//W3C//DTD XHTML 1.0 Transitional//EN"
    "http://www.w3.org/TR/xhtml1/DTD/xhtml1-transitional.dtd">
<html xmlns="http://www.w3.org/1999/xhtml" xml:lang="en" lang="en">
 <head>
  <title>
</title>
<meta http-equiv="Content-Type" content="text/html;charset=utf-8" />
  <meta name='ocr-system' content='tesseract 3.04.00' />
  <meta name='ocr-capabilities' content='ocr_page ocr_carea ocr_par ocr_line ocrx_word'/>
</head>
<body>
  <div class='ocr_page' id='page_1' title='image "./compendiumtheol02gurygoog_0414.png"; bbox 0 0 3156 5026; ppageno 0'>
   <div class='ocr_carea' id='block_1_1' title="bbox 555 237 1380 298">
    <p class='ocr_par' dir='ltr' id='par_1_1' title="bbox 555 237 1380 298">
     <span class='ocr_line' id='line_1_1' title="bbox 555 237 1380 298; baseline 0.008 -7"><span class='ocrx_word' id='word_1_1' title='bbox 555 246 598 291; x_wconf 78' lang='lat' dir='ltr'>bn</span> <span class='ocrx_word' id='word_1_2' title='bbox 618 244 782 290; x_wconf 72' lang='lat' dir='ltr'>tussim</span> <span class='ocrx_word' id='word_1_3' title='bbox 802 244 844 290; x_wconf 78' lang='lat' dir='ltr'>BT</span> <span class='ocrx_word' id='word_1_4' title='bbox 863 245 950 290; x_wconf 74' lang='lat' dir='ltr'>subu</span> <span class='ocrx_word' id='word_1_5' title='bbox 1314 237 1380 298; x_wconf 78' lang='lat'>39¹1</span> 
     </span>
    </p>
   </div>
   <div class='ocr_carea' id='block_1_2' title="bbox 106 355 1385 3992">
    <p class='ocr_par' dir='ltr' id='par_1_2' title="bbox 113 355 1380 710">
     <span class='ocr_line' id='line_1_2' title="bbox 113 355 1380 446; baseline -0.001 -19"><span class='ocrx_word' id='word_1_6' title='bbox 113 363 312 446; x_wconf 89' lang='lat' dir='ltr'>requiruntur</span> <span class='ocrx_word' id='word_1_7' title='bbox 330 365 362 422; x_wconf 89' lang='grc'>01</span> <span class='ocrx_word' id='word_1_8' title='bbox 378 355 548 432; x_wconf 78' lang='lat' dir='ltr'>sufficiunt,</span> <span class='ocrx_word' id='word_1_9' title='bbox 568 355 596 418; x_wconf 92' lang='lat' dir='ltr'>si</span> <span class='ocrx_word' id='word_1_10' title='bbox 609 373 700 418; x_wconf 86' lang='lat' dir='ltr'>verus</span> <span class='ocrx_word' id='word_1_11' title='bbox 717 355 862 418; x_wconf 92' lang='lat' dir='ltr'>dominus</span> <span class='ocrx_word' id='word_1_12' title='bbox 876 355 917 418; x_wconf 93' lang='lat' dir='ltr'>sit</span> <span class='ocrx_word' id='word_1_13' title='bbox 932 373 1080 436; x_wconf 79' lang='lat' dir='ltr'>presens,</span> <span class='ocrx_word' id='word_1_14' title='bbox 1094 356 1201 433; x_wconf 89' lang='lat' dir='ltr'>idest,</span> <span class='ocrx_word' id='word_1_15' title='bbox 1220 359 1246 421; x_wconf 92' lang='grc'>01</span> <span class='ocrx_word' id='word_1_16' title='bbox 1260 360 1380 428; x_wconf 86' lang='lat' dir='ltr'>habitet</span> 
     </span>
     <span class='ocr_line' id='line_1_3' title="bbox 113 443 1378 530; baseline -0.001 -14"><span class='ocrx_word' id='word_1_17' title='bbox 113 452 260 516; x_wconf 86' lang='lat' dir='ltr'>ineadem</span> <span class='ocrx_word' id='word_1_18' title='bbox 271 445 434 530; x_wconf 83' lang='lat' dir='ltr'>provincia,</span> <span class='ocrx_word' id='word_1_19' title='bbox 443 445 479 507; x_wconf 91' lang='lat' dir='ltr'>in</span> <span class='ocrx_word' id='word_1_20' title='bbox 488 463 549 526; x_wconf 87' lang='lat' dir='ltr'>qua</span> <span class='ocrx_word' id='word_1_21' title='bbox 561 443 819 528; x_wconf 87' lang='lat' dir='ltr'>situsestfundus</span> <span class='ocrx_word' id='word_1_22' title='bbox 830 444 1050 525; x_wconf 80' lang='lat' dir='ltr'>prascriptioni</span> <span class='ocrx_word' id='word_1_23' title='bbox 1060 443 1225 522; x_wconf 59' lang='lat' dir='ltr'>obnoxium</span> <span class='ocrx_word' id='word_1_24' title='bbox 1235 448 1261 510; x_wconf 91' lang='lat' dir='ltr'>si</span> <span class='ocrx_word' id='word_1_25' title='bbox 1273 457 1378 515; x_wconf 87' lang='lat' dir='ltr'>autem</span> 
     </span>
     <span class='ocr_line' id='line_1_4' title="bbox 114 531 1379 617; baseline 0 -13"><span class='ocrx_word' id='word_1_26' title='bbox 114 559 204 604; x_wconf 88' lang='lat' dir='ltr'>verus</span> <span class='ocrx_word' id='word_1_27' title='bbox 216 537 358 602; x_wconf 89' lang='lat' dir='ltr'>dominus</span> <span class='ocrx_word' id='word_1_28' title='bbox 370 534 411 598; x_wconf 91' lang='lat' dir='ltr'>sit</span> <span class='ocrx_word' id='word_1_29' title='bbox 422 534 546 610; x_wconf 91' lang='lat' dir='ltr'>absens,</span> <span class='ocrx_word' id='word_1_30' title='bbox 558 533 634 596; x_wconf 87' lang='lat' dir='ltr'>anni</span> <span class='ocrx_word' id='word_1_31' title='bbox 645 531 792 596; x_wconf 78' lang='lat' dir='ltr'>absentie</span> <span class='ocrx_word' id='word_1_32' title='bbox 801 532 1007 614; x_wconf 76' lang='lat' dir='ltr'>duplicantur.</span> <span class='ocrx_word' id='word_1_33' title='bbox 1021 535 1091 596; x_wconf 82' lang='lat' dir='ltr'>Haeo</span> <span class='ocrx_word' id='word_1_34' title='bbox 1104 540 1209 598; x_wconf 89' lang='lat' dir='ltr'>antem</span> <span class='ocrx_word' id='word_1_35' title='bbox 1223 539 1379 617; x_wconf 81' lang='lat' dir='ltr'>provincia</span> 
     </span>
     <span class='ocr_line' id='line_1_5' title="bbox 113 621 723 710; baseline -0.015 -18"><span class='ocrx_word' id='word_1_36' title='bbox 113 629 230 710; x_wconf 77' lang='lat' dir='ltr'>legibus</span> <span class='ocrx_word' id='word_1_37' title='bbox 243 622 475 707; x_wconf 74' lang='lat' dir='ltr'>particularibus</span> <span class='ocrx_word' id='word_1_38' title='bbox 489 621 723 684; x_wconf 66' lang='lat' dir='ltr'><strong>determinatur.</strong></span> 
     </span>
    </p>

    <p class='ocr_par' dir='ltr' id='par_1_3' title="bbox 112 709 1380 956">
     <span class='ocr_line' id='line_1_6' title="bbox 152 709 1380 794; baseline 0.001 -13"><span class='ocrx_word' id='word_1_39' title='bbox 152 720 189 780; x_wconf 90' lang='lat' dir='ltr'>in</span> <span class='ocrx_word' id='word_1_40' title='bbox 205 715 300 781; x_wconf 85' lang='lat' dir='ltr'>Gallia</span> <span class='ocrx_word' id='word_1_41' title='bbox 318 730 449 794; x_wconf 86' lang='lat' dir='ltr'>praesens</span> <span class='ocrx_word' id='word_1_42' title='bbox 467 710 580 775; x_wconf 85' lang='lat' dir='ltr'>dieitur</span> <span class='ocrx_word' id='word_1_43' title='bbox 596 728 687 774; x_wconf 82' lang='lat' dir='ltr'>verus</span> <span class='ocrx_word' id='word_1_44' title='bbox 703 709 862 786; x_wconf 90' lang='lat' dir='ltr'>dominus,</span> <span class='ocrx_word' id='word_1_45' title='bbox 884 709 910 773; x_wconf 94' lang='lat' dir='ltr'>si</span> <span class='ocrx_word' id='word_1_46' title='bbox 928 710 1119 794; x_wconf 80' lang='lat' dir='ltr'>domicilium</span> <span class='ocrx_word' id='word_1_47' title='bbox 1136 713 1248 777; x_wconf 86' lang='lat' dir='ltr'>habeat</span> <span class='ocrx_word' id='word_1_48' title='bbox 1265 715 1300 780; x_wconf 91' lang='lat' dir='ltr'>in</span> <span class='ocrx_word' id='word_1_49' title='bbox 1316 718 1380 782; x_wconf 84' lang='lat' dir='ltr'>loeo</span> 
     </span>
     <span class='ocr_line' id='line_1_7' title="bbox 112 797 1379 886; baseline 0 -17"><span class='ocrx_word' id='word_1_50' title='bbox 112 805 245 886; x_wconf 80' lang='lat' dir='ltr'>subJeoto</span> <span class='ocrx_word' id='word_1_51' title='bbox 263 802 363 866; x_wconf 93' lang='lat' dir='ltr'>eidem</span> <span class='ocrx_word' id='word_1_52' title='bbox 379 799 477 865; x_wconf 74' lang='lat' dir='ltr'>Curiae</span> <span class='ocrx_word' id='word_1_53' title='bbox 494 798 643 880; x_wconf 83' lang='lat' dir='ltr'>superiori</span> <span class='ocrx_word' id='word_1_54' title='bbox 657 797 756 880; x_wconf 83' lang='lat' dir='ltr'>(Goar</span> <span class='ocrx_word' id='word_1_55' title='bbox 774 797 923 881; x_wconf 85' lang='lat' dir='ltr'>d&#39;eppel),</span> <span class='ocrx_word' id='word_1_56' title='bbox 940 799 975 864; x_wconf 90' lang='lat' dir='ltr'>in</span> <span class='ocrx_word' id='word_1_57' title='bbox 990 803 1077 882; x_wconf 84' lang='lat' dir='ltr'>eujus</span> <span class='ocrx_word' id='word_1_58' title='bbox 1097 801 1248 866; x_wconf 86' lang='lat' dir='ltr'>territorio</span> <span class='ocrx_word' id='word_1_59' title='bbox 1263 803 1379 869; x_wconf 83' lang='lat' dir='ltr'>fundus</span> 
     </span>
     <span class='ocr_line' id='line_1_8' title="bbox 112 895 195 956; baseline -0.012 0"><span class='ocrx_word' id='word_1_60' title='bbox 112 895 195 956; x_wconf 82' lang='grc'>0001.</span> 
     </span>
    </p>

    <p class='ocr_par' dir='ltr' id='par_1_4' title="bbox 107 913 1379 1134">
     <span class='ocr_line' id='line_1_9' title="bbox 107 913 1379 1064; baseline 0.001 -19"><span class='ocrx_word' id='word_1_61' title='bbox 107 913 118 975; x_wconf 61' lang='lat' dir='ltr'><strong>J</strong></span> <span class='ocrx_word' id='word_1_62' title='bbox 149 986 180 1045; x_wconf 71' lang='grc'>00</span> <span class='ocrx_word' id='word_1_63' title='bbox 199 985 313 1046; x_wconf 84' lang='lat' dir='ltr'>Omnes</span> <span class='ocrx_word' id='word_1_64' title='bbox 324 979 458 1044; x_wconf 74' lang='lat' dir='ltr'>actiones</span> <span class='ocrx_word' id='word_1_65' title='bbox 469 983 535 1042; x_wconf 88' lang='lat' dir='ltr'>tam</span> <span class='ocrx_word' id='word_1_66' title='bbox 546 976 745 1058; x_wconf 81' lang='lat' dir='ltr'>realesquam</span> <span class='ocrx_word' id='word_1_67' title='bbox 756 976 926 1056; x_wconf 78' lang='lat' dir='ltr'>personales</span> <span class='ocrx_word' id='word_1_68' title='bbox 938 995 990 1057; x_wconf 87' lang='lat' dir='ltr'>per</span> <span class='ocrx_word' id='word_1_69' title='bbox 1002 981 1042 1044; x_wconf 82' lang='lat'>30</span> <span class='ocrx_word' id='word_1_70' title='bbox 1053 996 1150 1042; x_wconf 88' lang='lat' dir='ltr'>annos</span> <span class='ocrx_word' id='word_1_71' title='bbox 1163 980 1379 1064; x_wconf 87' lang='lat' dir='ltr'>absquetitulo</span> 
     </span>
     <span class='ocr_line' id='line_1_10' title="bbox 127 1070 360 1134; baseline -0.013 0"><span class='ocrx_word' id='word_1_72' title='bbox 127 1070 360 1134; x_wconf 70' lang='lat' dir='ltr'>rescribuntur.</span> 
     </span>
    </p>

    <p class='ocr_par' dir='ltr' id='par_1_5' title="bbox 108 1090 1382 1766">
     <span class='ocr_line' id='line_1_11' title="bbox 108 1090 1378 1239; baseline 0.002 -16"><span class='ocrx_word' id='word_1_73' title='bbox 108 1090 128 1152; x_wconf 72' lang='lat' dir='ltr'>p</span> <span class='ocrx_word' id='word_1_74' title='bbox 148 1164 180 1223; x_wconf 86' lang='grc'>30</span> <span class='ocrx_word' id='word_1_75' title='bbox 202 1157 374 1222; x_wconf 85' lang='lat' dir='ltr'>Servitutes</span> <span class='ocrx_word' id='word_1_76' title='bbox 386 1161 508 1231; x_wconf 76' lang='lat' dir='ltr'>artiore,</span> <span class='ocrx_word' id='word_1_77' title='bbox 524 1154 551 1219; x_wconf 93' lang='lat' dir='ltr'>si</span> <span class='ocrx_word' id='word_1_78' title='bbox 566 1154 629 1218; x_wconf 89' lang='lat' dir='ltr'>sint</span> <span class='ocrx_word' id='word_1_79' title='bbox 643 1153 796 1218; x_wconf 78' lang='lat' dir='ltr'>continua</span> <span class='ocrx_word' id='word_1_80' title='bbox 807 1159 838 1216; x_wconf 91' lang='lat' dir='ltr'>et</span> <span class='ocrx_word' id='word_1_81' title='bbox 849 1161 1041 1234; x_wconf 86' lang='lat' dir='ltr'>apparentes,</span> <span class='ocrx_word' id='word_1_82' title='bbox 1053 1157 1293 1239; x_wconf 79' lang='lat' dir='ltr'>prasuibuntur</span> <span class='ocrx_word' id='word_1_83' title='bbox 1307 1179 1378 1224; x_wconf 91' lang='lat' dir='ltr'>oum</span> 
     </span>
     <span class='ocr_line' id='line_1_12' title="bbox 109 1242 1377 1327; baseline 0.002 -16"><span class='ocrx_word' id='word_1_84' title='bbox 109 1247 198 1312; x_wconf 89' lang='lat' dir='ltr'>titulo</span> <span class='ocrx_word' id='word_1_85' title='bbox 212 1247 296 1310; x_wconf 87' lang='lat' dir='ltr'>sieut</span> <span class='ocrx_word' id='word_1_86' title='bbox 310 1245 499 1322; x_wconf 78' lang='lat' dir='ltr'>immobilia,</span> <span class='ocrx_word' id='word_1_87' title='bbox 515 1249 608 1325; x_wconf 86' lang='lat' dir='ltr'>atque</span> <span class='ocrx_word' id='word_1_88' title='bbox 621 1244 695 1306; x_wconf 88' lang='lat' dir='ltr'>adeo</span> <span class='ocrx_word' id='word_1_89' title='bbox 709 1242 836 1324; x_wconf 80' lang='lat' dir='ltr'>triginta</span> <span class='ocrx_word' id='word_1_90' title='bbox 852 1243 958 1320; x_wconf 90' lang='lat' dir='ltr'>annis,</span> <span class='ocrx_word' id='word_1_91' title='bbox 972 1244 1000 1307; x_wconf 91' lang='lat' dir='ltr'>si</span> <span class='ocrx_word' id='word_1_92' title='bbox 1013 1245 1149 1327; x_wconf 83' lang='lat' dir='ltr'>specialis</span> <span class='ocrx_word' id='word_1_93' title='bbox 1164 1246 1273 1312; x_wconf 91' lang='lat' dir='ltr'>titulus</span> <span class='ocrx_word' id='word_1_94' title='bbox 1288 1250 1377 1312; x_wconf 80' lang='lat' dir='ltr'>desit.</span> 
     </span>
     <span class='ocr_line' id='line_1_13' title="bbox 109 1331 1380 1414; baseline 0.002 -13"><span class='ocrx_word' id='word_1_95' title='bbox 109 1337 279 1400; x_wconf 80' lang='lat' dir='ltr'>Servitutes</span> <span class='ocrx_word' id='word_1_96' title='bbox 299 1341 403 1399; x_wconf 89' lang='lat' dir='ltr'>autem</span> <span class='ocrx_word' id='word_1_97' title='bbox 420 1338 526 1396; x_wconf 79' lang='grc'>0011000</span> <span class='ocrx_word' id='word_1_98' title='bbox 544 1352 607 1394; x_wconf 84' lang='grc'>000</span> <span class='ocrx_word' id='word_1_99' title='bbox 625 1341 806 1414; x_wconf 83' lang='lat' dir='ltr'>apparentes</span> <span class='ocrx_word' id='word_1_100' title='bbox 824 1331 1045 1414; x_wconf 73' lang='lat' dir='ltr'>praescriptioni</span> <span class='ocrx_word' id='word_1_101' title='bbox 1063 1353 1126 1397; x_wconf 93' lang='lat' dir='ltr'>non</span> <span class='ocrx_word' id='word_1_102' title='bbox 1145 1343 1220 1399; x_wconf 91' lang='lat' dir='ltr'>sunt</span> <span class='ocrx_word' id='word_1_103' title='bbox 1241 1338 1380 1403; x_wconf 81' lang='lat' dir='ltr'>obnoxia</span> 
     </span>
     <span class='ocr_line' id='line_1_14' title="bbox 109 1424 1378 1506; baseline 0.002 -18"><span class='ocrx_word' id='word_1_104' title='bbox 109 1425 222 1506; x_wconf 89' lang='lat' dir='ltr'>absque</span> <span class='ocrx_word' id='word_1_105' title='bbox 236 1424 340 1490; x_wconf 90' lang='lat' dir='ltr'>titulo.</span> <span class='ocrx_word' id='word_1_106' title='bbox 357 1424 507 1487; x_wconf 85' lang='lat' dir='ltr'>Dicuntur</span> <span class='ocrx_word' id='word_1_107' title='bbox 521 1429 626 1485; x_wconf 87' lang='lat' dir='ltr'>autem</span> <span class='ocrx_word' id='word_1_108' title='bbox 637 1441 700 1482; x_wconf 84' lang='grc'>000</span> <span class='ocrx_word' id='word_1_109' title='bbox 714 1431 907 1504; x_wconf 82' lang='lat' dir='ltr'>apparentes,</span> <span class='ocrx_word' id='word_1_110' title='bbox 923 1439 992 1502; x_wconf 81' lang='lat' dir='ltr'>qua</span> <span class='ocrx_word' id='word_1_111' title='bbox 1001 1441 1060 1504; x_wconf 88' lang='lat' dir='ltr'>per</span> <span class='ocrx_word' id='word_1_112' title='bbox 1072 1443 1101 1486; x_wconf 85' lang='lat' dir='ltr'>se</span> <span class='ocrx_word' id='word_1_113' title='bbox 1113 1441 1176 1486; x_wconf 91' lang='lat' dir='ltr'>non</span> <span class='ocrx_word' id='word_1_114' title='bbox 1189 1432 1310 1505; x_wconf 88' lang='lat' dir='ltr'>patent,</span> <span class='ocrx_word' id='word_1_115' title='bbox 1327 1433 1378 1502; x_wconf 90' lang='lat' dir='ltr'>ut,</span> 
     </span>
     <span class='ocr_line' id='line_1_15' title="bbox 111 1503 1380 1594; baseline 0.003 -20"><span class='ocrx_word' id='word_1_116' title='bbox 111 1533 141 1576; x_wconf 86' lang='lat' dir='ltr'>v.</span> <span class='ocrx_word' id='word_1_117' title='bbox 161 1533 218 1594; x_wconf 76' lang='lat' dir='ltr'>gr,</span> <span class='ocrx_word' id='word_1_118' title='bbox 237 1519 286 1578; x_wconf 88' lang='lat' dir='ltr'>est</span> <span class='ocrx_word' id='word_1_119' title='bbox 303 1511 469 1594; x_wconf 88' lang='lat' dir='ltr'>prohibitio</span> <span class='ocrx_word' id='word_1_120' title='bbox 489 1503 658 1574; x_wconf 79' lang='lat' dir='ltr'>aedificandi</span> <span class='ocrx_word' id='word_1_121' title='bbox 676 1510 712 1572; x_wconf 91' lang='lat' dir='ltr'>in</span> <span class='ocrx_word' id='word_1_122' title='bbox 730 1508 785 1573; x_wconf 90' lang='lat' dir='ltr'>tali</span> <span class='ocrx_word' id='word_1_123' title='bbox 804 1509 914 1585; x_wconf 85' lang='lat' dir='ltr'>funde,</span> <span class='ocrx_word' id='word_1_124' title='bbox 935 1511 983 1574; x_wconf 86' lang='lat' dir='ltr'>vel</span> <span class='ocrx_word' id='word_1_125' title='bbox 1001 1511 1165 1574; x_wconf 81' lang='lat' dir='ltr'>edificium</span> <span class='ocrx_word' id='word_1_126' title='bbox 1186 1512 1267 1576; x_wconf 89' lang='lat' dir='ltr'>ultra</span> <span class='ocrx_word' id='word_1_127' title='bbox 1287 1516 1380 1578; x_wconf 89' lang='lat' dir='ltr'>talem</span> 
     </span>
     <span class='ocr_line' id='line_1_16' title="bbox 110 1598 1382 1681; baseline 0.001 -17"><span class='ocrx_word' id='word_1_128' title='bbox 110 1602 309 1666; x_wconf 80' lang='lat' dir='ltr'>altitudinem</span> <span class='ocrx_word' id='word_1_129' title='bbox 319 1599 494 1664; x_wconf 84' lang='lat' dir='ltr'>extollendi.</span> <span class='ocrx_word' id='word_1_130' title='bbox 504 1635 544 1646; x_wconf 89' lang='lat'><em>-</em></span> <span class='ocrx_word' id='word_1_131' title='bbox 553 1601 604 1662; x_wconf 80' lang='lat' dir='ltr'>An</span> <span class='ocrx_word' id='word_1_132' title='bbox 615 1617 686 1662; x_wconf 87' lang='lat' dir='ltr'>voro</span> <span class='ocrx_word' id='word_1_133' title='bbox 698 1617 770 1661; x_wconf 86' lang='lat' dir='ltr'>eum</span> <span class='ocrx_word' id='word_1_134' title='bbox 784 1598 874 1662; x_wconf 89' lang='lat' dir='ltr'>titulo</span> <span class='ocrx_word' id='word_1_135' title='bbox 888 1599 1043 1679; x_wconf 75' lang='lat' dir='ltr'>prescribi</span> <span class='ocrx_word' id='word_1_136' title='bbox 1055 1599 1174 1681; x_wconf 89' lang='lat' dir='ltr'>possint</span> <span class='ocrx_word' id='word_1_137' title='bbox 1188 1602 1332 1664; x_wconf 83' lang='lat' dir='ltr'>decennio</span> <span class='ocrx_word' id='word_1_138' title='bbox 1344 1610 1382 1666; x_wconf 91' lang='lat' dir='ltr'>ut</span> 
     </span>
     <span class='ocr_line' id='line_1_17' title="bbox 109 1689 558 1766; baseline -0.007 -13"><span class='ocrx_word' id='word_1_139' title='bbox 109 1689 296 1766; x_wconf 90' lang='lat' dir='ltr'>immobilia,</span> <span class='ocrx_word' id='word_1_140' title='bbox 313 1689 558 1753; x_wconf 81' lang='lat' dir='ltr'>controvertitur.</span> 
     </span>
    </p>

    <p class='ocr_par' dir='ltr' id='par_1_6' title="bbox 108 1775 1383 2127">
     <span class='ocr_line' id='line_1_18' title="bbox 148 1775 1378 1858; baseline -0.001 -15"><span class='ocrx_word' id='word_1_141' title='bbox 148 1785 181 1843; x_wconf 82' lang='grc'>10</span> <span class='ocrx_word' id='word_1_142' title='bbox 195 1786 253 1845; x_wconf 91' lang='lat' dir='ltr'>Pro</span> <span class='ocrx_word' id='word_1_143' title='bbox 271 1779 363 1842; x_wconf 88' lang='lat' dir='ltr'>rebus</span> <span class='ocrx_word' id='word_1_144' title='bbox 377 1777 554 1854; x_wconf 82' lang='lat' dir='ltr'>mobilibus,</span> <span class='ocrx_word' id='word_1_145' title='bbox 569 1780 643 1841; x_wconf 83' lang='lat' dir='ltr'>lure</span> <span class='ocrx_word' id='word_1_146' title='bbox 659 1781 796 1842; x_wconf 85' lang='lat' dir='ltr'>Romano</span> <span class='ocrx_word' id='word_1_147' title='bbox 811 1775 1012 1858; x_wconf 90' lang='lat' dir='ltr'>requiruntur</span> <span class='ocrx_word' id='word_1_148' title='bbox 1026 1781 1088 1841; x_wconf 88' lang='lat' dir='ltr'>tres</span> <span class='ocrx_word' id='word_1_149' title='bbox 1106 1777 1181 1840; x_wconf 90' lang='lat' dir='ltr'>anni</span> <span class='ocrx_word' id='word_1_150' title='bbox 1192 1795 1264 1841; x_wconf 88' lang='lat' dir='ltr'>oum</span> <span class='ocrx_word' id='word_1_151' title='bbox 1277 1778 1378 1856; x_wconf 89' lang='lat' dir='ltr'>titulo,</span> 
     </span>
     <span class='ocr_line' id='line_1_19' title="bbox 109 1863 1381 1949; baseline 0.002 -20"><span class='ocrx_word' id='word_1_152' title='bbox 109 1867 240 1949; x_wconf 80' lang='lat' dir='ltr'>triginta</span> <span class='ocrx_word' id='word_1_153' title='bbox 262 1886 333 1932; x_wconf 80' lang='lat' dir='ltr'>vero</span> <span class='ocrx_word' id='word_1_154' title='bbox 351 1867 418 1929; x_wconf 90' lang='lat' dir='ltr'>sine</span> <span class='ocrx_word' id='word_1_155' title='bbox 437 1866 540 1929; x_wconf 90' lang='lat' dir='ltr'>titulo.</span> <span class='ocrx_word' id='word_1_156' title='bbox 556 1901 596 1912; x_wconf 89' lang='lat'><em>-</em></span> <span class='ocrx_word' id='word_1_157' title='bbox 610 1869 657 1930; x_wconf 79' lang='lat' dir='ltr'>Ex</span> <span class='ocrx_word' id='word_1_158' title='bbox 673 1868 748 1929; x_wconf 86' lang='lat' dir='ltr'>lure</span> <span class='ocrx_word' id='word_1_159' title='bbox 765 1869 870 1928; x_wconf 87' lang='lat' dir='ltr'>autem</span> <span class='ocrx_word' id='word_1_160' title='bbox 891 1863 1025 1946; x_wconf 81' lang='lat' dir='ltr'>Gallico,</span> <span class='ocrx_word' id='word_1_161' title='bbox 1041 1874 1102 1930; x_wconf 86' lang='lat' dir='ltr'>tres</span> <span class='ocrx_word' id='word_1_162' title='bbox 1116 1867 1191 1930; x_wconf 91' lang='lat' dir='ltr'>anni</span> <span class='ocrx_word' id='word_1_163' title='bbox 1209 1867 1276 1930; x_wconf 91' lang='lat' dir='ltr'>sine</span> <span class='ocrx_word' id='word_1_164' title='bbox 1290 1869 1381 1932; x_wconf 90' lang='lat' dir='ltr'>titulo</span> 
     </span>
     <span class='ocr_line' id='line_1_20' title="bbox 108 1954 1383 2036; baseline 0.002 -18"><span class='ocrx_word' id='word_1_165' title='bbox 108 1974 162 2036; x_wconf 94' lang='lat' dir='ltr'>pro</span> <span class='ocrx_word' id='word_1_166' title='bbox 176 1956 270 2020; x_wconf 90' lang='lat' dir='ltr'>rebus</span> <span class='ocrx_word' id='word_1_167' title='bbox 283 1954 408 2019; x_wconf 83' lang='lat' dir='ltr'>butivis</span> <span class='ocrx_word' id='word_1_168' title='bbox 426 1960 458 2018; x_wconf 87' lang='lat' dir='ltr'>et</span> <span class='ocrx_word' id='word_1_169' title='bbox 475 1954 627 2030; x_wconf 85' lang='lat' dir='ltr'>inventis;</span> <span class='ocrx_word' id='word_1_170' title='bbox 647 1955 747 2036; x_wconf 89' lang='lat' dir='ltr'>quoad</span> <span class='ocrx_word' id='word_1_171' title='bbox 765 1959 887 2017; x_wconf 81' lang='lat' dir='ltr'>ceteras</span> <span class='ocrx_word' id='word_1_172' title='bbox 910 1971 996 2031; x_wconf 89' lang='lat' dir='ltr'>vero,</span> <span class='ocrx_word' id='word_1_173' title='bbox 1019 1955 1081 2018; x_wconf 88' lang='lat' dir='ltr'>sola</span> <span class='ocrx_word' id='word_1_174' title='bbox 1099 1955 1248 2036; x_wconf 86' lang='lat' dir='ltr'>possessio</span> <span class='ocrx_word' id='word_1_175' title='bbox 1271 1955 1383 2021; x_wconf 87' lang='lat' dir='ltr'>suffieit</span> 
     </span>
     <span class='ocr_line' id='line_1_21' title="bbox 108 2043 301 2127; baseline 0.005 -22"><span class='ocrx_word' id='word_1_176' title='bbox 108 2043 301 2127; x_wconf 64' lang='grc'>(0110079).</span> 
     </span>
    </p>

    <p class='ocr_par' dir='ltr' id='par_1_7' title="bbox 107 2129 1385 2480">
     <span class='ocr_line' id='line_1_22' title="bbox 149 2129 1384 2215; baseline 0 -18"><span class='ocrx_word' id='word_1_177' title='bbox 149 2137 183 2197; x_wconf 79' lang='grc'>110</span> <span class='ocrx_word' id='word_1_178' title='bbox 199 2133 231 2196; x_wconf 88' lang='lat' dir='ltr'>Si</span> <span class='ocrx_word' id='word_1_179' title='bbox 252 2151 301 2195; x_wconf 92' lang='lat' dir='ltr'>res</span> <span class='ocrx_word' id='word_1_180' title='bbox 314 2133 413 2196; x_wconf 90' lang='lat' dir='ltr'>aliena</span> <span class='ocrx_word' id='word_1_181' title='bbox 426 2150 563 2214; x_wconf 85' lang='lat' dir='ltr'>possessa</span> <span class='ocrx_word' id='word_1_182' title='bbox 580 2131 674 2195; x_wconf 84' lang='lat' dir='ltr'>fuerit</span> <span class='ocrx_word' id='word_1_183' title='bbox 689 2149 708 2193; x_wconf 87' lang='lat' dir='ltr'>a</span> <span class='ocrx_word' id='word_1_184' title='bbox 725 2129 865 2212; x_wconf 87' lang='lat' dir='ltr'>plmr&#39;bus</span> <span class='ocrx_word' id='word_1_185' title='bbox 884 2131 1066 2209; x_wconf 79' lang='grc'>0000000100,</span> <span class='ocrx_word' id='word_1_186' title='bbox 1083 2132 1214 2195; x_wconf 91' lang='lat' dir='ltr'>ultimus</span> <span class='ocrx_word' id='word_1_187' title='bbox 1232 2151 1384 2215; x_wconf 89' lang='lat' dir='ltr'>possessor</span> 
     </span>
     <span class='ocr_line' id='line_1_23' title="bbox 108 2220 1385 2303; baseline 0.002 -19"><span class='ocrx_word' id='word_1_188' title='bbox 108 2221 147 2284; x_wconf 91' lang='lat' dir='ltr'>ad</span> <span class='ocrx_word' id='word_1_189' title='bbox 161 2221 422 2303; x_wconf 81' lang='lat' dir='ltr'>praesonbendum</span> <span class='ocrx_word' id='word_1_190' title='bbox 442 2227 620 2302; x_wconf 81' lang='lat' dir='ltr'>computare</span> <span class='ocrx_word' id='word_1_191' title='bbox 637 2223 735 2301; x_wconf 78' lang='lat' dir='ltr'>potest</span> <span class='ocrx_word' id='word_1_192' title='bbox 752 2237 843 2283; x_wconf 88' lang='lat' dir='ltr'>omne</span> <span class='ocrx_word' id='word_1_193' title='bbox 863 2226 1062 2301; x_wconf 87' lang='lat' dir='ltr'>tempusque</span> <span class='ocrx_word' id='word_1_194' title='bbox 1083 2220 1122 2284; x_wconf 89' lang='lat' dir='ltr'>ab</span> <span class='ocrx_word' id='word_1_195' title='bbox 1143 2221 1211 2284; x_wconf 91' lang='lat' dir='ltr'>aliis</span> <span class='ocrx_word' id='word_1_196' title='bbox 1231 2221 1385 2286; x_wconf 91' lang='lat' dir='ltr'>bonafide</span> 
     </span>
     <span class='ocr_line' id='line_1_24' title="bbox 109 2308 1384 2393; baseline 0.003 -22"><span class='ocrx_word' id='word_1_197' title='bbox 109 2311 235 2373; x_wconf 90' lang='lat' dir='ltr'>detenta</span> <span class='ocrx_word' id='word_1_198' title='bbox 247 2310 354 2386; x_wconf 89' lang='lat' dir='ltr'>luerit,</span> <span class='ocrx_word' id='word_1_199' title='bbox 372 2310 494 2374; x_wconf 88' lang='lat' dir='ltr'>etiamsi</span> <span class='ocrx_word' id='word_1_200' title='bbox 505 2327 573 2374; x_wconf 88' lang='lat' dir='ltr'>eam</span> <span class='ocrx_word' id='word_1_201' title='bbox 589 2327 607 2371; x_wconf 92' lang='grc'>0</span> <span class='ocrx_word' id='word_1_202' title='bbox 625 2309 729 2390; x_wconf 82' lang='lat' dir='ltr'>pausis</span> <span class='ocrx_word' id='word_1_203' title='bbox 748 2308 855 2372; x_wconf 90' lang='lat' dir='ltr'>diebus</span> <span class='ocrx_word' id='word_1_204' title='bbox 873 2308 999 2386; x_wconf 86' lang='lat' dir='ltr'>habeat,</span> <span class='ocrx_word' id='word_1_205' title='bbox 1015 2310 1136 2390; x_wconf 87' lang='lat' dir='ltr'>quando</span> <span class='ocrx_word' id='word_1_206' title='bbox 1149 2310 1384 2393; x_wconf 73' lang='lat' dir='ltr'>praescriptionis</span> 
     </span>
     <span class='ocr_line' id='line_1_25' title="bbox 107 2399 424 2480; baseline 0.013 -22"><span class='ocrx_word' id='word_1_207' title='bbox 107 2402 234 2479; x_wconf 91' lang='lat' dir='ltr'>tempus</span> <span class='ocrx_word' id='word_1_208' title='bbox 245 2399 424 2480; x_wconf 81' lang='lat' dir='ltr'>completur.</span> 
     </span>
    </p>

    <p class='ocr_par' dir='ltr' id='par_1_8' title="bbox 108 2487 1384 2746">
     <span class='ocr_line' id='line_1_26' title="bbox 150 2487 1384 2570; baseline 0.002 -20"><span class='ocrx_word' id='word_1_209' title='bbox 150 2490 185 2550; x_wconf 85' lang='lat'>6⁰</span> <span class='ocrx_word' id='word_1_210' title='bbox 200 2488 237 2550; x_wconf 94' lang='lat' dir='ltr'>ln</span> <span class='ocrx_word' id='word_1_211' title='bbox 249 2489 321 2550; x_wconf 84' lang='lat' dir='ltr'>lure</span> <span class='ocrx_word' id='word_1_212' title='bbox 336 2491 425 2554; x_wconf 88' lang='lat' dir='ltr'>Rom.</span> <span class='ocrx_word' id='word_1_213' title='bbox 441 2491 556 2551; x_wconf 81' lang='grc'>01000.</span> <span class='ocrx_word' id='word_1_214' title='bbox 573 2487 776 2570; x_wconf 89' lang='lat' dir='ltr'>requiruntur</span> <span class='ocrx_word' id='word_1_215' title='bbox 789 2491 829 2552; x_wconf 86' lang='grc'>10</span> <span class='ocrx_word' id='word_1_216' title='bbox 842 2487 917 2550; x_wconf 83' lang='grc'>0001</span> <span class='ocrx_word' id='word_1_217' title='bbox 926 2488 965 2550; x_wconf 91' lang='lat' dir='ltr'>ad</span> <span class='ocrx_word' id='word_1_218' title='bbox 976 2487 1194 2570; x_wconf 78' lang='lat' dir='ltr'>praescribenda</span> <span class='ocrx_word' id='word_1_219' title='bbox 1204 2489 1284 2552; x_wconf 89' lang='lat' dir='ltr'>bona</span> <span class='ocrx_word' id='word_1_220' title='bbox 1294 2490 1384 2553; x_wconf 88' lang='grc'>00010-</span> 
     </span>
     <span class='ocr_line' id='line_1_27' title="bbox 109 2574 1379 2657; baseline 0.002 -20"><span class='ocrx_word' id='word_1_221' title='bbox 109 2574 248 2652; x_wconf 84' lang='grc' dir='ltr'>0100110ος</span> <span class='ocrx_word' id='word_1_222' title='bbox 265 2581 369 2641; x_wconf 89' lang='grc'>01100</span> <span class='ocrx_word' id='word_1_223' title='bbox 386 2576 544 2657; x_wconf 91' lang='lat' dir='ltr'>probonis</span> <span class='ocrx_word' id='word_1_224' title='bbox 563 2575 700 2639; x_wconf 78' lang='lat' dir='ltr'>Ecclesiae</span> <span class='ocrx_word' id='word_1_225' title='bbox 718 2580 878 2652; x_wconf 79' lang='lat' dir='ltr'>Romane,</span> <span class='ocrx_word' id='word_1_226' title='bbox 897 2577 945 2640; x_wconf 89' lang='lat' dir='ltr'>vel</span> <span class='ocrx_word' id='word_1_227' title='bbox 962 2578 992 2638; x_wconf 87' lang='lat' dir='ltr'>S.</span> <span class='ocrx_word' id='word_1_228' title='bbox 1014 2577 1140 2640; x_wconf 88' lang='lat' dir='ltr'>loannis</span> <span class='ocrx_word' id='word_1_229' title='bbox 1158 2577 1379 2642; x_wconf 88' lang='lat' dir='ltr'>Lateranensis.</span> 
     </span>
     <span class='ocr_line' id='line_1_28' title="bbox 108 2664 1147 2746; baseline 0.005 -22"><span class='ocrx_word' id='word_1_230' title='bbox 108 2665 164 2725; x_wconf 89' lang='lat' dir='ltr'>Jus</span> <span class='ocrx_word' id='word_1_231' title='bbox 179 2671 286 2727; x_wconf 89' lang='lat' dir='ltr'>autern</span> <span class='ocrx_word' id='word_1_232' title='bbox 299 2665 449 2728; x_wconf 86' lang='lat' dir='ltr'>Gallicum</span> <span class='ocrx_word' id='word_1_233' title='bbox 459 2665 540 2727; x_wconf 89' lang='lat' dir='ltr'>bona</span> <span class='ocrx_word' id='word_1_234' title='bbox 553 2664 753 2728; x_wconf 77' lang='lat' dir='ltr'>ecelesiastica</span> <span class='ocrx_word' id='word_1_235' title='bbox 763 2665 800 2728; x_wconf 90' lang='lat' dir='ltr'>ab</span> <span class='ocrx_word' id='word_1_236' title='bbox 815 2665 883 2728; x_wconf 91' lang='lat' dir='ltr'>aliis</span> <span class='ocrx_word' id='word_1_237' title='bbox 895 2684 958 2728; x_wconf 91' lang='lat' dir='ltr'>uon</span> <span class='ocrx_word' id='word_1_238' title='bbox 971 2664 1147 2746; x_wconf 82' lang='lat' dir='ltr'>distinguit.</span> 
     </span>
    </p>

    <p class='ocr_par' dir='ltr' id='par_1_9' title="bbox 106 2753 1382 3011">
     <span class='ocr_line' id='line_1_29' title="bbox 149 2753 1382 2837; baseline 0.002 -21"><span class='ocrx_word' id='word_1_239' title='bbox 149 2757 181 2816; x_wconf 86' lang='lat'>7⁰</span> <span class='ocrx_word' id='word_1_240' title='bbox 196 2757 254 2817; x_wconf 86' lang='lat' dir='ltr'>Res</span> <span class='ocrx_word' id='word_1_241' title='bbox 269 2755 395 2816; x_wconf 91' lang='lat' dir='ltr'>taudem</span> <span class='ocrx_word' id='word_1_242' title='bbox 409 2753 602 2816; x_wconf 80' lang='grc'>1001100001</span> <span class='ocrx_word' id='word_1_243' title='bbox 615 2753 648 2815; x_wconf 87' lang='lat' dir='ltr'>vi</span> <span class='ocrx_word' id='word_1_244' title='bbox 663 2771 821 2833; x_wconf 79' lang='lat' dir='ltr'>possesse,</span> <span class='ocrx_word' id='word_1_245' title='bbox 842 2771 880 2816; x_wconf 84' lang='lat' dir='ltr'>ex</span> <span class='ocrx_word' id='word_1_246' title='bbox 893 2756 966 2816; x_wconf 93' lang='lat' dir='ltr'>Jure</span> <span class='ocrx_word' id='word_1_247' title='bbox 981 2756 1068 2818; x_wconf 86' lang='lat' dir='ltr'>Rom.</span> <span class='ocrx_word' id='word_1_248' title='bbox 1083 2758 1214 2831; x_wconf 82' lang='grc'>01000,</span> <span class='ocrx_word' id='word_1_249' title='bbox 1230 2775 1291 2818; x_wconf 92' lang='lat' dir='ltr'>non</span> <span class='ocrx_word' id='word_1_250' title='bbox 1305 2774 1382 2837; x_wconf 79' lang='lat' dir='ltr'>praa-</span> 
     </span>
     <span class='ocr_line' id='line_1_30' title="bbox 109 2839 1381 2926; baseline 0.004 -25"><span class='ocrx_word' id='word_1_251' title='bbox 109 2841 290 2905; x_wconf 88' lang='lat' dir='ltr'>soribuntur</span> <span class='ocrx_word' id='word_1_252' title='bbox 309 2861 328 2904; x_wconf 91' lang='lat' dir='ltr'>a</span> <span class='ocrx_word' id='word_1_253' title='bbox 349 2859 519 2922; x_wconf 85' lang='lat' dir='ltr'>possessore</span> <span class='ocrx_word' id='word_1_254' title='bbox 538 2841 625 2904; x_wconf 79' lang='lat' dir='ltr'>bone</span> <span class='ocrx_word' id='word_1_255' title='bbox 643 2839 728 2915; x_wconf 86' lang='lat' dir='ltr'>fidei,</span> <span class='ocrx_word' id='word_1_256' title='bbox 746 2842 841 2904; x_wconf 89' lang='lat' dir='ltr'>etiam</span> <span class='ocrx_word' id='word_1_257' title='bbox 855 2860 926 2904; x_wconf 85' lang='lat' dir='ltr'>aum</span> <span class='ocrx_word' id='word_1_258' title='bbox 945 2841 1053 2918; x_wconf 89' lang='lat' dir='ltr'>titulo,</span> <span class='ocrx_word' id='word_1_259' title='bbox 1072 2861 1101 2907; x_wconf 88' lang='lat' dir='ltr'>v.</span> <span class='ocrx_word' id='word_1_260' title='bbox 1125 2861 1183 2924; x_wconf 70' lang='lat' dir='ltr'>gr,</span> <span class='ocrx_word' id='word_1_261' title='bbox 1200 2843 1381 2926; x_wconf 87' lang='lat' dir='ltr'>emptionis,</span> 
     </span>
     <span class='ocr_line' id='line_1_31' title="bbox 106 2927 408 3011; baseline 0.007 -21"><span class='ocrx_word' id='word_1_262' title='bbox 106 2929 169 2991; x_wconf 89' lang='lat' dir='ltr'>nisi</span> <span class='ocrx_word' id='word_1_263' title='bbox 181 2949 239 3011; x_wconf 90' lang='lat' dir='ltr'>per</span> <span class='ocrx_word' id='word_1_264' title='bbox 251 2927 290 2995; x_wconf 77' lang='lat'>30</span> <span class='ocrx_word' id='word_1_265' title='bbox 301 2949 408 2993; x_wconf 89' lang='lat' dir='ltr'>annos.</span> 
     </span>
    </p>

    <p class='ocr_par' dir='ltr' id='par_1_10' title="bbox 146 3017 810 3100">
     <span class='ocr_line' id='line_1_32' title="bbox 146 3017 810 3100; baseline 0.003 -20"><span class='ocrx_word' id='word_1_266' title='bbox 146 3020 183 3080; x_wconf 95' lang='lat' dir='ltr'>ll.</span> <span class='ocrx_word' id='word_1_267' title='bbox 199 3021 307 3094; x_wconf 81' lang='lat' dir='ltr'>Quoad</span> <span class='ocrx_word' id='word_1_268' title='bbox 320 3018 578 3100; x_wconf 79' lang='lat' dir='ltr'>prescriptionem</span> <span class='ocrx_word' id='word_1_269' title='bbox 593 3017 782 3082; x_wconf 71' lang='lat' dir='ltr'>liberationem</span> <span class='ocrx_word' id='word_1_270' title='bbox 797 3039 810 3081; x_wconf 92' lang='grc'>.·</span> 
     </span>
    </p>

    <p class='ocr_par' dir='ltr' id='par_1_11' title="bbox 106 3107 1379 3344">
     <span class='ocr_line' id='line_1_33' title="bbox 147 3107 1378 3191; baseline 0.005 -23"><span class='ocrx_word' id='word_1_271' title='bbox 147 3107 179 3168; x_wconf 92' lang='grc'>10</span> <span class='ocrx_word' id='word_1_272' title='bbox 200 3109 372 3172; x_wconf 84' lang='lat' dir='ltr'>Servitutes</span> <span class='ocrx_word' id='word_1_273' title='bbox 390 3109 532 3190; x_wconf 81' lang='lat' dir='ltr'>passive,</span> <span class='ocrx_word' id='word_1_274' title='bbox 558 3125 684 3184; x_wconf 82' lang='lat' dir='ltr'>census,</span> <span class='ocrx_word' id='word_1_275' title='bbox 707 3113 739 3170; x_wconf 90' lang='lat' dir='ltr'>et</span> <span class='ocrx_word' id='word_1_276' title='bbox 760 3108 867 3172; x_wconf 92' lang='lat' dir='ltr'>omnia</span> <span class='ocrx_word' id='word_1_277' title='bbox 888 3109 1003 3186; x_wconf 90' lang='lat' dir='ltr'>debita,</span> <span class='ocrx_word' id='word_1_278' title='bbox 1027 3111 1183 3191; x_wconf 90' lang='lat' dir='ltr'>supposita</span> <span class='ocrx_word' id='word_1_279' title='bbox 1202 3112 1282 3180; x_wconf 89' lang='lat' dir='ltr'>bona</span> <span class='ocrx_word' id='word_1_280' title='bbox 1306 3113 1378 3190; x_wconf 85' lang='lat' dir='ltr'>fide,</span> 
     </span>
     <span class='ocr_line' id='line_1_34' title="bbox 106 3195 1379 3344; baseline 0.005 -86"><span class='ocrx_word' id='word_1_281' title='bbox 106 3197 353 3344; x_wconf 64' lang='lat' dir='ltr'>ecxstinguuntur</span> <span class='ocrx_word' id='word_1_282' title='bbox 367 3202 435 3278; x_wconf 90' lang='lat' dir='ltr'>post</span> <span class='ocrx_word' id='word_1_283' title='bbox 448 3195 578 3278; x_wconf 77' lang='lat' dir='ltr'>triginta</span> <span class='ocrx_word' id='word_1_284' title='bbox 590 3214 698 3260; x_wconf 87' lang='lat' dir='ltr'>annos.</span> <span class='ocrx_word' id='word_1_285' title='bbox 714 3231 755 3243; x_wconf 94' lang='lat'><em>-</em></span> <span class='ocrx_word' id='word_1_286' title='bbox 768 3197 805 3261; x_wconf 87' lang='lat' dir='ltr'>S.</span> <span class='ocrx_word' id='word_1_287' title='bbox 822 3196 890 3279; x_wconf 69' lang='grc'>110.</span> <span class='ocrx_word' id='word_1_288' title='bbox 907 3217 938 3260; x_wconf 87' lang='grc'>0.</span> <span class='ocrx_word' id='word_1_289' title='bbox 954 3205 1026 3264; x_wconf 81' lang='grc'>513.</span> <span class='ocrx_word' id='word_1_290' title='bbox 1041 3201 1191 3282; x_wconf 73' lang='grc'>-1090,</span> <span class='ocrx_word' id='word_1_291' title='bbox 1207 3207 1266 3265; x_wconf 88' lang='lat' dir='ltr'>eto.</span> <span class='ocrx_word' id='word_1_292' title='bbox 1279 3237 1318 3248; x_wconf 90' lang='lat'>-—</span> <span class='ocrx_word' id='word_1_293' title='bbox 1333 3202 1379 3282; x_wconf 85' lang='lat' dir='ltr'>(G.</span> 
     </span>
    </p>

    <p class='ocr_par' dir='ltr' id='par_1_12' title="bbox 138 3284 281 3366">
     <span class='ocr_line' id='line_1_35' title="bbox 138 3284 281 3366; baseline 0.021 -23"><span class='ocrx_word' id='word_1_294' title='bbox 138 3331 157 3363; x_wconf 87' lang='lat'>.‚</span> <span class='ocrx_word' id='word_1_295' title='bbox 171 3284 281 3366; x_wconf 83' lang='lat' dir='ltr'>asae).</span> 
     </span>
    </p>

    <p class='ocr_par' dir='ltr' id='par_1_13' title="bbox 107 3374 1381 3992">
     <span class='ocr_line' id='line_1_36' title="bbox 146 3374 1380 3458; baseline 0.003 -22"><span class='ocrx_word' id='word_1_296' title='bbox 146 3377 179 3436; x_wconf 71' lang='grc'>00</span> <span class='ocrx_word' id='word_1_297' title='bbox 194 3377 243 3437; x_wconf 80' lang='lat' dir='ltr'>Eu</span> <span class='ocrx_word' id='word_1_298' title='bbox 257 3375 330 3436; x_wconf 83' lang='lat' dir='ltr'>lure</span> <span class='ocrx_word' id='word_1_299' title='bbox 350 3375 462 3439; x_wconf 81' lang='lat' dir='ltr'>Gallico</span> <span class='ocrx_word' id='word_1_300' title='bbox 480 3375 619 3457; x_wconf 86' lang='lat' dir='ltr'>quinque</span> <span class='ocrx_word' id='word_1_301' title='bbox 638 3374 714 3438; x_wconf 89' lang='lat' dir='ltr'>anni</span> <span class='ocrx_word' id='word_1_302' title='bbox 734 3375 893 3439; x_wconf 78' lang='lat' dir='ltr'>sufficiunt</span> <span class='ocrx_word' id='word_1_303' title='bbox 911 3378 949 3441; x_wconf 92' lang='lat' dir='ltr'>ad</span> <span class='ocrx_word' id='word_1_304' title='bbox 963 3379 1205 3458; x_wconf 76' lang='lat' dir='ltr'>preoribendum</span> <span class='ocrx_word' id='word_1_305' title='bbox 1223 3377 1380 3458; x_wconf 87' lang='lat' dir='ltr'>pensiones</span> 
     </span>
     <span class='ocr_line' id='line_1_37' title="bbox 107 3461 1378 3546; baseline 0.004 -23"><span class='ocrx_word' id='word_1_306' title='bbox 107 3479 145 3524; x_wconf 85' lang='lat' dir='ltr'>er</span> <span class='ocrx_word' id='word_1_307' title='bbox 158 3461 303 3526; x_wconf 82' lang='lat' dir='ltr'>sensibus</span> <span class='ocrx_word' id='word_1_308' title='bbox 318 3461 454 3538; x_wconf 82' lang='lat' dir='ltr'>debitas,</span> <span class='ocrx_word' id='word_1_309' title='bbox 469 3463 627 3545; x_wconf 86' lang='lat' dir='ltr'>pensiones</span> <span class='ocrx_word' id='word_1_310' title='bbox 640 3463 863 3540; x_wconf 73' lang='lat' dir='ltr'>alimentarias,</span> <span class='ocrx_word' id='word_1_311' title='bbox 879 3465 1014 3546; x_wconf 90' lang='lat' dir='ltr'>pretium</span> <span class='ocrx_word' id='word_1_312' title='bbox 1030 3466 1187 3530; x_wconf 82' lang='lat' dir='ltr'>locationis</span> <span class='ocrx_word' id='word_1_313' title='bbox 1201 3466 1378 3543; x_wconf 90' lang='lat' dir='ltr'>domorum,</span> 
     </span>
     <span class='ocr_line' id='line_1_38' title="bbox 107 3551 1380 3635; baseline 0.004 -24"><span class='ocrx_word' id='word_1_314' title='bbox 107 3551 311 3629; x_wconf 83' lang='lat' dir='ltr'>praediorum,</span> <span class='ocrx_word' id='word_1_315' title='bbox 327 3557 358 3612; x_wconf 89' lang='lat' dir='ltr'>et</span> <span class='ocrx_word' id='word_1_316' title='bbox 373 3551 522 3634; x_wconf 86' lang='lat' dir='ltr'>quidquid</span> <span class='ocrx_word' id='word_1_317' title='bbox 534 3551 714 3633; x_wconf 72' lang='grc'>0001000010,</span> <span class='ocrx_word' id='word_1_318' title='bbox 731 3553 778 3615; x_wconf 90' lang='lat' dir='ltr'>vel</span> <span class='ocrx_word' id='word_1_319' title='bbox 788 3560 855 3634; x_wconf 90' lang='lat' dir='ltr'>post</span> <span class='ocrx_word' id='word_1_320' title='bbox 867 3559 987 3635; x_wconf 87' lang='lat' dir='ltr'>tempus</span> <span class='ocrx_word' id='word_1_321' title='bbox 1001 3555 1124 3618; x_wconf 83' lang='lat' dir='ltr'>brevius</span> <span class='ocrx_word' id='word_1_322' title='bbox 1139 3553 1320 3618; x_wconf 80' lang='lat' dir='ltr'>solvendum</span> <span class='ocrx_word' id='word_1_323' title='bbox 1334 3559 1380 3616; x_wconf 88' lang='lat' dir='ltr'>est</span> 
     </span>
     <span class='ocr_line' id='line_1_39' title="bbox 108 3638 1381 3722; baseline 0.005 -24"><span class='ocrx_word' id='word_1_324' title='bbox 108 3638 184 3718; x_wconf 79' lang='lat' dir='ltr'>(art.</span> <span class='ocrx_word' id='word_1_325' title='bbox 201 3639 310 3721; x_wconf 73' lang='lat'>2277).</span> <span class='ocrx_word' id='word_1_326' title='bbox 327 3641 460 3703; x_wconf 85' lang='lat' dir='ltr'>-Sunt</span> <span class='ocrx_word' id='word_1_327' title='bbox 477 3640 571 3704; x_wconf 90' lang='lat' dir='ltr'>etiam</span> <span class='ocrx_word' id='word_1_328' title='bbox 585 3640 652 3706; x_wconf 79' lang='lat' dir='ltr'>alie</span> <span class='ocrx_word' id='word_1_329' title='bbox 670 3640 911 3722; x_wconf 76' lang='lat' dir='ltr'>praescriptiones</span> <span class='ocrx_word' id='word_1_330' title='bbox 931 3642 1107 3706; x_wconf 89' lang='lat' dir='ltr'>breviores:</span> <span class='ocrx_word' id='word_1_331' title='bbox 1125 3641 1182 3718; x_wconf 88' lang='grc'>010,</span> <span class='ocrx_word' id='word_1_332' title='bbox 1201 3661 1232 3705; x_wconf 87' lang='lat' dir='ltr'>v.</span> <span class='ocrx_word' id='word_1_333' title='bbox 1251 3661 1310 3722; x_wconf 67' lang='lat' dir='ltr'>gr,</span> <span class='ocrx_word' id='word_1_334' title='bbox 1327 3661 1381 3705; x_wconf 84' lang='lat' dir='ltr'>sex</span> 
     </span>
     <span class='ocr_line' id='line_1_40' title="bbox 109 3728 1379 3812; baseline 0.004 -24"><span class='ocrx_word' id='word_1_335' title='bbox 109 3745 231 3791; x_wconf 89' lang='lat' dir='ltr'>menses</span> <span class='ocrx_word' id='word_1_336' title='bbox 247 3733 371 3790; x_wconf 88' lang='lat' dir='ltr'>tantum</span> <span class='ocrx_word' id='word_1_337' title='bbox 385 3728 587 3811; x_wconf 88' lang='lat' dir='ltr'>requiruntur</span> <span class='ocrx_word' id='word_1_338' title='bbox 597 3748 652 3810; x_wconf 94' lang='lat' dir='ltr'>pro</span> <span class='ocrx_word' id='word_1_339' title='bbox 664 3729 821 3812; x_wconf 89' lang='lat' dir='ltr'>stipendiis</span> <span class='ocrx_word' id='word_1_340' title='bbox 833 3731 1053 3812; x_wconf 88' lang='lat' dir='ltr'>operariorum,</span> <span class='ocrx_word' id='word_1_341' title='bbox 1066 3729 1240 3811; x_wconf 89' lang='lat' dir='ltr'>hospitum,</span> <span class='ocrx_word' id='word_1_342' title='bbox 1255 3737 1312 3793; x_wconf 88' lang='grc'>010,</span> <span class='ocrx_word' id='word_1_343' title='bbox 1323 3751 1379 3807; x_wconf 81' lang='lat'>3-</span> 
     </span>
     <span class='ocr_line' id='line_1_41' title="bbox 109 3817 1379 3901; baseline 0.005 -23"><span class='ocrx_word' id='word_1_344' title='bbox 109 3833 191 3880; x_wconf 90' lang='lat' dir='ltr'>unus</span> <span class='ocrx_word' id='word_1_345' title='bbox 207 3834 308 3879; x_wconf 91' lang='lat' dir='ltr'>annus</span> <span class='ocrx_word' id='word_1_346' title='bbox 321 3834 375 3897; x_wconf 91' lang='lat' dir='ltr'>pro</span> <span class='ocrx_word' id='word_1_347' title='bbox 392 3817 552 3899; x_wconf 88' lang='lat' dir='ltr'>stipendiis</span> <span class='ocrx_word' id='word_1_348' title='bbox 569 3819 773 3896; x_wconf 79' lang='lat' dir='ltr'>medicorum,</span> <span class='ocrx_word' id='word_1_349' title='bbox 794 3817 995 3897; x_wconf 79' lang='lat' dir='ltr'>famulorum,</span> <span class='ocrx_word' id='word_1_350' title='bbox 1018 3826 1093 3896; x_wconf 84' lang='lat' dir='ltr'>eta.;</span> <span class='ocrx_word' id='word_1_351' title='bbox 1108 3821 1222 3883; x_wconf 93' lang='lat' dir='ltr'>-duo</span> <span class='ocrx_word' id='word_1_352' title='bbox 1239 3820 1313 3884; x_wconf 88' lang='lat' dir='ltr'>anni</span> <span class='ocrx_word' id='word_1_353' title='bbox 1325 3838 1379 3901; x_wconf 92' lang='lat' dir='ltr'>pro</span> 
     </span>
     <span class='ocr_line' id='line_1_42' title="bbox 110 3903 1119 3992; baseline 0.007 -27"><span class='ocrx_word' id='word_1_354' title='bbox 110 3903 271 3986; x_wconf 85' lang='lat' dir='ltr'>stipendiis</span> <span class='ocrx_word' id='word_1_355' title='bbox 284 3913 530 3986; x_wconf 80' lang='lat' dir='ltr'>procuratorum,</span> <span class='ocrx_word' id='word_1_356' title='bbox 542 3925 632 3971; x_wconf 86' lang='lat' dir='ltr'>eausa</span> <span class='ocrx_word' id='word_1_357' title='bbox 645 3907 743 3971; x_wconf 86' lang='lat' dir='ltr'>finita.</span> <span class='ocrx_word' id='word_1_358' title='bbox 758 3943 796 3954; x_wconf 90' lang='lat'>-</span> <span class='ocrx_word' id='word_1_359' title='bbox 811 3909 895 3992; x_wconf 85' lang='lat' dir='ltr'>(Art.</span> <span class='ocrx_word' id='word_1_360' title='bbox 912 3913 988 3974; x_wconf 75' lang='lat' dir='ltr'>nsit</span> <span class='ocrx_word' id='word_1_361' title='bbox 1003 3909 1119 3992; x_wconf 84' lang='lat' dir='ltr'>etseq.)</span> 
     </span>
    </p>
   </div>
   <div class='ocr_carea' id='block_1_3' title="bbox 231 4046 425 4121">
    <p class='ocr_par' dir='ltr' id='par_1_14' title="bbox 231 4046 425 4121">
     <span class='ocr_line' id='line_1_43' title="bbox 231 4046 425 4121; baseline 0.015 -12"><span class='ocrx_word' id='word_1_362' title='bbox 231 4046 425 4121; x_wconf 78' lang='grc'>00000110.</span> 
     </span>
    </p>
   </div>
   <div class='ocr_carea' id='block_1_4' title="bbox 110 4175 1380 4616">
    <p class='ocr_par' dir='ltr' id='par_1_15' title="bbox 149 4175 1140 4261">
     <span class='ocr_line' id='line_1_44' title="bbox 149 4175 1140 4261; baseline 0 -23"><span class='ocrx_word' id='word_1_363' title='bbox 149 4177 220 4238; x_wconf 78' lang='grc'><strong>585.</strong></span> <span class='ocrx_word' id='word_1_364' title='bbox 237 4177 338 4250; x_wconf 75' lang='lat' dir='ltr'>Quae.</span> <span class='ocrx_word' id='word_1_365' title='bbox 356 4180 388 4238; x_wconf 89' lang='grc'>10</span> <span class='ocrx_word' id='word_1_366' title='bbox 405 4175 601 4252; x_wconf 72' lang='lat' dir='ltr'>orandorum</span> <span class='ocrx_word' id='word_1_367' title='bbox 611 4176 801 4261; x_wconf 78' lang='lat' dir='ltr'>prescriptio</span> <span class='ocrx_word' id='word_1_368' title='bbox 814 4177 934 4248; x_wconf 80' lang='lat' dir='ltr'>dicotur</span> <span class='ocrx_word' id='word_1_369' title='bbox 948 4176 1140 4260; x_wconf 75' lang='lat' dir='ltr'>interrupto?</span> 
     </span>
    </p>

    <p class='ocr_par' dir='ltr' id='par_1_16' title="bbox 110 4261 1380 4616">
     <span class='ocr_line' id='line_1_45' title="bbox 148 4261 1380 4347; baseline 0.005 -23"><span class='ocrx_word' id='word_1_370' title='bbox 148 4261 238 4344; x_wconf 80' lang='lat' dir='ltr'>Resp.</span> <span class='ocrx_word' id='word_1_371' title='bbox 263 4280 276 4324; x_wconf 88' lang='lat'>.·</span> <span class='ocrx_word' id='word_1_372' title='bbox 299 4264 425 4339; x_wconf 87' lang='lat' dir='ltr'>Quando</span> <span class='ocrx_word' id='word_1_373' title='bbox 447 4264 485 4327; x_wconf 93' lang='lat' dir='ltr'>ob</span> <span class='ocrx_word' id='word_1_374' title='bbox 509 4264 768 4346; x_wconf 90' lang='lat' dir='ltr'>impedimentum</span> <span class='ocrx_word' id='word_1_375' title='bbox 787 4267 1004 4347; x_wconf 90' lang='lat' dir='ltr'>interpositum</span> <span class='ocrx_word' id='word_1_376' title='bbox 1026 4272 1122 4329; x_wconf 89' lang='lat' dir='ltr'>oessat</span> <span class='ocrx_word' id='word_1_377' title='bbox 1143 4265 1198 4329; x_wconf 89' lang='lat' dir='ltr'>tali</span> <span class='ocrx_word' id='word_1_378' title='bbox 1218 4267 1322 4343; x_wconf 88' lang='lat' dir='ltr'>ruodo,</span> <span class='ocrx_word' id='word_1_379' title='bbox 1343 4272 1380 4330; x_wconf 92' lang='lat' dir='ltr'>ut</span> 
     </span>
     <span class='ocr_line' id='line_1_46' title="bbox 110 4347 1379 4436; baseline 0.006 -27"><span class='ocrx_word' id='word_1_380' title='bbox 110 4347 223 4413; x_wconf 86' lang='lat' dir='ltr'>iterum</span> <span class='ocrx_word' id='word_1_381' title='bbox 239 4351 375 4414; x_wconf 84' lang='lat' dir='ltr'>inchoari</span> <span class='ocrx_word' id='word_1_382' title='bbox 391 4353 509 4416; x_wconf 89' lang='lat' dir='ltr'>debeat.</span> <span class='ocrx_word' id='word_1_383' title='bbox 529 4355 591 4417; x_wconf 88' lang='lat' dir='ltr'>Hoe</span> <span class='ocrx_word' id='word_1_384' title='bbox 608 4361 713 4416; x_wconf 87' lang='lat' dir='ltr'>autern</span> <span class='ocrx_word' id='word_1_385' title='bbox 733 4354 847 4436; x_wconf 77' lang='lat' dir='ltr'>duplici</span> <span class='ocrx_word' id='word_1_386' title='bbox 864 4355 954 4418; x_wconf 91' lang='lat' dir='ltr'>modo</span> <span class='ocrx_word' id='word_1_387' title='bbox 972 4355 1037 4418; x_wconf 88' lang='lat' dir='ltr'>fieri</span> <span class='ocrx_word' id='word_1_388' title='bbox 1056 4359 1154 4436; x_wconf 87' lang='lat' dir='ltr'>potest</span> <span class='ocrx_word' id='word_1_389' title='bbox 1172 4374 1179 4416; x_wconf 77' lang='grc' dir='ltr'><strong><em>ε</em></strong></span> <span class='ocrx_word' id='word_1_390' title='bbox 1201 4361 1232 4418; x_wconf 90' lang='grc'>10</span> <span class='ocrx_word' id='word_1_391' title='bbox 1251 4366 1379 4418; x_wconf 82' lang='lat' dir='ltr'>rotara-</span> 
     </span>
     <span class='ocr_line' id='line_1_47' title="bbox 111 4436 1376 4528; baseline 0.009 -31"><span class='ocrx_word' id='word_1_392' title='bbox 111 4436 193 4517; x_wconf 73' lang='grc'>1110,</span> <span class='ocrx_word' id='word_1_393' title='bbox 212 4440 238 4502; x_wconf 83' lang='grc'>01</span> <span class='ocrx_word' id='word_1_394' title='bbox 253 4441 449 4522; x_wconf 86' lang='lat' dir='ltr'>praeseribens</span> <span class='ocrx_word' id='word_1_395' title='bbox 464 4441 590 4506; x_wconf 89' lang='lat' dir='ltr'>amittat</span> <span class='ocrx_word' id='word_1_396' title='bbox 602 4443 821 4525; x_wconf 81' lang='lat' dir='ltr'>possessionem</span> <span class='ocrx_word' id='word_1_397' title='bbox 832 4461 886 4525; x_wconf 88' lang='lat' dir='ltr'>per</span> <span class='ocrx_word' id='word_1_398' title='bbox 898 4450 1020 4524; x_wconf 89' lang='lat' dir='ltr'>tempus</span> <span class='ocrx_word' id='word_1_399' title='bbox 1033 4461 1114 4506; x_wconf 90' lang='lat' dir='ltr'>anno</span> <span class='ocrx_word' id='word_1_400' title='bbox 1127 4443 1247 4525; x_wconf 83' lang='lat' dir='ltr'>integro</span> <span class='ocrx_word' id='word_1_401' title='bbox 1259 4447 1376 4528; x_wconf 87' lang='lat' dir='ltr'>majus,</span> 
     </span>
     <span class='ocr_line' id='line_1_48' title="bbox 110 4527 1379 4616; baseline 0.007 -30"><span class='ocrx_word' id='word_1_402' title='bbox 110 4532 165 4588; x_wconf 85' lang='lat' dir='ltr'>aut</span> <span class='ocrx_word' id='word_1_403' title='bbox 184 4527 212 4592; x_wconf 91' lang='lat' dir='ltr'>si</span> <span class='ocrx_word' id='word_1_404' title='bbox 232 4530 313 4594; x_wconf 88' lang='lat' dir='ltr'>mala</span> <span class='ocrx_word' id='word_1_405' title='bbox 332 4529 405 4595; x_wconf 87' lang='lat' dir='ltr'>fides</span> <span class='ocrx_word' id='word_1_406' title='bbox 428 4531 848 4616; x_wconf 55' lang='grc'>000000001000001011110,</span> <span class='ocrx_word' id='word_1_407' title='bbox 869 4532 951 4597; x_wconf 86' lang='grc'>01110</span> <span class='ocrx_word' id='word_1_408' title='bbox 969 4540 1130 4598; x_wconf 83' lang='lat' dir='ltr'>moveatur</span> <span class='ocrx_word' id='word_1_409' title='bbox 1143 4533 1282 4616; x_wconf 72' lang='lat' dir='ltr'>juridice</span> <span class='ocrx_word' id='word_1_410' title='bbox 1300 4534 1379 4598; x_wconf 83' lang='lat' dir='ltr'>eirea</span> 
     </span>
    </p>
   </div>
   <div class='ocr_carea' id='block_1_5' title="bbox 0 0 1587 5026">
    <p class='ocr_par' dir='ltr' id='par_1_17' title="bbox 0 0 1587 5026">
     <span class='ocr_line' id='line_1_49' title="bbox 0 0 1587 5026; baseline 0 0"><span class='ocrx_word' id='word_1_411' title='bbox 0 0 1587 5026; x_wconf 95' lang='lat' dir='ltr'> </span> 
     </span>
    </p>
   </div>
  </div>
 </body>
</html>
