3206 5024
576 213 618 256 us
637 211 838 257 cancarrrs
858 212 1035 258 unctiori
1321 229 1326 240 ·
1379 204 1447 272 :itt

213 325 253 384 ll.
268 322 353 385 Licet
366 322 529 404 aliquando
544 321 692 384 indirecte
704 323 847 386 abortum
861 341 1036 404 procurare,
1051 343 1106 386 seu
1123 324 1234 387 melius
1252 327 1443 406 permittere,

174 411 440 474 subministrando
453 409 593 473 videlicet
606 411 714 485 matri,
728 413 835 475 morbo
852 411 939 492 gravi
958 412 1123 487 laboranti,
1143 414 1276 476 remedia
1289 415 1377 478 stetui
1392 435 1445 478 no-

174 498 259 575 civa,
279 501 304 562 si
323 500 508 563 conditiones
523 507 682 581 sequentes
696 507 893 575 concurrant,
910 500 1045 564 scilicet:
1060 506 1092 565 l⁰
1107 509 1144 564 ut
1164 505 1271 582 agatur
1289 505 1325 566 de
1341 505 1446 568 morbo

172 588 296 664 letbali;
316 594 349 651 2⁰
367 595 404 650 ut
426 587 576 663 remedia,
592 586 681 652 fatui
700 588 824 665 nociva,
846 589 909 651 sint
925 609 982 672 per
1002 609 1032 650 ce
1053 591 1091 652 ad
1112 591 1256 652 morbum
1275 593 1446 656 curandum

175 676 288 738 directe
300 682 330 740 et
344 676 514 739 immediate
527 675 671 752 efficacia3
688 681 720 740 3⁰
742 680 777 739 ut
791 678 875 740 nulla
889 677 930 740 sit
945 695 1011 759 spes
1025 676 1115 741 tacui
1128 678 1173 740 illi
1187 679 1286 742 vitam
1300 685 1446 745 aeternam

173 783 229 847 per
248 765 438 846 Baptismum
458 765 651 846 procurandi.
669 766 853 846 Hujusmodi
867 769 970 828 autem
984 785 1050 847 spes
1065 766 1100 829 in
1118 766 1230 847 duplici
1252 787 1323 831 casu
1344 770 1446 834 abesse

173 859 274 936 potest
287 874 294 915 :
310 873 418 936 nempe
427 853 482 916 ubi
494 853 651 917 moraliter
664 859 745 916 certo
756 860 892 930 constat,
908 854 1018 918 fratum
1031 857 1170 919 nondum
1180 875 1245 920 esse
1258 857 1443 935 animatum,

172 948 211 1004 ut
224 943 258 1005 in
271 941 424 1023 prioribus
437 941 640 1023 conceptionis
654 942 777 1017 dicbuS,
794 942 974 1023 calipsum,
990 943 1139 1008 moriente
1155 950 1269 1020 matre,
1291 947 1384 1011 simul
1398 949 1446 1012 vel

172 1034 243 1094 ante
263 1031 461 1094 maritimum.
482 1067 521 1076 -
534 1029 569 1092 S.
584 1031 668 1113 Liq„
685 1031 759 1094 itti.
776 1067 816 1076 --
828 1031 976 1110 Lacroic,
994 1053 1025 1094 n.
1041 1036 1101 1096 826
1120 1043 1148 1095 ct
1165 1053 1225 1116 sep.
1241 1071 1281 1080 —
1295 1034 1443 1100 Bittnart.

211 1121 263 1182 III.
278 1119 399 1182 Mulieri
418 1119 551 1200 gravida
570 1119 730 1200 egrotanti
744 1119 814 1182 licet
828 1119 979 1201 porrigere
993 1121 1136 1202 pleraque
1150 1122 1283 1185 remedia
1302 1125 1445 1188 curandis

169 1207 288 1271 morbis
306 1207 429 1283 idonea,
450 1207 508 1270 etsi
526 1208 708 1289 quandoque
726 1207 851 1270 abortus
866 1207 952 1288 sequi
966 1209 1072 1288 possit.
1090 1209 1180 1274 Ratio
1193 1218 1254 1286 est,
1270 1213 1343 1293 quia
1357 1232 1445 1294 expe-

169 1296 285 1360 rientia
306 1301 424 1359 constat
443 1297 585 1360 abortum
603 1295 747 1358 remediis
768 1296 945 1371 ordinariiS,
969 1298 1078 1359 saltem
1098 1297 1264 1380 plerisque,
1288 1301 1445 1366 rarissime

173 1385 270 1467 sequi.
283 1421 325 1431 —
338 1386 390 1449 lta
405 1388 613 1448 communiter.

294 1573 505 1639 Resolves.

211 1732 283 1793 toa.
293 1764 332 1772 —
344 1733 377 1790 l⁰
391 1732 458 1792 Non
474 1727 544 1790 licet
557 1725 664 1807 puella
679 1724 812 1806 gravidae
826 1725 1026 1806 pharmacum
1041 1743 1161 1788 sumere
1174 1727 1213 1788 ad
1227 1725 1336 1789 fratum
1345 1731 1443 1810 expel-

169 1817 309 1890 lendum,
320 1835 358 1878 ne
369 1816 483 1877 famam
493 1814 625 1888 amittat,
637 1821 692 1877 aut
701 1833 740 1876 ne
750 1833 768 1876 a
779 1821 865 1894 patre
873 1813 986 1876 brriosc
994 1813 1159 1888 occidatur,
1171 1815 1244 1896 quia
1258 1815 1367 1878 directe
1376 1837 1443 1898 pro

168 1911 332 1967 curaretur
342 1903 478 1966 abortus.
490 1907 616 1966 Constat
628 1903 770 1965 etiamen
787 1901 989 1983 propositione
1002 1901 1054 1966 34³
1067 1902 1106 1964 ab
1120 1905 1221 1966 innoc.
1234 1905 1275 1967 XI
1286 1905 1442 1970 damnata.

210 1995 245 2056 2⁰
258 1997 323 2056 Non
338 1991 421 2065 licet,
437 2009 507 2052 cum
522 1990 633 2054 mulier
647 1984 773 2071 gravida
785 1997 845 2066 est,
858 1990 969 2053 tactim
982 1991 1113 2054 occidere
1125 1993 1164 2054 ad
1178 1995 1308 2054 matrem
1318 2011 1336 2056 a
1347 2000 1445 2056 morte

166 2081 371 2144 liberandam.
387 2114 427 2123 —
443 2078 479 2140 S.
495 2079 564 2161 Lip.
578 2099 609 2142 n.
625 2084 694 2143 39t.
1462 2135 1464 2142 ,

212 2173 245 2232 3ο
259 2170 326 2229 Non
337 2167 407 2229 licet
424 2167 516 2228 matri
531 2167 678 2248 gravidae,
695 2169 790 2230 etiam
807 2167 840 2230 in
855 2172 934 2230 certo
947 2169 1056 2231 mortis
1070 2167 1217 2248 periculo,
1238 2187 1373 2244 sumere,
1389 2190 1444 2234 nec

165 2256 242 2318 licet
263 2255 292 2317 ei
310 2255 443 2335 praebere
463 2255 647 2318 medicinam
665 2275 703 2318 ex
722 2256 753 2319 vi
769 2274 842 2330 sua,
859 2261 912 2318 aut
926 2258 1034 2319 saltem
1047 2276 1085 2319 en
1104 2256 1276 2319 intentione
1292 2259 1444 2322 sumentis

167 2344 220 2406 vel
233 2343 407 2423 prebeatis,
420 2343 531 2406 directe
543 2343 716 2406 ordinatam
726 2345 764 2406 ad
778 2343 956 2426 ejectionem
965 2345 1068 2422 status,
1078 2345 1220 2426 quamvis
1234 2364 1316 2410 mors
1326 2349 1444 2411 utrius-

166 2449 231 2512 que
254 2435 332 2494 certo
355 2436 409 2494 aut
432 2432 493 2494 fere
518 2437 597 2494 certo
622 2431 728 2496 lutura
751 2433 807 2509 sit,
834 2433 861 2495 si
881 2434 1033 2496 medicina
1057 2452 1119 2496 non
1145 2433 1327 2498 adhibeatur
1346 2484 1353 2511 ,
1374 2443 1404 2498 et
1427 2457 1444 2501 e

165 2519 321 2583 contrario
338 2527 419 2582 certo
441 2528 495 2583 aut
512 2515 709 2602 probabiliter
724 2522 869 2585 salvanda
888 2521 929 2586 sit
942 2529 1042 2586 mater
1056 2522 1083 2585 si
1098 2522 1289 2586 adhibeatur.
1306 2529 1444 2606 Namque

165 2607 197 2671 si
211 2626 272 2671 non
287 2609 395 2671 debeat
405 2613 502 2671 mater
515 2609 610 2672 occidi
619 2659 627 2685 ‚
636 2616 728 2690 prout
740 2611 824 2673 dccet
833 2611 868 2672 S.
886 2609 1013 2674 Tiamaa
1026 2610 1085 2694 (3.,
1097 2631 1126 2692 q.
1139 2615 1189 2687 68,
1202 2622 1263 2674 art.
1278 2618 1326 2686 tt,
1342 2614 1383 2675 ad
1396 2615 1441 2696 3),

166 2701 206 2760 ut
222 2697 357 2760 salvetur
376 2716 464 2777 puer‚·
480 2717 579 2778 neque
598 2698 693 2760 etiam
709 2717 786 2779 puer
800 2699 895 2762 occidi
909 2699 1011 2773 debet,
1028 2704 1064 2762 ut
1077 2706 1177 2762 mater
1187 2700 1336 2776 salvetur;
1350 2707 1380 2764 et
1394 2703 1443 2765 in-

165 2784 265 2848 tentio
280 2786 418 2848 salvandi
432 2793 574 2861 matrem,
589 2786 790 2867 quantumvis
801 2787 1186 2868 censeaturpriucipalisac
1199 2788 1441 2868 praedominans,

166 2891 231 2935 non
249 2872 378 2955 impedit
399 2874 566 2954 quominus
583 2874 699 2936 directa
718 2875 759 2936 sit
773 2875 942 2956 procuratio
957 2875 1097 2950 abortae,
1114 2883 1145 2938 et
1159 2877 1190 2936 in
1205 2895 1235 2938 se
1252 2878 1355 2940 volita.
1376 2883 1443 2943 Non

165 2966 274 3024 autem
288 2980 306 3024 a
318 2966 438 3042 peccato
459 2961 596 3024 excusari
611 2969 740 3042 possunt
753 2970 950 3042 procurantes
965 2963 1123 3038 abortum,
1138 2981 1172 3026 eo
1186 2965 1267 3044 quod
1279 2967 1442 3030 accelerent

164 3055 293 3113 tautum
308 3056 439 3112 mortem
452 3050 545 3130 prolis
562 3049 637 3112 alias
651 3056 730 3113 certo
749 3050 907 3115 moriturae
930 3071 937 3112 :
959 3051 1073 3112 directa
1093 3051 1192 3126 enim,
1213 3060 1244 3115 et
1262 3057 1295 3114 in
1312 3074 1343 3116 ce
1364 3055 1442 3137 (non

165 3138 235 3201 dico
244 3147 376 3222 propter
389 3139 433 3220 ce)
453 3137 545 3202 volita
565 3138 674 3201 mortis
690 3139 863 3203 acceleratio
883 3159 936 3204 seu
955 3139 1131 3221 anticipatio
1149 3148 1197 3204 est
1215 3161 1324 3205 verum
1341 3143 1442 3206 borni-

164 3226 295 3290 cidium.

207 3319 240 3379 4⁰
253 3318 368 3380 Eadem
389 3316 507 3380 ratione
529 3317 562 3379 id
582 3335 644 3380 non
665 3317 734 3380 licet
756 3317 851 3380 etiam
871 3323 994 3398 propter
1015 3317 1229 3382 conierendum
1250 3320 1441 3399 Baptismum

162 3404 259 3486 proli,
276 3424 344 3486 quea
359 3424 444 3469 secus
463 3423 525 3468 uon
543 3405 759 3487 baptizaretur.
781 3409 820 3467 Et
834 3425 938 3470 revera
951 3406 987 3471 S.
1005 3407 1145 3483 Tiamaa,
1163 3407 1184 3468 t.
1201 3427 1226 3468 c.
1242 3408 1287 3470 ait
1303 3425 1365 3469 non
1377 3425 1442 3471 esse

162 3491 361 3556 occidendam
379 3500 508 3556 matrem
522 3499 558 3556 ut
573 3494 743 3578 baptizetur
757 3513 858 3576 pner,·
875 3514 943 3575 queo
963 3496 1100 3558 doctrina
1117 3493 1264 3575 generalis
1280 3499 1343 3570 cst,
1359 3501 1390 3558 et
1404 3497 1440 3559 de

160 3599 259 3663 puero
273 3581 340 3663 ipso
353 3587 399 3645 est
416 3583 622 3662 intelligenda.
642 3583 788 3658 Quamvis
806 3588 912 3646 autem
931 3582 964 3645 S.
983 3585 1054 3668 Ltp.
1069 3584 1108 3666 (t.
1127 3585 1182 3658 Vl,
1201 3587 1236 3644 tr.
1253 3583 1327 3664 106)
1341 3583 1438 3660 dicat,

162 3671 284 3734 licitum
299 3691 359 3734 esse
373 3692 453 3754 aqna
466 3670 581 3751 pelida,
596 3675 624 3732 ci
637 3672 702 3733 ntia
716 3671 823 3734 baberi
836 3691 897 3732 non
903 3676 1015 3755 possit,
1028 3692 1161 3755 puerum
1175 3691 1247 3732 mccc
1257 3675 1440 3734 moriturum

163 3757 325 3841 baptizare
328 3808 339 3839 ,
356 3761 475 3822 etiamst
493 3764 650 3823 timeretur
663 3780 701 3822 ea·
715 3761 771 3822 lzcc
781 3780 862 3822 mors
874 3761 1085 3839 acceleranda,
1096 3760 1129 3823 id
1138 3759 1290 3840 permittit
1304 3764 1438 3836 tantum,

161 3848 240 3929 quia
255 3849 326 3910 talia
343 3853 423 3911 actio
434 3869 494 3910 non
509 3849 606 3911 tendit
619 3848 659 3912 ad
673 3853 864 3924 occisionem,
881 3848 933 3911 ced
946 3849 987 3910 ad
1000 3849 1199 3925 ablutionem,
1212 3855 1244 3910 ct
1257 3851 1341 3929 justa
1355 3849 1440 3911 adest

160 3953 271 4014 causa;
283 3943 315 4000 at
326 3937 419 4001 simul
433 3942 551 4014 monet,
565 3957 718 4020 nunqnam
733 3938 821 4000 licere
825 3939 981 4019 projicere
995 3939 1027 3999 in
1038 3937 1149 4020 flumen
1161 3937 1311 4018 infantem
1322 3937 1364 3998 ad
1373 3955 1440 3999 enm

87 4037 90 4040 ·
162 4024 382 4108 baptizandum
399 4027 470 4108 (qui
490 4031 594 4088 tamen
612 4027 786 4108 baptismus
799 4033 846 4089 cst
866 4025 1062 4108 probabiliter
1080 4025 1231 4106 validus),
1247 4029 1383 4106 quamvis
1398 4027 1440 4086 ait

157 4133 242 4178 moa
255 4115 428 4178 &cessurus
441 4117 506 4177 aine
526 4115 691 4198 bapticmo;
705 4119 779 4198 qnia
796 4135 952 4197 nunqnam
971 4124 1016 4176 est
1033 4113 1148 4176 licitum
1167 4114 1203 4174 ob
1222 4131 1439 4196 quamcumque

157 4223 288 4268 consum
304 4205 415 4267 directe
425 4203 556 4266 occidere
570 4207 765 4266 innocentem.
779 4207 870 4266 Porro
883 4208 949 4266 tam
961 4202 1073 4265 directe
1087 4201 1197 4264 occidit
1209 4201 1373 4277 infantem,
1383 4203 1438 4285 qui

157 4291 276 4358 directe
287 4296 427 4376 procurat
440 4293 596 4369 abortrun,
611 4311 706 4375 quam
720 4292 859 4374 quicum
873 4290 992 4373 projicit
1004 4289 1037 4352 in
1051 4289 1179 4353 flumen.

204 4387 237 4446 5⁰
255 4381 336 4446 Licet
356 4381 471 4444 medico
485 4381 617 4462 praebere
632 4381 804 4444 remedium
818 4381 855 4443 de
867 4399 898 4443 se
912 4379 1090 4443 ordinatum
1108 4380 1147 4442 ad
1164 4381 1308 4444 morbum
1327 4379 1436 4443 matris

155 4471 350 4546 curandum,
368 4470 394 4534 si
408 4475 488 4534 certo
504 4475 637 4546 constet,
652 4488 716 4534 non
734 4471 805 4533 dato
825 4467 974 4543 remedio,
995 4473 1026 4532 et
1043 4475 1174 4533 matrem
1193 4469 1330 4552 alioquin
1342 4467 1436 4532 mori·
