3168 5002
188 177 242 240 72¹
617 187 740 233 asaias
766 189 1041 236 canonosoersa

189 316 291 358 nerum
310 299 454 356 actionum
476 295 663 372 praessuientis
682 314 732 372 pro
747 298 935 372 indulgentiis
950 302 1174 372 consequendis,
1197 317 1247 376 pro
1268 297 1463 376 adimplendis

189 379 386 516 migentm'
406 381 436 435 et
456 378 613 449 generatim
638 394 687 451 pre
710 395 791 436 sacro
807 381 836 435 et
856 381 992 454 religioso
1014 383 1093 439 cultu
1114 381 1169 439 rite
1182 385 1212 438 et
1232 399 1267 440 ex
1281 383 1381 440 ordine
1395 397 1463 458 per-

190 477 261 534 egen
284 477 318 517 o:

226 541 324 610 Falsa,
341 539 503 606 temeraria,
517 539 697 608 scandalosa,
713 541 883 613 peruiciosa,
895 541 994 615 pietati
1012 539 1141 600 fidelium
1155 543 1305 615 injuriosa,
1326 543 1463 601 Ecclesia
1566 571 1567 584 2

262 621 424 678 auctoritati
438 619 591 691 derogans,
606 633 734 676 erronea.

226 731 268 791 De
282 733 391 792 Poens't.
407 733 427 808 ἓ
444 732 487 791 16.

227 821 272 879 65.
288 823 446 896 Propositie
462 821 633 892 enuntians,
651 817 853 896 irregularem
871 821 1032 894 strepitum
1051 841 1201 882 nouorum
1216 821 1462 889 institutionum,

192 918 259 976 6666
268 901 355 960 dieta
368 911 439 958 sacrat
452 900 598 958 6666661116
612 899 658 958 661
671 903 880 971 missiones...,
894 907 974 978 ferte
986 921 1147 977 nunqnam
1159 903 1326 962 autaettem
1333 921 1464 978 perraro

192 999 225 1039 co
239 983 409 1056 pertingere
420 988 454 1038 61
473 982 640 1040 absolutam
655 983 879 1040 conversionem
894 989 1070 1056 operantum
1082 991 1109 1042 et
1123 984 1288 1042 eece-sores
1305 985 1466 1044 111666661-

193 1063 338 1119 mots‘ona's
351 1069 450 1129 ectus,
465 1063 519 1136 qui
534 1081 718 1138 apparuere,
731 1063 779 1120 nil
793 1063 880 1122 alind
892 1064 990 1138 foisse
1003 1083 1096 1139 quum
1108 1064 1467 1123 16666666116661666116

193 1143 401 1201 concussionis
411 1143 538 1218 sulpio-a
553 1163 563 1198 .-

230 1225 410 1293 Temeraria,
428 1225 505 1281 male
526 1240 640 1292 sonans,
664 1225 839 1298 perniciosa,
856 1225 928 1281 mori
951 1225 999 1298 pie
1017 1241 1051 1283 ac
1063 1225 1227 1284 salutariter
1240 1243 1290 1301 per
1305 1225 1468 1284 Ecclesiam

266 1305 443 1378 frequentato
454 1305 483 1361 et
497 1304 527 1360 in
541 1305 626 1362 verbo
641 1305 692 1362 Dei
706 1305 823 1361 lundato
835 1305 984 1378 injuriosa.

419 1499 453 1540 716
470 1497 545 1539 110110
564 1498 707 1539 JUNGENDAE
726 1497 805 1539 VOCIS
824 1497 922 1540 rorum
940 1497 998 1539 61111
1017 1497 1086 1541 vocs
1105 1497 1240 1546 secanam

671 1579 699 1619 lrt
718 1578 850 1621 essemus
869 1579 994 1621 russinis

232 1691 276 1749 66.
291 1692 448 1765 Prepesitio
463 1706 610 1761 asserens,
626 1689 692 1764 sore
710 1697 815 1748 contre
833 1690 1028 1764 apostoticam
1041 1689 1169 1766 praesim
1189 1697 1216 1748 et
1239 1689 1295 1748 bei
1312 1691 1470 1764 consitio,
1570 1752 1571 1762 ,

197 1771 385 1911 absgoputo
402 1771 557 1846 faciliores
570 1771 627 1828 nisa
637 1775 826 1844 pararentur
839 1787 939 1828 vocene
951 1787 1040 1828 suem
1049 1770 1205 1847 jungendi
1218 1789 1288 1830 cum
1299 1787 1368 1830 voce
1377 1771 1472 1832 totius
1570 1831 1571 1838 ,

197 1851 383 1990 1316611166
401 1932 436 1989 de
451 1949 506 1989 usu
521 1931 649 2004 vulgaris
662 1931 768 2003 linguae
778 1931 808 1987 iu
822 1930 972 2002 liturgicus
988 1947 1087 2006 preces
1098 1931 1282 2002 induceudae;

235 2012 333 2081 Falsa,
347 2013 514 2082 temeraria,
531 2011 641 2068 ordinis
654 2027 703 2085 pro
720 2013 921 2084 mysteriorum
936 2010 1127 2070 celebratione
1144 2014 1305 2090 praescripti
1321 2011 1474 2088 perturba·

194 2101 197 2110 ’
271 2094 344 2162 1166,
361 2093 485 2167 plurium
501 2093 641 2150 malorum
655 2093 737 2148 166116
752 2092 926 2165 productrix.

601 2275 785 2318 6116661066
804 2275 896 2316 SACRAE
916 2271 1073 2318 SCRIPTURAE

308 2387 359 2444 Ecc
372 2393 445 2445 neto
457 2389 494 2444 in
504 2387 563 2459 {inc
579 2389 659 2446 decr.
675 2388 711 2444 do
724 2387 836 2460 666116.

238 2475 282 2532 67.
303 2477 436 2533 Doctrina
453 2477 621 2550 perhibens,
642 2493 659 2534 a
677 2476 801 2533 lectione
822 2491 967 2533 sacrarum
987 2477 1199 2551 scripturarum
1219 2477 1348 2535 nonnisi
1368 2497 1476 2538 666666
1572 2486 1573 2494 ’

196 2556 414 2630 ,impotentiam
438 2573 599 2636 excusam
617 2557 807 2628 subjungens,
824 2555 900 2613 ultro
915 2573 946 2613 se
967 2557 1084 2631 prodere
1100 2557 1344 2629 obscurationem,
1358 2573 1422 2632 quae
1438 2575 1478 2619 ex

203 2637 325 2709 hujusce
340 2639 474 2712 praecepti
489 2637 620 2709 neglectu
636 2641 753 2694 6616661
767 2653 852 2712 super
864 2637 1014 2712 primarias
1028 2637 1164 2694 veritates
1179 2637 1356 2710 Religionis:

240 2718 341 2855 Taliata,
357 2719 521 2788 temeraria,
537 2719 643 2792 quietis
659 2718 819 2776 animarum
838 2718 1052 2792 perturbativa,
1067 2717 1141 2774 alias
1159 2719 1189 2774 in
1203 2718 1371 2787 Quesnellio
1390 2720 1478 2776 dam·

427 2921 462 2962 DE
481 2920 658 2962 suaseramus
677 2921 767 2962 nassis
787 2921 813 2960 lli
833 2919 965 2961 scennsls
983 2917 1099 2960 PUBLICE
1117 2904 1261 2971 nsesnblsf

312 3032 351 3088 lle
370 3039 446 3090 orat.
464 3032 483 3107 ἓ
498 3033 542 3091 19.

240 3117 456 3192 6816616116,
480 3137 537 3193 qua
556 3135 737 3193 summopere
762 3119 893 3192 synodus
917 3119 1097 3176 commendat
1120 3116 1281 3187 Quesnellii
1304 3123 1481 3179 commenta·
1538 3187 1540 3192 ,

205 3199 299 3258 tiones
310 3199 340 3256 in
352 3203 461 3258 Novum
476 3201 704 3269 Testamentum,
721 3198 836 3272 aliaque
852 3199 974 3256 aliorum
991 3199 1199 3272 quesnellianis
1219 3199 1365 3256 erroribus
1380 3199 1481 3258 laven·

206 3282 282 3338 tium
295 3297 380 3355 opera
393 3281 462 3338 licet
475 3281 646 3355 proscripta;
662 3279 817 3352 eademque
832 3280 962 3353 parochis
978 3278 1122 3353 proponit,
1134 3281 1166 3336 61
1179 3281 1358 3352 estnequam
1374 3277 1480 3340 solidis

206 3363 365 3434 Religionis
381 3361 529 3436 principiis
544 3362 648 3418 referta
660 3362 690 3417 in
708 3362 770 3417 suis
790 3361 912 3432 quisque
926 3359 1059 3435 paroeciis
1072 3359 1176 3434 popule
1191 3361 1255 3433 pest
1274 3359 1401 3433 reliquas
1416 3361 1483 3418 lun-

207 3444 317 3501 6116666
329 3441 475 3516 perlegant
487 3463 493 3498 :

241 3523 336 3592 Falsa,
348 3523 526 3592 scandebas,
542 3523 704 3591 temeraria,
723 3520 871 3591 seditiosa,
883 3519 1020 3577 Ecclesiae
1030 3519 1180 3593 injuriosa,
1195 3519 1322 3577 schisma
1336 3521 1436 3578 locens
1449 3521 1481 3578 et

278 3603 420 3661 baeresim.

676 3733 711 3774 DE
730 3731 826 3774 meurs
845 3729 1007 3774 inseramus

313 3813 355 3870 De
368 3817 444 3870 oret.
461 3813 480 3885 5
494 3812 539 3868 17.

244 3899 288 3957 69.
302 3899 499 3976 Praescriptio,
521 3915 584 3972 quaa
605 3897 775 3971 generaliter
796 3901 824 3954 et
847 3897 1013 3954 indistincte
1036 3895 1112 3954 inter
1131 3897 1270 3968 imagines
1291 3894 1327 3951 ab
1347 3894 1482 3952 Ecclesia

209 3979 392 4050 auferendas,
409 3979 488 4055 salut
498 3979 617 4037 rudibus
633 3980 738 4036 erroris
752 3979 931 4034 occasionem
949 3976 1120 4051 praebentes,
1137 3978 1215 4033 notat
1229 3975 1370 4046 imagines
1385 3976 1483 4033 Trini-

209 4059 277 4116 tatis
297 4059 615 4136 incempreheusibilis:
1233 4101 1238 4112 .

244 4141 360 4213 Propter
372 4143 418 4198 sui
430 4141 657 4214 generalitatem,
671 4140 840 4209 temeraria,
858 4151 892 4196 ac
905 4139 953 4212 616
968 4155 1018 4211 per
1031 4137 1190 4195 Eccledam
1210 4134 1388 4208 frequentate
1406 4136 1483 4191 mori

280 4223 432 4290 contraria,
448 4223 531 4294 quasi
544 4221 631 4278 nullae
641 4222 737 4277 extent
752 4219 893 4290 imagines
908 4219 1099 4276 sanctissimae
1118 4215 1269 4276 Trinitatis
1290 4214 1484 4274 communiter

280 4301 441 4377 approbatae
457 4304 564 4359 actutu
579 4301 791 4376 permittendam

242 4385 284 4440 Ex
300 4381 380 4440 brari
398 4379 612 4440 Sotlics'tndins'
623 4386 733 4439 nostr-ee
748 4379 894 4438 benedieti
910 4381 984 4448 XIV,
996 4379 1065 4436 anni
1077 4377 1158 4436 1716.

242 4472 287 4530 70.
305 4473 394 4538 ltern,
417 4470 546 4528 doctrina
572 4473 601 4528 et
623 4470 802 4545 praescriptio
825 4469 983 4541 generatim
1010 4465 1166 4541 reprobans
1190 4481 1302 4524 omnem
1324 4463 1484 4539 specialem
