3206 5024
187 183 256 248 302
717 197 927 242 rusernrus

230 316 261 376 30
275 310 333 386 Qui
347 311 461 374 occulte
472 316 503 374 et
517 311 623 391 gravia
637 327 744 374 eorum
760 309 871 372 delicte
882 308 948 371 sine
958 310 1044 390 juste
1054 327 1144 372 cause
1155 308 1356 372 manifestent
1369 318 1468 376 exter-

187 399 249 464 nis.
265 405 397 462 Possunt
411 405 516 462 tamen
531 399 591 462 sibi
602 398 736 462 invicem
750 404 890 479 parentes
905 416 940 459 eo
952 397 1098 473 revelare,
1108 397 1182 479 quia
1193 399 1469 464 communicantin

182 491 336 570 potestate
348 488 511 568 puniendi,
528 493 559 550 et
574 487 699 569 expedit
716 505 793 568 serpe
811 493 848 549 ut
862 485 1001 566 utrisque
1019 491 1092 549 noto
1110 486 1175 548 sint
1188 486 1226 549 ad
1240 489 1470 568 perversionem

190 577 325 640 filiorum
335 577 583 657 precavendam,
596 583 657 640 eto.

185 709 188 716 -
224 671 262 729 d·
276 664 334 741 Qui
347 665 458 728 effectu
476 665 521 728 ita
537 665 712 728 inordinato
731 683 781 727 eos
800 665 948 745 diligunt,
962 671 1002 728 ut
1022 664 1126 726 omnis
1144 663 1219 745 ipsis
1233 666 1401 729 concedant
1414 673 1470 730 aut

189 755 372 837 permittent
391 771 429 816 ne
445 772 497 816 eos
516 753 714 830 contristent;
730 753 778 816 vel
795 753 865 834 qui,
880 753 1018 816 bonitate
1032 752 1249 834 intempestive
1262 757 1401 831 utentes,
1418 774 1470 818 re-

189 843 316 906 missius
331 859 401 922 erge
416 842 483 905 illos
497 847 610 922 egunt,
630 845 661 904 et
675 842 740 905 sive
759 841 796 904 ob
816 842 997 922 segnitiem,
1014 841 1078 904 sive
1098 840 1135 903 ob
1157 841 1380 922 benignitatem
1398 862 1470 906 cru·

190 932 306 1007 delem,
328 949 378 994 eos
396 931 552 1014 preceptis
574 930 663 994 seriis
687 937 742 994 aut
765 929 834 992 aliis
853 930 963 993 modiis
984 929 1154 993 efficacibus
1177 930 1300 994 avitiis
1316 932 1470 996 retrabere

183 1020 362 1102 negligunt.

184 1137 187 1146 ·
232 1113 265 1171 5⁰
280 1109 337 1185 Qui
346 1109 472 1190 uniprae
482 1109 551 1172 aliis
560 1109 733 1190 plurimum
748 1107 852 1170 fovent
861 1107 927 1170 sine
935 1111 1021 1190 juste
1034 1108 1166 1184 ratione,
1182 1115 1366 1190 ceterosque
1373 1108 1472 1172 indii-

190 1197 323 1260 ferenter
342 1198 515 1272 intuentur,
541 1203 596 1260 eut
616 1197 711 1259 etiam
734 1197 815 1260 sicut
834 1197 1021 1259 adulterinos
1043 1197 1172 1274 habent;
1187 1197 1252 1260 haec
1270 1199 1355 1260 enim
1374 1197 1470 1260 unius

190 1303 254 1367 pras
265 1285 381 1348 ceteris
393 1285 514 1349 dilectio
527 1285 593 1349 lons
610 1290 657 1348 est
675 1292 707 1348 et
726 1285 839 1347 occasio
855 1285 1048 1366 jurgiorum,
1064 1286 1219 1360 rixamm,
1236 1285 1429 1350 divisionum
1441 1289 1471 1348 et

190 1375 385 1458 infinitorum
400 1376 553 1438 malorum
565 1375 599 1437 in
612 1373 750 1436 familiis.

683 1579 727 1646 ll.
742 1616 787 1627 —
800 1577 983 1646 Educatio.

211 1791 451 1944 'mentibus
465 1789 621 1872 procureri
639 1787 729 1852 debet
746 1787 881 1850 liliorum
896 1788 1034 1851 educatio
1048 1794 1119 1852 tum
1131 1790 1311 1869 corporalis,
1326 1798 1397 1854 tum
1411 1790 1471 1872 spi.

193 1899 221 1943 ra
318 1927 326 1941 .

603 1993 628 2054 I.
649 2027 690 2038 --
706 2009 854 2054 nnnmrro
877 2006 1054 2054 conronsnrs

234 2169 303 2229 372.
317 2201 357 2210 -
371 2164 517 2228 Educatio
531 2163 693 2245 corporalis
711 2163 863 2244 triplicem
880 2161 1106 2243 procidentiam
1119 2181 1138 2223 a
1153 2163 1335 2243 parentibus
1355 2165 1468 2245 exigit,

194 2252 307 2316 scilicet
321 2253 440 2315 ratione
456 2273 463 2314 :
480 2259 512 2316 1⁰
523 2253 611 2328 vite,
625 2257 657 2314 2⁰
669 2251 784 2326 victus,
799 2257 831 2316 3⁰
847 2255 954 2314 status.

233 2344 257 2404 l.
272 2342 400 2404 Ratione
413 2343 494 2404 vite.
513 2347 669 2404 Tenentur
690 2346 830 2421 parentes
850 2359 957 2402 curem
971 2339 1063 2420 prolis
1078 2340 1216 2402 sedulam
1232 2359 1333 2420 gerere
1350 2342 1471 2422 abipsa

193 2430 399 2511 conceptione,
414 2435 548 2494 avertere
565 2430 670 2493 omnia
686 2447 755 2510 quae
772 2429 833 2509 ipsi
846 2428 954 2492 nocive
968 2447 1033 2491 esse
1046 2435 1190 2509 possunt,
1208 2435 1238 2490 et
1250 2429 1415 2507 invigilare
1429 2449 1472 2493 ne

193 2519 248 2582 ulli
263 2519 336 2582 vitre
349 2519 481 2600 periculo
495 2524 674 2600 exponetur.

233 2608 311 2670 Hinc
325 2615 449 2689 peccent
467 2627 521 2688 per
539 2628 569 2668 se
590 2606 725 2686 graviter
743 2626 750 2668 :
768 2612 800 2669 l⁰
817 2606 960 2670 mulieres
979 2625 1047 2686 que
1065 2625 1128 2670 non
1150 2613 1303 2671 essentne
1317 2605 1412 2668 ioetus
1430 2605 1472 2670 in

93 2723 96 2729 ¹
193 2703 280 2760 utero
299 2697 471 2779 perimatur
492 2694 676 2759 inordinatis
689 2695 839 2772 lasciviis,
854 2695 1084 2770 saltationibus,
1102 2695 1245 2758 oneribus
1255 2693 1470 2776 gratioribus,

193 2804 285 2849 cursu
307 2794 361 2848 aut
381 2785 492 2848 itinere
513 2783 676 2858 diuturno,
694 2783 792 2846 nimia
812 2783 989 2859 iracundie,
1010 2787 1064 2846 out
1080 2802 1209 2847 moerore
1227 2782 1471 2860 vehementiori;

193 2879 225 2936 2⁰
249 2873 309 2935 viri
331 2874 384 2953 qui
405 2877 596 2954 pregnantes
619 2891 729 2936 uxores
753 2891 856 2953 aspere
882 2875 1031 2948 tractant,
1053 2871 1200 2952 gravibus
1221 2871 1473 2953 percussionibus

192 2960 344 3035 afficiunt,
361 2968 415 3023 aut
432 2961 507 3043 ipsis
526 2961 665 3042 ingentes
680 2957 846 3042 imponunt
865 2961 997 3036 laborem
1018 2965 1049 3024 3⁰
1063 2963 1204 3041 conjuges
1219 2961 1274 3042 qui
1288 2979 1350 3024 non
1362 2966 1473 3022 cavent

191 3069 231 3112 ne
242 3049 364 3128 parvuli
376 3049 572 3126 suffocentur,
590 3069 639 3113 eos
653 3051 754 3112 adhuc
767 3049 949 3112 tenerrimos
961 3067 1064 3111 seomn
1077 3049 1112 3110 in
1124 3049 1199 3111 lecto
1213 3050 1390 3112 collocantes
1405 3048 1471 3111 sine

191 3139 253 3202 ullo
271 3138 427 3218 repagulo,
444 3146 500 3202 aut
518 3157 582 3201 non
599 3143 706 3202 cavent
724 3138 853 3219 nequid
877 3137 951 3200 meli
966 3136 1193 3217 quomodolibet
1206 3137 1282 3220 ipsis
1296 3137 1419 3200 eveniet
1431 3155 1472 3200 ex

191 3245 288 3308 aqua,
302 3226 387 3306 igne,
404 3226 530 3300 bestiis,
546 3226 650 3290 ferreis
664 3227 898 3302 instrumentis,
913 3232 969 3288 eto.

231 3318 268 3378 ll.
290 3315 421 3376 Ratione
440 3317 546 3376 victus.
562 3317 719 3378 Tenentur
732 3319 871 3396 parentes
885 3313 957 3377 tiliis
970 3331 1132 3394 procurare
1148 3333 1352 3397 precemque
1367 3331 1469 3376 neces-

191 3403 271 3467 sarie
286 3409 360 3467 sunt
374 3403 412 3466 ad
426 3403 558 3478 victum,
570 3403 807 3479 habitationem,
820 3403 969 3466 vestitum
984 3404 1078 3466 stetui
1092 3407 1122 3466 et
1135 3403 1304 3467 conditioni
1320 3421 1382 3466 suae
1395 3419 1469 3464 con-

191 3510 315 3573 gruum

231 3582 309 3644 Hinc
322 3589 446 3664 peccant
458 3584 596 3662 parentes
613 3601 620 3642 :
636 3587 668 3645 t⁰
681 3582 736 3663 qui
750 3581 822 3644 filiis
837 3581 1050 3645 necessitatem
1064 3581 1253 3662 petientibus
1266 3599 1330 3644 non
1345 3599 1470 3644 succur-

190 3676 279 3746 runt,
296 3671 390 3734 donec
402 3670 462 3750 ipsi
478 3687 531 3750 per
543 3669 681 3732 laborem
694 3670 742 3734 vel
758 3670 947 3733 industriam
965 3668 1025 3732 sibi
1042 3669 1205 3732 subvenire
1218 3671 1356 3746 valeant;
1370 3673 1401 3731 2⁰
1413 3669 1470 3749 qui

190 3758 268 3822 filios
283 3761 372 3822 domo
387 3759 526 3841 eJ'iciunt,
542 3759 618 3820 dum
637 3777 701 3822 non
718 3765 847 3840 possunt
863 3759 962 3820 edbuc
978 3757 1038 3820 sibi
1052 3757 1128 3838 ipsis
1142 3759 1329 3839 prospicere,
1346 3757 1394 3820 vel
1413 3757 1471 3839 qui

190 3865 240 3910 eos
254 3852 365 3928 cogunt
373 3850 413 3911 ad
422 3847 660 3912 mendicandum
670 3854 726 3909 eut
736 3847 829 3910 vilem
840 3851 939 3909 ortem
949 3846 988 3909 ab
998 3845 1135 3927 ipsorum
1147 3846 1322 3909 conditione
1332 3846 1470 3908 alienam

186 3938 398 4000 exercendam.

230 4027 332 4100 Onne.
348 4026 398 4088 An
412 4035 510 4089 motet·
522 4024 634 4108 filiolos
645 4025 776 4106 proprio
791 4025 865 4086 lacte
877 4025 997 4087 nutrire
1011 4023 1137 4086 detecti

230 4113 319 4196 Besp.
335 4116 360 4176 A
365 4115 476 4197 ffirm,
493 4133 565 4177 curn
579 4112 728 4177 sententia
742 4114 918 4189 communi,
933 4112 1077 4193 quiahoc
1089 4116 1142 4195 jus
1156 4113 1297 4175 natumle
1311 4111 1469 4192 postulare

187 4200 320 4265 uidetur.
337 4205 481 4267 Attamen
498 4204 563 4267 heo
580 4201 722 4282 obligatio
737 4219 801 4264 non
814 4207 905 4283 urget
920 4201 978 4264 sub
998 4201 1100 4282 gravi,
1119 4201 1269 4282 quianon
1289 4203 1415 4281 apparet
1432 4199 1470 4262 in

187 4287 245 4352 hoc
263 4291 364 4369 gravis
382 4292 579 4356 deordinetio.
596 4291 643 4354 Ab
657 4289 744 4353 omni
757 4296 862 4352 autern
879 4291 967 4370 culpe
980 4296 1106 4352 excuset
1119 4287 1301 4363 necessitas,
1318 4286 1468 4351 notelfilis

187 4375 321 4452 utilitas,
341 4384 396 4442 eut
415 4381 599 4443 consuetudo
618 4379 699 4462 apud
717 4377 851 4441 familias
868 4378 985 4442 nobiles
1003 4378 1126 4458 rigens,
1143 4382 1216 4455 etc.;
1242 4378 1294 4440 sed
1311 4382 1389 4439 tunc
1408 4375 1467 4438 sub

187 4465 274 4547 gravi
288 4473 386 4530 mater
399 4467 512 4531 bonam
526 4469 626 4549 quoad
641 4485 739 4532 mores
752 4471 783 4530 ot
796 4466 1009 4531 valetudinem
1028 4467 1180 4530 nutricem
1196 4466 1257 4529 sibi
1275 4465 1469 4529 substituere
