3168 5002
611 266 736 312 saulus
762 265 1038 312 canobonoulcn

373 497 520 542 cucullatae
538 498 680 541 ADVERSUS
697 501 813 549 suroris
833 499 990 542 beelsiobds
1009 501 1039 542 lll
1056 501 1180 543 uersum
1198 499 1273 543 nusi

589 580 624 620 AB
643 581 761 629 rulubon
780 580 898 626 §.dennis
917 581 1059 624 BMANATAS

328 704 370 762 De
383 702 456 777 fide,
470 703 489 776 5
506 703 550 760 m.

221 802 265 858 lb.
281 800 463 858 desertiones
478 799 584 872 Synodi
601 799 779 874 complexive
797 801 920 874 acceptae
933 801 1009 858 circa
1023 801 1184 858 decisiones
1199 801 1230 858 iu
1245 800 1365 858 materia
1379 799 1463 860 Fidei

186 881 222 938 ab
241 880 351 954 aliquot
372 881 488 938 saeculis
507 883 670 951 emanatas,
686 897 758 953 ques
780 881 911 954 perhibet
925 881 1004 938 velut
1024 883 1138 938 decreta
1156 882 1193 938 ab
1213 897 1270 939 una
1291 881 1463 955 particulari

186 961 313 1019 Ecclesia
325 960 369 1016 vel
381 960 481 1033 paucis
494 961 657 1034 pastoribus
668 961 802 1034 prolecta,
814 960 895 1018 nulla
907 961 1063 1020 sufficienti
1073 962 1242 1020 auctoritate
1254 961 1380 1030 suffulta,
1392 963 1465 1022 nata

186 1041 399 1114 corrumpendae
413 1041 531 1113 puritati
546 1041 625 1098 Fidei
640 1057 673 1097 ec
685 1041 777 1098 turbis
790 1042 960 1112 excitandis,
974 1043 1087 1099 intrusa
1099 1042 1227 1116 pervim,
1240 1057 1256 1098 e
1269 1041 1373 1114 quibus
1387 1041 1464 1100 intll-

186 1124 232 1178 cta
246 1123 314 1178 sunt
328 1121 446 1178 vrdnera
460 1122 583 1178 nimium
598 1121 691 1178 adbuc
705 1122 851 1178 recentia:

221 1202 322 1271 Felsoe,
337 1201 482 1274 captiosae,
497 1203 667 1276 temerariae,
684 1201 873 1270 scandalosoc,
889 1203 920 1258 in
934 1205 1076 1260 Romanos
1091 1201 1243 1259 Pontifices
1258 1205 1288 1258 et
1300 1201 1464 1260 Ecclesiam

258 1283 420 1354 injuriosae,
433 1282 537 1338 debitae
552 1282 718 1355 apostolicis
733 1283 989 1340 constitutionibus
1006 1283 1177 1340 obedientiae
1189 1283 1369 1354 derogantes,
1385 1282 1464 1342 effli-

258 1361 398 1430 smatieae‚
414 1362 597 1434 perniciosae,
611 1363 645 1418 ad
661 1364 757 1418 minus
772 1378 907 1419 erroneae.

603 1588 638 1632 ba
657 1590 726 1632 l‘ACR
745 1589 825 1631 brem
845 1589 997 1632 cnsunurls
1015 1589 1044 1630 11

329 1715 411 1773 Oret.
423 1717 536 1794 Synod.
554 1718 573 1792 5
592 1717 624 1786 d,
638 1717 674 1775 in
687 1723 769 1775 note.

222 1812 265 1870 13.
286 1815 445 1887 Propositio
468 1815 557 1872 relata
581 1815 656 1871 inter
676 1819 739 1872 acta
759 1815 878 1888 Synodi,
901 1832 964 1888 quae
986 1814 1082 1872 innuit
1103 1813 1277 1872 Clementem
1298 1815 1337 1870 lx
1359 1829 1462 1887 pacem

185 1894 320 1950 Ecclesiae
334 1894 495 1950 reddidisse
513 1910 563 1967 per
578 1895 812 1968 approbationem
832 1896 1029 1954 distinctionis
1044 1895 1123 1969 ¹juris
1141 1897 1170 1952 ct
1192 1895 1258 1952 faeti
1280 1897 1309 1950 in
1329 1894 1461 1952 subscri-

183 1975 281 2046 ptione
294 1974 454 2031 formularii
466 1974 502 2030 eb
517 1973 676 2032 Alexandro
688 1977 737 2032 Vll
753 1976 911 2050 praescripti
924 1995 931 2034 ε

501 2070 597 2140 Falsa,
614 2071 780 2140 temeraria,
794 2073 934 2130 Clementi
946 2075 985 2131 IX
999 2071 1150 2146 injuriose.

222 2207 264 2262 ll.
277 2206 426 2274 Quatenus
437 2223 503 2262 vero
516 2209 543 2264 ei
556 2207 736 2269 distinctioni
746 2211 928 2282 suffragatur,
938 2211 1069 2282 ejusdem
1084 2209 1208 2266 lautores
1221 2207 1355 2266 laudibus
1370 2207 1460 2268 extol-

185 2287 284 2354 leudo,
300 2289 329 2342 ct
342 2303 440 2342 eorum
455 2287 635 2346 adversarios
648 2288 853 2362 vituperando:

221 2367 397 2437 Temeraria,
419 2368 595 2441 perniciosa,
619 2370 740 2426 summis
762 2369 949 2428 Pontificibus
977 2370 1132 2442 injuriosa,
1156 2369 1282 2426 schisma
1306 2370 1405 2426 fovens
1430 2371 1460 2426 et

257 2447 401 2503 baeresim.

519 2649 553 2692 DE
572 2651 816 2695 condusararloas
835 2653 969 2696 CORPORIS
988 2653 1125 2696 seciuslm

326 2786 478 2861 appear„
491 2805 524 2846 a.
540 2789 586 2850 98.

221 2880 266 2938 15.
287 2881 435 2954 Doctrina,
453 2901 517 2957 quae
535 2887 667 2961 proponit
684 2888 843 2946 Ecclesiam
864 2887 1119 2947 considerandam
1136 2886 1216 2944 velut
1235 2905 1335 2945 unaue
1350 2905 1462 2962 corpur

186 2961 348 3032 mysticum
361 2971 604 3037 coopmentotum
617 2985 657 3024 rm
671 2967 789 3026 Chresto
801 2968 898 3042 capite
907 2974 935 3025 et
942 2967 1091 3042 fideliam,
1105 2967 1159 3040 qui
1167 2975 1240 3024 eunt
1248 2969 1313 3041 ejus
1323 2970 1462 3028 membru

183 3059 239 3114 per
246 3041 393 3099 unionem
402 3042 587 3117 ineffabilem
598 3065 659 3120 que
668 3043 854 3105 mirabiliter
863 3049 1021 3105 eredimus
1030 3065 1100 3104 cum
1109 3047 1175 3121 ipse
1184 3066 1267 3105 unua
1277 3049 1463 3106 selussccer-

185 3121 253 3258 dces,
267 3137 333 3257 aar}
349 3123 414 3180 solo
429 3123 568 3195 victime,
578 3143 666 3184 ‚uuus
679 3129 761 3186 colace
775 3129 920 3186 edorotm
931 3129 1084 3203 perfectus
1103 3128 1161 3186 Dei
1177 3129 1282 3187 Putris
1298 3129 1462 3203 inspicite

185 3218 201 3257 c
225 3219 289 3258 verr
335 3220 366 3269 e;

220 3281 367 3339 Intellecta
381 3282 434 3340 hoc
449 3301 551 3356 sensu,
566 3287 648 3343 ulad
666 3303 769 3361 corpus
785 3287 922 3345 Ecclesia
944 3305 1000 3346 non
1021 3289 1184 3362 pertineant
1207 3289 1265 3366 pisi
1289 3289 1390 3348 fideles
1411 3291 1463 3364 qui

187 3364 254 3418 sunt
266 3363 384 3436 perlecti
399 3365 562 3423 adoratores
578 3367 608 3422 in
622 3369 726 3442 spiritu
739 3371 767 3425 et
779 3369 917 3425 veritate:

748 3466 896 3523 Haeretica.

659 3673 694 3716 bu
712 3675 797 3717 scarb
816 3673 985 3719 innocuum

326 3789 369 3849 De
381 3793 460 3866 pret.
476 3789 518 3866 55
533 3791 565 3862 l,
579 3794 605 3863 7,
619 3795 656 3850 de
668 3793 804 3852 Sacram.
820 3795 856 3852 in
870 3813 938 3870 pen.
952 3795 971 3868 5
986 3795 1017 3866 i,
1030 3793 1067 3852 ce
1080 3794 1190 3854 Poenc't.
1206 3796 1225 3872 5
1240 3797 1268 3854 l.

219 3893 263 3950 16,
279 3885 412 3954 Doctrina
427 3896 533 3970 Synodi
553 3897 588 3955 dc
609 3900 686 3955 statu
707 3900 783 3957 lelici
805 3900 991 3970 innocentiae,
1007 3901 1121 3973 qualem
1135 3919 1201 3959 eum
1220 3905 1407 3976 repraesentat
1428 3905 1461 3962 in

182 3972 290 4030 Adamo
306 3979 372 4034 ante
390 3978 553 4053 peccatum,
569 3977 773 4053 complectente
792 3996 848 4036 non
866 3980 949 4036 modo
971 3981 1182 4053 integritatem,
1197 3983 1248 4040 sed
1267 3985 1296 4039 et
1312 3983 1459 4056 justitiam

184 4054 350 4112 interiorem
362 4073 427 4114 erm
442 4056 572 4132 impulsu
583 4059 615 4116 in
628 4061 719 4116 Deam
734 4076 784 4134 per
798 4076 924 4118 amorem
935 4061 1100 4134 charitatis,
1114 4065 1200 4136 etque
1213 4065 1461 4137 primoeaurn‘ean-

181 4134 310 4192 ctilatem
323 4135 422 4210 alipes
432 4139 621 4214 ratbnepeet
631 4139 746 4213 lapsum
756 4141 938 4200 restitutura:

218 4215 366 4284 Quatenus
383 4220 558 4294 complexim
574 4221 689 4294 accepta
702 4220 813 4291 innuit,
830 4223 937 4280 etatem
955 4221 1040 4280 illum
1057 4221 1205 4296 sequelam
1224 4224 1318 4283 feisse
1334 4225 1461 4288 eaba

182 4293 244 4366 nis,
260 4295 390 4353 debitum
404 4315 439 4356 ex
450 4299 574 4358 naturali
588 4299 734 4373 exigentis
748 4303 779 4358 et
798 4302 962 4360 conditione
976 4302 1110 4361 humane
1118 4307 1253 4376 ustura,
1268 4321 1326 4362 uon
1344 4307 1458 4377 gratui-

181 4377 243 4434 tum
257 4375 308 4433 liei
323 4375 511 4440 beneficium:

216 4455 316 4550 Falsa,
337 4457 412 4517 elice
429 4459 565 4519 damnata
585 4461 616 4520 in
634 4462 703 4522 baio
724 4466 753 4520 et
772 4461 958 4534 Quemellio,
974 4477 1108 4534 emoneo,
1125 4465 1226 4523 leacus
1247 4466 1351 4524 haeresi
1370 4465 1458 4540 pela-

252 4551 354 4610 gisna.
