3202 5020
205 215 268 274 110
737 229 942 276 cancrosus

326 357 549 438 Principia.

245 489 268 550 Ι.
283 472 546 549 80110010001111
559 495 640 549 certa
655 493 702 548 est
717 493 798 549 recta
817 487 921 566 regula
936 505 1069 550 morum.
1089 487 1176 552 Ratio
1192 495 1239 550 est
1254 495 1287 551 10
1301 489 1375 569 quia
1387 509 1473 552 omne

204 575 286 658 quod
297 596 359 636 oon
373 585 417 637 eat
431 595 469 637 ecc
484 574 560 656 fide,
574 583 781 656 peccatumpst
796 573 900 655 (Rom.
914 593 978 650 xrv,
990 576 1057 657 23);
1072 581 1105 639 10
1119 576 1193 656 quia
1212 596 1304 656 agens
1318 595 1390 639 cum
1403 597 1475 642 con-

205 663 333 726 scientia
345 682 409 726 non
423 668 513 739 certa,
529 662 607 744 quin
621 663 777 744 inquirere
793 663 830 725 de
842 663 971 726 veritate
985 669 1117 744 satagat,
1134 665 1305 744 periculum
1320 673 1474 746 transgre-

204 752 308 815 diendi
322 753 464 834 praecepti
476 751 648 816 voluntarie
660 751 811 826 admittit,
823 757 914 832 atque
925 753 1140 815 consentiendo
1152 752 1186 815 in
1198 757 1262 835 ejus
1275 754 1472 818 violationem

204 839 371 904 formaliter
384 848 497 922 peccat.
508 875 549 888 -
559 840 638 922 Ins„
654 861 686 902 n.
702 846 753 904 11.

243 931 281 992 ll.
298 928 415 992 Sufficit
428 929 613 993 conscientia
625 931 781 993 moraliter
797 937 893 1006 certa,
908 929 1002 992 etiam
1018 931 1202 1012 imperfecta.
1219 931 1307 996 Ratio
1320 937 1382 1005 est,
1398 933 1476 1012 quia

204 1037 240 1081 ca
253 1024 378 1082 tantum
391 1019 561 1100 requiritur
573 1017 738 1094 certitudo,
754 1037 824 1100 quaa
837 1020 898 1082 sola
911 1025 947 1082 ut
957 1019 1129 1100 plurimum
1140 1019 1244 1082 haberi
1259 1025 1372 1100 potest,
1385 1039 1473 1083 secus

204 1107 314 1188 agendi
333 1109 451 1188 regula,
468 1107 518 1170 cui
537 1107 628 1171 bomo
644 1108 782 1189 proxime
803 1108 977 1189 subjicitur,
994 1108 1139 1172 humanae
1155 1107 1322 1172 conditioni
1342 1109 1475 1172 minime

204 1202 284 1260 essct
301 1198 541 1272 accommodata;
558 1197 647 1277 atqui
663 1197 813 1260 certitudo
828 1197 966 1259 absoluta
984 1198 1164 1277 plerumque
1179 1197 1285 1260 haberi
1301 1197 1423 1278 nequit.
1436 1233 1476 1242 —

204 1287 238 1349 ld
258 1285 385 1366 insuper
405 1288 523 1348 constat
542 1304 580 1348 ex
605 1285 758 1348 sententia
781 1285 939 1348 communi
959 1288 1123 1348 Doctorum
1141 1292 1172 1349 ct
1190 1286 1277 1366 praxi
1293 1285 1474 1348 universali.

204 1375 289 1439 Unde
303 1374 373 1436 talis
392 1373 582 1437 conscientia
598 1374 761 1448 certitudo,
778 1374 921 1455 quamvis
936 1375 1121 1455 speculative
1140 1373 1314 1455 imperfecta
1330 1373 1386 1450 sit,
1402 1393 1474 1454 pra·

204 1463 279 1526 otico
292 1462 422 1543 perfecta
435 1469 496 1538 est,
513 1467 543 1525 et
556 1463 610 1544 qui
624 1481 661 1526 ex
679 1481 714 1525 00
732 1464 807 1543 agit,
828 1482 898 1526 vere
915 1481 952 1526 ex
970 1463 1028 1526 fide
1048 1463 1125 1543 agit,
1144 1470 1181 1525 ut
1199 1463 1351 1526 constabit
1369 1481 1407 1526 01
1426 1463 1475 1526 di·

204 1551 306 1614 cendis
320 1553 357 1614 de
370 1551 598 1632 probabilismo.

709 1718 923 1781 ARTICULUS
943 1719 969 1778 ll

656 1873 693 1916 DE
714 1872 910 1916 consortum
930 1871 1022 1917 nuum

242 2006 293 2065 to.
312 2035 351 2046 -
369 2004 537 2062 Drururrro.
561 1999 753 2062 Conscientia
773 1999 867 2063 dubia
886 2018 920 2062 01
942 2007 1003 2074 001,
1022 2017 1091 2079 qua
1111 2000 1206 2062 haret
1225 2017 1372 2080 suspensa
1390 1999 1472 2063 circa

203 2089 331 2151 actionis
345 2089 547 2151 honestatem.
561 2088 698 2150 Dubium
712 2087 796 2150 enim
812 2096 859 2151 est
877 2087 1034 2168 suspensio
1048 2106 1190 2150 assensus
1203 2088 1285 2150 inter
1300 2088 1452 2170 opposita.

243 2176 349 2238 Differt
358 2176 456 2256 igitur
469 2176 507 2238 ab
521 2175 663 2258 opinione
674 2184 705 2240 et
717 2177 901 2240 conscientia
912 2177 1077 2256 probabili,
1091 2195 1159 2257 quae
1171 2195 1232 2238 non
1246 2177 1405 2257 suspendit
1421 2178 1475 2240 sed

203 2256 317 2346 praeb'et
330 2283 504 2339 assensum,
519 2265 589 2326 licet
600 2283 672 2328 cum
685 2265 850 2329 formidine
859 2266 896 2328 de
907 2265 1054 2345 opposito.
1068 2300 1108 2310 -
1122 2265 1158 2327 S.
1173 2265 1279 2327 Ttom.
1293 2271 1324 2328 2.
1339 2271 1382 2340 1.,
1395 2285 1430 2348 q.
1443 2269 1474 2342 2,
1584 2303 1585 2358 l

204 2362 265 2416 ort.
282 2359 316 2428 l,
332 2360 364 2416 et
378 2353 415 2414 de
432 2352 539 2426 Verit,
555 2373 585 2435 q.
604 2359 727 2430 11011.
745 2360 774 2417 l.

242 2447 372 2505 Drvrsro.
389 2441 547 2522 Multiplex
561 2443 693 2506 dubium
707 2443 922 2524 distinguitur,
940 2443 1054 2507 scilicet
1069 2462 1077 2505 :

244 2537 276 2594 10
297 2531 483 2603 Ponticum,
502 2532 549 2593 vel
563 2533 753 2613 cepaticum,
765 2535 862 2613 'prout
879 2533 994 2595 adsunt
1012 2531 1145 2594 rationes
1167 2549 1273 2612 graves
1291 2531 1475 2606 dubitandi,

203 2625 258 2682 aut
275 2620 356 2682 leves
378 2625 516 2692 tantum,
537 2620 584 2682 vel
606 2620 700 2683 etiam
721 2621 832 2684 nulla:
854 2639 909 2683 sau
928 2620 1060 2683 dubium
1081 2626 1127 2703 pst
1145 2621 1324 2702 positivum,
1349 2623 1477 2701 quando

203 2727 291 2772 mens
309 2708 468 2789 suspendit
486 2727 646 2772 assensum
663 2709 702 2772 ob
718 2715 915 2790 apparentem
933 2708 1139 2790 equalitatem
1159 2708 1331 2785 rationum;
1353 2711 1476 2791 nepoti-

204 2818 272 2860 vum
286 2816 374 2873 vero,
388 2798 510 2878 quando
523 2815 611 2860 mens
626 2799 784 2878 suspendit
798 2817 959 2861 assensum
973 2817 1010 2860 01
1025 2797 1144 2860 defectu
1162 2797 1330 2860 rationum.
1583 2843 1584 2886 ,

244 2891 277 2950 2⁰
296 2887 395 2966 Jurt's,
412 2887 459 2948 vel
471 2886 565 2967 facti,
582 2893 674 2967 prout
689 2893 829 2950 versatur
844 2886 922 2950 circa
940 2887 1015 2966 legis
1029 2885 1255 2962 exsistentiam,
1274 2889 1378 2967 ejusve
1397 2887 1476 2950 obli·
1583 2901 1584 2948 l

205 2975 372 3054 gestionem,
386 2979 441 3038 111
453 2975 532 3038 circa
542 2973 656 3038 factum
668 2975 792 3055 aliquod
802 2974 996 3055 particulare.

246 3065 279 3125 3⁰
295 3061 537 3145 Speculaticcm,
553 3064 601 3126 vel
616 3065 799 3145 practicam,
818 3069 911 3143 prout
927 3070 1068 3126 versatur
1084 3063 1162 3125 circa
1177 3063 1315 3126 veritatis
1330 3063 1479 3144 cognitio-

206 3169 277 3214 nem
297 3151 482 3214 abstractam
499 3157 529 3214 et
548 3152 582 3214 in
600 3152 773 3226 communi,
790 3152 838 3214 vel
855 3151 935 3214 circa
948 3153 1125 3227 veritatem,
1141 3169 1210 3232 qua
1222 3151 1317 3215 hicet
1337 3171 1421 3216 nunc
1437 3153 1477 3216 ad

205 3258 281 3320 opus
292 3240 465 3303 ordinatur.

246 3329 381 3392 Dubium
394 3335 500 3393 autem
514 3329 732 3412 speculativum
745 3329 953 3411 potestatium
968 3329 1066 3392 dividi
1081 3329 1117 3392 in
1131 3328 1347 3411 speculativum
1361 3331 1469 3412 simpli
1473 3363 1481 3376 ·
1582 3333 1583 3346 ¹

205 3418 289 3490 citer,
303 3435 374 3480 cum
389 3418 550 3481 dubitatur
562 3420 599 3482 de
612 3438 644 3482 re
656 3420 694 3482 ad
709 3427 807 3482 mores
821 3437 884 3481 non
898 3419 1087 3499 pertinenta;
1101 3425 1131 3480 et
1144 3418 1179 3480 in
1193 3418 1377 3500 speculativo
1383 3439 1479 3500 -pra-

205 3507 326 3578 cticam,
348 3508 469 3587 quando
490 3508 652 3572 dubitatur
670 3509 707 3571 de
727 3507 878 3589 principio
900 3507 1031 3587 generali
1052 3524 1191 3582 morum,
1209 3512 1264 3569 aut
1281 3508 1317 3569 de
1337 3507 1478 3570 bonitate

205 3595 334 3658 actionis
351 3595 388 3659 in
404 3615 434 3658 se
448 3604 594 3678 sumptas,
612 3615 667 3660 nec
682 3603 789 3660 tamen
802 3596 962 3677 inquisitio
976 3597 1014 3658 ad
1032 3614 1108 3677 opus
1126 3595 1225 3676 reipsa
1244 3595 1478 3676 exsequendum

205 3683 381 3761 ordinatur;
402 3685 428 3747 si
446 3704 517 3749 vero
533 3686 612 3749 circa
625 3686 776 3750 actionem
790 3689 930 3748 versetur
945 3683 996 3747 hic
1012 3691 1042 3746 et
1061 3685 1345 3764 1110001011111,
1361 3683 1479 3746 dicitur
1581 3749 1582 3768 ,

205 3789 224 3834 1
236 3773 423 3854 quibusdam
436 3773 560 3836 dubiem
568 3776 704 3858 practice
710 3809 720 3822 ·
722 3775 901 3857 practicam.

327 3919 552 4000 Principia.

246 4065 296 4124 11.
311 4066 384 4125 -1.
398 4067 564 4145 Nunquam
574 4063 643 4127 licet
656 4063 772 4144 operari
787 4077 858 4125 cum
870 4061 1054 4124 conscientia
1066 4063 1201 4145 pennice
1215 4062 1323 4135 dubio,
1338 4063 1390 4124 sed
1404 4079 1478 4142 pars

206 4149 302 4213 tutior
316 4155 361 4212 est
375 4154 537 4234 sequenda.
553 4152 642 4218 Ratio
658 4157 742 4232 patet
761 4169 798 4213 ex
811 4151 901 4212 modo
917 4147 1008 4213 dictis
1021 4151 1058 4213 de
1074 4151 1255 4214 conscientia
1273 4161 1370 4224 certa,
1384 4151 1479 4232 prin-

207 4239 287 4320 cipio
301 4237 329 4302 Ι.
343 4273 384 4286 -
397 4241 482 4304 Licet
492 4248 597 4305 autem
610 4241 792 4320 quandoque
804 4239 921 4320 operari
939 4257 1010 4303 cum
1024 4239 1207 4303 conscientia
1221 4239 1405 4321 speculative
1416 4238 1477 4300 du·
1580 4245 1581 4302 t

205 4327 273 4402 bia,
289 4345 360 4390 cum
372 4326 485 4392 scilicet
497 4331 632 4411 deposito
643 4328 736 4391 dubio
750 4327 882 4409 practico
894 4345 932 4390 ex
942 4328 1109 4392 dictamina
1122 4328 1252 4410 practice
1262 4334 1357 4403 certo,
1372 4345 1425 4389 seu
1437 4343 1479 4388 cx

206 4415 501 4568 biffifiiiffiffis
518 4419 623 4496 certis,
640 4416 823 4482 conscientia
843 4415 1033 4493 efformatur,
1049 4424 1086 4481 ut
1099 4435 1172 4481 mox
1185 4418 1300 4499 agendo
1315 4419 1351 4480 de
1367 4413 1478 4497 proba-
