3216 5020
111 93 181 152 ato
594 146 615 192 ᾳ
647 105 855 150 reserares

112 218 205 280 tando
230 221 261 279 et
288 215 423 278 rividius
455 217 630 288 excitando,
660 215 845 296 pulchriores
878 233 942 296 sper
974 200 1139 286 Ν
1160 207 1208 248 '¹
1230 229 1296 284 ῃ

112 306 290 369 libidinosos
302 308 529 369 commovendo.
544 341 584 353 -—
597 307 722 367 Reater.
736 339 778 352 -
791 305 828 366 S.
843 305 940 385 Ligr.
973 284 1132 364 v!
1153 263 1202 345 α
1223 299 1287 354 Ε
1317 269 1386 360 ᾗ

152 398 256 471 Quian.
271 396 651 478 Anpetipossa‘tamago‚
667 407 699 455 ut
716 393 900 473 maleficium
916 403 937 453 a
972 421 1114 506 Η
1140 423 1189 464 η
1210 435 1273 490 ῃ

153 485 245 566 Hesp.
258 483 349 565 Nep„
369 483 431 546 nisi
447 483 670 546 rationabiliter
688 482 834 564 presumi
848 481 940 562 possit
972 501 1117 584 o
1129 484 1184 558 o
1201 494 1266 582 Ν

112 572 312 636 auferendum
327 590 400 634 esse.
415 607 454 617 -
467 573 519 634 Ita
533 573 729 634 communiter
744 571 898 652 Theologi.
908 604 941 616 -
1467 599 1490 653 ρ

153 660 233 741 Magi
256 665 286 723 et
301 660 429 723 malelici
451 661 617 723 incurrunt
639 659 943 722 excommunicatur·
975 591 1490 752 Μ
1594 649 1597 692 Γ

115 768 206 813 mano
229 749 369 813 Pontifici
389 755 574 812 reservatam
595 749 630 811 in
650 748 875 812 Constitutione
895 749 946 828 Ap
974 717 1100 790 *¹
1122 704 1169 780 ο
1187 715 1245 790 ω
1270 715 1345 790 οἵ
1363 737 1433 846 33

113 838 237 901 haeresis
261 837 412 913 formalis,
435 845 465 901 et
485 837 518 899 id
533 837 619 900 facile
640 836 758 911 evenit,
779 836 901 917 quando
925 856 943 898 v
1117 851 1163 928 Ν
1181 871 1232 918 .

114 927 271 990 diabolum
283 945 338 990 ceu
352 930 449 989 baum
463 927 608 1000 adorarat,
626 926 672 989 vel
687 925 852 989 consulunt
862 926 900 988 de
914 924 953 988 iis
983 857 1097 1024 ,ὅ
1115 949 1159 992 ι
1177 932 1228 1020 Α,
1247 933 1322 1015 η
1353 897 1416 960 ⁹⁵⁴
1442 931 1477 999 Ε
1561 921 1568 938 ’

115 1020 188 1090 test,
203 1022 260 1078 etc.
272 1049 312 1064 -
326 1017 361 1078 ln
379 1015 474 1078 veteri
489 1009 691 1078 Testamento‘
702 1013 831 1077 malelici
846 1017 942 1076 morte
1005 961 1468 1170 Ν

115 1109 173 1168 18:
190 1103 344 1186 Mulefieos
354 1124 416 1166 noae
424 1107 555 1186 patieris
569 1108 677 1166 vivere.

156 1196 247 1255 Porro
272 1193 412 1266 Parocbi,
436 1193 660 1256 concionatores
684 1200 714 1254 et
739 1191 910 1254 catechistae
933 1209 966 1254 ca
1000 1166 1093 1244 Ψ
1109 1158 1155 1235 Ν
1173 1157 1221 1242 m
1241 1137 1303 1222 ω
1328 1182 1395 1232 “
1405 1113 1456 1310 ff

115 1282 217 1344 fideles
231 1282 425 1362 alloquantur
437 1283 473 1343 de
485 1279 578 1344 variis
593 1280 754 1361 sortilegiis
771 1286 802 1342 et
815 1280 971 1360 superstiti
1018 1259 1442 1382 W

116 1371 168 1432 sed
179 1371 303 1434 brevem
318 1370 449 1432 habeant
465 1387 637 1432 sermonem
649 1376 772 1432 tantum
785 1369 822 1430 de
833 1369 874 1430 iis
887 1387 975 1450 quae]
1024 1387 1091 1464 ο
1107 1383 1155 1460 ῳ
1171 1363 1295 1464 &0
1318 1375 1385 1459 Ν

118 1477 155 1520 ne
170 1478 204 1521 ea
218 1460 362 1522 eluceant
374 1459 475 1539 potius
490 1475 584 1541 quam
600 1458 638 1520 ab
652 1458 691 1520 iis
705 1461 856 1520 avertant.

629 1666 841 1724 APPENDIX
864 1668 876 1720 l

404 1839 438 1879 nn
457 1837 573 1879 aluums
592 1837 762 1878 ncrnnrmus
781 1818 900 1894 (Tables
919 1824 993 1876 lour-¹

159 1972 283 2031 273.-
301 1967 408 2031 Paucis
427 1967 540 2029 abhinc
558 1966 648 2028 annis
669 1965 777 2048 (annis
797 1964 967 2047 praesertim
988 1966 1183 2046 1⁸59·53-5t

119 2055 271 2136 primum,
292 2055 423 2118 subinde
440 2054 475 2116 in
492 2058 612 2135 Europa
633 2062 710 2128 tota,
732 2053 828 2117 immo
847 2053 882 2115 in
896 2054 968 2117 orbe
983 2059 1139 2128 terrarum
1157 1986 1199 2132 u)
1214 2010 1251 2059 ω
1267 2007 1426 2094 Amorjffi

119 2143 261 2206 crebuare
285 2143 454 2206 tabularum
477 2143 642 2204 rotantium
664 2142 903 2224 stupendissima
926 2147 1076 2222 portenta.
1102 2149 1139 2214 In
1158 2091 1421 2263 plpffigss’gesg

120 2237 195 2294 sunt
213 2232 341 2308 tabula,
358 2239 413 2294 aut
434 2231 528 2294 etiam
549 2231 666 2312 quaevis
686 2230 753 2294 aliae
771 2249 819 2294 res
839 2230 967 2293 mobiles
985 2229 1020 2292 in
1034 2249 1149 2312 gyrum
1168 2265 1306 2340 versari,
1328 2277 1414 2347 dum

119 2326 256 2381 extremo
275 2319 543 2383 circumstantium
565 2318 660 2399 digito
683 2337 818 2420 connexo
839 2324 1048 2400 tangerentur.
1067 2323 1139 2390 Mox
1158 2344 1267 2408 autem
1290 2359 1415 2434 tabula

121 2426 301 2487 apparuere,
323 2427 393 2489 qua
416 2427 478 2470 uno
497 2409 545 2470 vel
564 2407 657 2470 altere
678 2408 751 2488 pede
772 2427 808 2470 111
837 2409 935 2471 altum
956 2407 1091 2488 sublato,
1112 2429 1308 2500 percussione
1328 2452 1411 2531 Soli,

120 2494 248 2577 aliisque
263 2497 358 2577 signis
371 2515 514 2577 responsa
527 2496 788 2575 interrogantibus
802 2497 1007 2560 exhibebant:
1023 2514 1079 2560 nec
1094 2506 1193 2570 multo
1208 2527 1278 2592 post
1296 2544 1385 2606 quaes

123 2583 261 2648 tionibus
275 2604 395 2666 quoque
411 2587 448 2648 de
462 2585 554 2648 rebus
567 2602 692 2665 prorsus
708 2583 888 2666 incognitio,
907 2589 961 2649 aut
975 2584 1110 2663 bituris,
1127 2601 1289 2669 autetiam
1309 2577 1412 2688 extra

121 2681 303 2752 praesentem
324 2675 423 2738 vitam
442 2673 586 2756 peractis,
609 2672 643 2735 in
665 2672 799 2753 subjecto
822 2692 950 2756 papyro,
969 2692 1024 2754 ope
1039 2674 1178 2756 adjuncti
1196 2689 1307 2758 calami
1324 2710 1410 2770 scri-

121 2762 243 2836 benteS,
258 2762 493 2828 satisfaciebant.
1072 2828 1075 2836 ,
1175 2789 1184 2806 ·

162 2852 249 2915 Tunc
266 2853 391 2915 attoniti
410 2852 470 2916 viri
489 2851 547 2933 pii,
570 2850 623 2932 qni
645 2851 783 2931 primum
801 2850 878 2914 forte
897 2851 931 2913 in
948 2849 1062 2915 tabulis
1078 2859 1255 2927 rotantibus
1274 2873 1408 2951 phano-

123 2958 235 3002 menon
254 2959 337 3003 mere
354 2940 517 3024 physicum
538 2941 636 3003 inesse
655 2939 924 3014 existimaverant,
941 2938 1127 3004 diabolicum
1146 2963 1238 3026 opus,
1262 2955 1408 3032 inferna-

122 3029 244 3110 lemque
261 3029 486 3093 divinationem
505 3028 634 3092 indubie
656 3035 859 3108 agnoverunt.
886 3032 945 3092 Nee
970 3027 1128 3109 interjecta
1164 3053 1265 3116 mora,
1294 3059 1408 3128 praxis

122 3117 184 3182 ista
202 3120 322 3182 tabulas
342 3117 551 3200 interrogandi
569 3137 586 3179 a
607 3116 748 3199 pluribus
766 3116 937 3198 EpiscopiS,
953 3123 1059 3197 utpote
1081 3125 1353 3203 superstitionibus
1368 3155 1410 3212 eg

123 3206 265 3286 periculis
277 3208 380 3289 plena,
398 3209 543 3272 damnata
557 3206 627 3269 fuit.

163 3299 233 3360 ill.
257 3299 297 3358 Et
315 3316 387 3359 sane
407 3295 559 3378 quidquid
579 3295 621 3357 sit
638 3296 676 3358 de
694 3302 782 3358 motu
803 3293 934 3374 simplici
953 3293 1145 3372 tabularum,
1174 3303 1229 3380 qui
1251 3308 1409 3391 physicus

124 3384 288 3466 aliquando
304 3383 401 3448 videri
420 3382 536 3465 potnit,
552 3385 641 3447 modo
656 3383 785 3465 imperio
799 3382 968 3446 voluntatis
989 3400 1052 3446 non
1066 3383 1136 3460 liat,
1154 3393 1254 3454 caeteri
1272 3398 1409 3474 effectus

123 3473 197 3536 adeo
209 3473 352 3555 stupendi
367 3473 542 3537 nullatenus
557 3479 676 3536 natura
689 3471 858 3535 materialis
874 3471 1010 3547 viribus,
1030 3473 1083 3534 sed
1097 3491 1221 3552 prorsus
1233 3499 1331 3552 cauea
1347 3493 1406 3558 in.

124 3562 245 3624 tellectu
263 3561 398 3643 praedita
420 3560 576 3625 tribuendi
595 3568 680 3624 sunt.
703 3559 862 3641 Numquid
880 3560 965 3622 enim
983 3559 1138 3641 quispiam
1155 3566 1268 3634 tabulae
1288 3575 1404 3657 ligneae

125 3656 180 3712 aut
205 3669 384 3714 marmoree
403 3648 586 3732 quaestiones
605 3649 761 3731 proponit,
784 3656 816 3712 et
840 3648 878 3711 ab
899 3649 1004 3711 eadem
1023 3666 1204 3730 responsum
1223 3673 1407 3742 exspectat?

124 3742 218 3802 Nemo
239 3739 361 3821 estqui
384 3739 457 3801 adeo
482 3737 632 3814 insaniat;
654 3745 747 3820 atque
765 3738 838 3801 adeo
857 3735 967 3800 merito
988 3736 1122 3801 invaluit
1141 3747 1294 3820 persuasio
1312 3771 1403 3822 com-

124 3827 246 3904 munis,
263 3846 329 3891 rem
345 3827 393 3908 agi
406 3844 477 3890 cum
491 3826 667 3907 spiritibus,
684 3847 702 3889 a
717 3825 830 3907 quibus
847 3825 922 3906 ipsae
941 3825 1054 3888 tabulae
1068 3838 1263 3911 moveantur,
1279 3841 1404 3926 quique

123 3916 234 3980 idcirco
246 3917 375 3999 spiritus
381 3915 584 3999 percutientes
600 3915 726 3998 (caprile
739 3915 921 3997 srappeurs)
936 3914 1106 3995 nuncupati
1125 3926 1207 3982 sunt.
1228 3926 1316 3991 Porro
1331 3936 1401 4013 spi.

124 4003 205 4066 ritus
219 4005 265 4068 illi
279 4013 437 4088 nequemrt
456 4023 520 4068 esse
537 4003 665 4085 spiritus
684 4003 772 4079 boui;
789 4003 1003 4084 blasphemum
1017 4001 1127 4084 quippe
1141 4005 1215 4070 foret
1227 4029 1376 4085 assernere

125 4094 256 4172 Angelos
281 4102 337 4158 aut
362 4097 503 4167 SanctoS,
531 4099 646 4156 aeterna
671 4092 807 4155 fruentes
832 4091 990 4166 felicitate,
1017 4090 1201 4158 intervenire
1225 4075 1401 4180 puerilibuss

124 4181 206 4244 bisce
220 4182 384 4246 hominum
398 4181 493 4258 ludis,
510 4199 617 4244 eorum
636 4199 723 4244 vanae
742 4180 896 4243 voluntati
915 4180 1136 4260 obtemperare,
1155 4190 1186 4247 et
1204 4189 1400 4266 stultissima,

125 4269 296 4333 curiositati
309 4271 488 4334 satisfacere.
506 4272 632 4350 Insuper
645 4287 770 4350 prorsus
783 4267 878 4349 impie
892 4267 1106 4342 affirmaretur,
1124 4274 1227 4348 Deum,
1245 4279 1298 4358 qui
1310 4282 1398 4348 divi.

125 4359 278 4421 nota'oaem
292 4361 492 4436 abominatur,
507 4377 635 4440 umque
647 4359 720 4421 adeo
733 4375 834 4420 severe
849 4356 1022 4438 prohibuit,
1039 4358 1212 4438 permittere
1229 4371 1265 4426 nt
1278 4369 1397 4440 celitas
