3202 5020
229 179 275 239 96
764 185 970 230 renarrans

228 304 306 366 illud
319 310 379 376 est,
397 301 478 381 quod
493 298 628 379 procedit
644 316 682 359 ex
696 296 861 359 emissione
879 302 966 358 actus
985 313 1003 357 a
1020 296 1178 359 voluntate
1192 299 1399 378 dependentis.
1418 305 1505 368 Talis

229 399 274 455 est
293 391 418 453 omissio
436 388 535 452 Missae
554 386 588 448 in
605 404 654 460 ec,
674 386 729 466 qui
748 386 787 446 ad
805 385 975 447 instantem
989 386 1056 465 ejus
1070 385 1303 450 celebrationem
1322 391 1504 468 advertens,

229 479 434 544 nihilominus
449 475 549 539 studio
563 474 648 538 domi
663 489 768 536 vacare
782 473 891 554 pergit.

269 586 302 645 5⁰
316 577 523 658 depressam,
540 572 587 636 vel
607 571 740 634 tacitam.
757 570 875 634 Dicitur
893 589 1081 654 expressam,
1100 572 1126 634 si
1141 573 1242 636 verbis
1257 578 1312 637 aut
1325 575 1422 656 signis
1437 597 1506 640 ma-

228 669 403 740 nifestetur3
421 665 544 726 taciturn
558 679 643 734 vero,
657 661 684 723 si
694 660 797 722 adesse
809 677 845 721 ex
854 659 929 722 facto
942 659 1044 741 aliquo
1053 665 1107 722 aut
1117 661 1210 724 etiam
1220 663 1383 727 omissione
1394 685 1506 746 cogno-

229 764 341 821 scatur.
356 755 404 818 Sic
417 758 539 834 peccata
550 747 747 813 subditorum
762 754 835 811 sunt
850 749 1004 829 Superiori
1019 748 1193 813 voluntaria
1205 757 1236 812 et
1249 752 1461 833 imputabilia,
1477 757 1506 818 si

226 847 267 910 iis
282 865 313 908 so
326 863 388 906 non
402 839 548 923 opp'onat,
566 855 638 902 cum
649 837 786 919 alioquin
805 836 838 900 id
851 836 962 918 possit,
973 855 1008 900 ac
1020 837 1137 901 debeat.
1150 840 1229 902 Hinc
1240 841 1345 920 regula
1355 847 1394 906 tt
1406 844 1503 924 juris:

230 935 291 1012 Qae'
303 942 396 1010 taret,
412 931 580 992 consentire
593 927 723 990 videtur.

268 1019 461 1095 6⁰Aram1e,
482 1016 629 1093 eartuale,
648 1013 800 1078 tratura
819 1019 850 1077 et
868 1015 1141 1096 interpretativum.
1156 1017 1274 1080 Dicitur
1292 1019 1425 1091 canate,
1443 1020 1506 1083 sia

228 1113 387 1176 voluntate
398 1107 557 1171 actualiter
570 1103 719 1168 intuente
732 1104 888 1185 procedat,
907 1110 958 1180 ut,
976 1123 1006 1168 r.
1028 1122 1087 1184 gn,
1103 1105 1247 1169 contritio
1261 1106 1296 1169 in
1315 1125 1365 1181 eo,
1380 1108 1436 1190 qui
1450 1108 1506 1172 hia

228 1205 261 1266 et
270 1217 354 1263 nnnc
363 1195 555 1278 poenitentiae
565 1199 669 1258 actum
681 1192 772 1256 elicit.
796 1193 932 1256 Vartoale
943 1199 1005 1269 est,
1019 1194 1046 1256 si
1061 1194 1092 1256 ri
1104 1200 1191 1257 actus
1202 1195 1291 1276 prius
1301 1197 1408 1277 positi,
1424 1199 1506 1260 etin

228 1295 369 1370 agentem
383 1285 540 1348 moraliter
552 1284 681 1346 influere
695 1281 865 1363 pergentis,
880 1282 1055 1362 proveniat,
1069 1287 1107 1345 ut
1125 1283 1305 1348 absolutior
1319 1285 1506 1350 conlassauio

228 1380 374 1442 ἀιειιιιιο
390 1374 558 1456 impertita.
572 1370 742 1435 Bodttoale
756 1378 893 1446 vocatur,
912 1371 939 1433 si
953 1370 1028 1434 olim
1045 1371 1108 1434 fuit
1123 1373 1249 1452 quidem
1265 1373 1425 1451 habitum,
1446 1395 1504 1438 nec

228 1469 441 1538 retractatum,
458 1462 510 1525 sed
522 1479 606 1524 nuno
622 1479 720 1541 neque
737 1459 850 1523 directe
865 1477 964 1540 neque
975 1459 1083 1522 redere
1095 1461 1129 1523 in
1142 1461 1300 1524 rolantme
1314 1468 1501 1543 perseveret,

228 1561 283 1619 aut
293 1555 327 1618 in
340 1559 445 1616 aetum
458 1551 580 1614 induat.
597 1551 867 1632 interpretativum
884 1553 1090 1629 nuncupatur,
1107 1550 1134 1612 si
1150 1569 1250 1630 neque
1262 1550 1388 1634 physice
1402 1571 1504 1634 neque

228 1643 385 1708 moraliter
398 1648 446 1704 est
457 1639 615 1715 habitum,
631 1639 684 1702 sed
701 1639 868 1719 prudenter
882 1637 1028 1718 praesumi
1047 1641 1160 1718 potest,
1176 1646 1207 1701 et
1224 1639 1404 1716 haberetur,
1422 1642 1448 1703 si
1463 1643 1502 1704 de

228 1751 263 1796 eo
276 1732 469 1813 cogitaretur,
482 1734 537 1792 aut
552 1727 678 1809 eogitari
689 1733 800 1808 posset.
815 1725 864 1789 Sic
874 1726 1017 1789 infirmus
1031 1726 1173 1790 sensibus
1186 1727 1369 1804 destitutus,
1381 1729 1408 1792 si
1420 1729 1503 1792 chri·

228 1822 328 1884 stione
343 1819 469 1893 vixerit,
486 1822 625 1881 censetur
638 1821 809 1880 extremam
821 1815 1003 1880 Unctionem
1015 1815 1091 1879 velle
1104 1815 1266 1898 suscipere.

350 1981 563 2048 Resolves.

116 2066 181 2164 s
268 2126 298 2186 6.
312 2154 353 2167 -
367 2125 400 2183 1⁰
412 2121 448 2181 In
468 2118 574 2182 eodem
594 2121 665 2179 actu
685 2113 792 2178 haberi
811 2117 910 2196 potest
930 2113 1140 2177 voluntarium
1159 2115 1310 2180 directum
1329 2136 1383 2181 sen
1401 2120 1433 2179 in
1452 2139 1500 2194 se,

228 2208 438 2274 voluntarium
455 2206 640 2268 indirectum
657 2224 711 2267 seu
725 2204 759 2266 in
779 2221 886 2277 causa,
905 2209 937 2265 et
950 2202 1205 2266 involuntarium.
1222 2207 1428 2286 Exemplum:
1448 2207 1503 2270 Ti-

228 2300 301 2374 tino,
319 2314 459 2378 quaerens
476 2294 587 2358 Gaiam
601 2292 766 2356 inimicum
783 2293 821 2354 ad
838 2297 984 2366 mortem,
999 2309 1071 2353 eum
1089 2293 1263 2372 aggreditur
1281 2313 1351 2357 amn
1368 2296 1502 2376 periculo

227 2387 356 2452 laedendi
371 2385 463 2448 etiam
477 2387 543 2466 ejus
555 2383 690 2456 socium,
705 2399 797 2462 quem
807 2379 961 2444 camitihi
976 2380 1175 2457 associatum
1191 2381 1242 2444 sed
1257 2382 1380 2462 glande,
1392 2391 1502 2465 praeter
1590 2389 1591 2465 ᾗ

227 2484 411 2556 utrumque,
434 2473 506 2536 ierit
526 2483 646 2554 quoqne
665 2471 895 2551 Semproniam,
916 2487 1009 2550 quem
1028 2487 1127 2550 neque
1145 2469 1283 2547 videbat,
1303 2491 1403 2554 neque
1420 2473 1500 2536 inibi

223 2567 331 2630 adesse
346 2563 493 2645 suspicari
507 2567 636 2642 poterat.
656 2559 747 2623 Cane
758 2557 931 2639 percutitur
942 2577 980 2620 ex
992 2557 1163 2621 voluntario
1176 2559 1291 2624 directo
1304 2561 1393 2642 Tia'r‘,
1407 2564 1502 2626 acia

227 2671 265 2716 ex
278 2652 451 2718 voluntario
461 2652 495 2714 in
510 2669 616 2725 causa,
632 2655 664 2711 et
678 2647 873 2731 Sempronia
885 2653 996 2728 praeter
1009 2665 1099 2710 omne
1111 2647 1330 2712 voluntarium.

267 2753 300 2812 2⁰
313 2749 374 2814 Ubi
393 2748 477 2811 nulla
497 2753 545 2810 ast
567 2743 756 2808 advertentia
771 2744 811 2807 ad
828 2749 1030 2825 preceptum,
1047 2743 1170 2806 nullum
1188 2745 1281 2808 relate
1301 2747 1339 2810 ad
1357 2746 1436 2810 illud
1454 2755 1501 2812 est

228 2837 440 2901 voluntarium
456 2836 580 2920 proprie
598 2835 732 2909 dictum,
752 2838 782 2896 et
799 2832 925 2914 proinde
943 2833 1028 2894 nulla
1045 2832 1186 2915 precepti
1209 2834 1381 2898 voluntaria
1400 2842 1501 2900 traus-
1589 2897 1590 2900 ,

224 2926 355 3007 gressio,
372 2933 464 3008 atque
478 2927 550 2989 adeo
565 2924 689 2988 nullum
702 2929 870 3004 peccatum.
887 2921 978 2983 -S.
994 2920 1064 3003 [ἐρ.
1080 2941 1163 2982 nem.
1177 2925 1209 2986 8.
1589 2951 1590 3008 ι

268 3028 301 3087 3⁰
319 3023 377 3088 Ubi
396 3022 562 3104 semiplena
580 3025 626 3084 est
644 3019 757 3083 mentis
775 3017 983 3092 advertentia,
1000 3024 1104 3080 actum
1118 3017 1212 3081 hebes
1231 3019 1392 3084 dumtaxat
1407 3022 1501 3086 semi·
1589 3032 1590 3076 t

227 3111 453 3190 volrmtarium,
474 3111 530 3194 qui
547 3111 582 3174 in
602 3107 704 3191 gravis
723 3123 844 3189 qaoque
862 3105 1005 3186 precepti
1028 3105 1192 3170 violatione
1213 3125 1275 3171 aon
1296 3109 1414 3172 excedit
1434 3129 1501 3191 peo-

226 3207 332 3264 catum
351 3201 486 3277 veniale;
507 3201 551 3264 sic
568 3199 671 3262 evenit
688 3199 723 3260 in
745 3194 946 3275 semisopitiS,
967 3198 1021 3258 aut
1043 3194 1082 3257 ad
1102 3195 1162 3258 alia
1178 3196 1344 3260 distractis.
1362 3199 1448 3262 Idem
1465 3199 1501 3263 de

227 3289 399 3370 imperfecto
414 3289 582 3354 voluntatis
597 3305 747 3351 consensu
763 3289 874 3347 teneto.
890 3317 931 3330 -
946 3283 982 3346 S.
1001 3283 1086 3366 Lip,
1102 3283 1177 3346 itia

267 3384 301 3441 tt
315 3378 435 3460 Aliquis
449 3382 533 3443 actas
547 3381 647 3460 potest
665 3393 729 3438 esse
743 3371 937 3436 voluntarius
951 3373 1009 3434 sub
1029 3389 1093 3434 uno
1110 3380 1263 3454 respectu,
1279 3393 1342 3438 non
1357 3395 1428 3438 vero
1443 3377 1500 3439 sub
1588 3383 1589 3388 ’

226 3468 301 3542 alio,
317 3473 410 3550 prout
423 3468 514 3530 ahter
527 3467 574 3530 vel
593 3465 683 3528 aliter
701 3461 912 3543 cognoscitur:
929 3459 972 3523 sic
989 3461 1043 3544 qui
1062 3461 1171 3525 occidit
1188 3462 1339 3543 aliquam,
1355 3465 1501 3545 ignorans
1588 3497 1589 3546 3

226 3555 316 3618 illum
335 3575 399 3620 esse
417 3557 621 3629 Sacerdotem,
639 3551 843 3616 homicidium
863 3548 1047 3626 committit,
1069 3569 1131 3614 non
1149 3569 1221 3614 vero
1239 3551 1444 3634 sacrilegium.
1462 3589 1502 3600 -
1588 3553 1589 3608 1

225 3643 259 3706 S.
276 3645 315 3707 Li
339 3693 359 3722 .,
375 3645 452 3707 idid.
1129 3689 1133 3703 .

267 3738 299 3796 5⁰
313 3666 373 3810 gui
383 3734 529 3796 inductus
542 3733 651 3796 timore
664 3731 818 3804 humano,
833 3733 887 3792 aut
901 3728 997 3791 minis
1011 3727 1177 3804 sociorum,
1193 3729 1328 3811 satisque
1339 3731 1501 3795 advertens

226 3821 266 3884 ad
279 3821 497 3902 obligationem
510 3821 600 3900 legis,
618 3820 711 3884 violat
724 3825 924 3900 preceptum,
941 3816 1028 3896 ponit
1044 3821 1148 3879 actum
1161 3817 1341 3898 simpliciter
1355 3820 1503 3882 volonta-

226 3911 322 3989 rium,
343 3917 375 3973 et
393 3909 519 3992 quidem
540 3907 674 3988 graviter
692 3906 938 3988 peccammosum
956 3905 990 3966 in
1009 3904 1138 3967 materia
1157 3905 1258 3988 gravi,
1279 3907 1341 3969 nisi
1357 3907 1437 3972 forte
1454 3911 1504 3973 lex

227 4013 290 4058 non
308 3997 417 4079 obliget
435 4016 507 4061 oum
527 4003 614 4060 tanto
627 3995 835 4068 incommodo,
858 3993 931 4074 quia
949 3991 1012 4072 agit
1028 4011 1100 4056 oum
1116 3995 1205 4075 plena
1221 3997 1386 4058 voluntatis
1403 3999 1503 4062 deter-
1587 4019 1588 4102 p

225 4083 411 4163 minatione,
426 4088 483 4150 etsi
500 4104 578 4166 aegre
593 4089 677 4165 agat,
694 4089 724 4146 et
740 4082 888 4145 libentius
902 4082 959 4144 hoo
976 4099 1038 4144 non
1054 4082 1180 4162 egisset;
1198 4088 1333 4148 attamen
1350 4087 1504 4168 ejusmodi
1587 4109 1588 4136 ³

225 4177 312 4236 actus
327 4182 375 4236 est
389 4175 484 4238 etiam
503 4172 733 4238 involuntarius
749 4170 910 4234 macedam
924 4171 1014 4252 quid,
1032 4175 1063 4234 et
1075 4171 1201 4252 proinde
1214 4173 1322 4237 ninus
1340 4175 1503 4257 culpabilis

225 4262 339 4324 evadit.
353 4298 393 4308 -
407 4263 442 4325 S.
456 4264 524 4344 Lip.
538 4283 569 4324 a.
585 4267 636 4326 al.

268 4355 302 4414 6⁰
322 4355 389 4415 Non
410 4352 510 4416 solum
533 4349 744 4415 voluntarium
762 4348 894 4425 actuale,
915 4348 1083 4412 sedetiam
1106 4367 1189 4414 mere
1209 4351 1340 4415 rirtuale
1359 4352 1394 4416 in
1415 4359 1505 4416 actus

227 4439 434 4504 moralitatem
445 4444 500 4502 aut
511 4439 701 4504 validitatem
715 4438 790 4504 satis
799 4438 844 4502 ita
856 4436 976 4514 influit,
987 4444 1022 4501 ut
1033 4437 1073 4503 sit
1084 4438 1185 4504 bonus
1195 4439 1243 4504 vel
1252 4441 1367 4516 malus,
1380 4443 1506 4507 validus
1586 4477 1587 4498 ι
