3202 5020
617 250 661 293 nn
686 247 928 294 cossurusrra
1340 237 1404 296 tlt

131 362 253 446 agendi,
270 367 341 436 etc,
356 360 477 442 quando
492 367 573 423 certa
585 366 670 434 sunt,
686 359 815 421 titulum
829 359 966 438 prebent
980 363 1099 422 certum
1113 360 1265 424 retinendi
1279 363 1312 425 id
1326 364 1408 444 quod

130 453 275 525 habetur,
286 467 445 531 quousque
454 467 516 512 non
525 447 672 530 probatru
684 446 716 510 id
728 447 925 510 retinendum
935 463 998 509 non
1008 465 1087 523 esse;
1099 467 1233 531 namque
1242 452 1277 514 in
1286 475 1404 535 genere,

131 547 240 605 contra
252 539 382 602 titulum
395 544 513 600 certum
525 537 689 618 praevalere
698 536 808 617 nequit
816 535 926 599 titulus
941 553 1025 598 mere
1036 536 1161 600 dubius.
1173 540 1221 602 Sic
1232 541 1266 604 in
1277 549 1408 611 materia

133 627 332 702 obedientiae,
348 625 512 706 superiori,
529 625 584 708 qui
598 632 643 688 est
664 625 698 687 in
712 624 900 705 possessione
913 624 994 706 juris
1015 624 1200 706 imperandi,
1216 631 1358 698 subditus
1372 638 1407 701 in

132 716 229 782 dubio
242 721 366 778 tenetur
379 713 515 790 obedire,
530 715 578 778 uti
592 733 630 777 err
637 717 707 795 jure
721 713 874 788 canonico,
888 715 938 776 SS.
950 713 1092 776 Patribus
1106 721 1136 778 et
1156 718 1272 782 ratione
1286 723 1409 790 demon-

132 811 213 869 strat
224 803 374 881 ΙΔενοὶε,
392 803 412 864 l.
427 805 456 877 Ι,
470 824 501 863 a.
516 807 586 868 439.

173 894 264 976 Besp.
279 897 320 956 3⁰:
333 895 368 954 ln
381 892 477 954 dubio
484 893 621 975 practico
634 892 681 954 vel
695 892 852 972 negativo,
861 894 952 972 juxta
965 909 1080 966 omnes,
1094 893 1262 960 meliorest
1276 903 1408 967 conditio

132 981 335 1064 possidentis;
350 999 413 1044 non
425 987 545 1055 autem,
559 983 652 1062 juxta
667 981 796 1055 multos,
813 980 848 1041 in
866 980 959 1042 dubio
973 983 1141 1062 opinative,
1157 1002 1210 1047 seu
1224 988 1279 1050 ubi
1294 1007 1365 1053 vera
1379 1001 1410 1055 et

134 1072 231 1136 solida
251 1069 451 1150 probabilitas
475 1069 638 1150 possessori
659 1069 853 1144 adversatur;
877 1067 1067 1131 arbitrantur
1087 1073 1171 1136 enirn
1197 1081 1272 1138 tunc
1295 1097 1409 1145 cessare

132 1158 425 1242 presumptionem,
439 1177 506 1238 quae
520 1177 604 1221 secus
619 1157 653 1220 in
667 1159 732 1239 ejus
745 1156 880 1220 favorem
893 1157 1015 1236 allegari
1029 1158 1186 1237 potuisset.

175 1253 226 1313 80.
243 1249 346 1322 Qum.
363 1250 395 1308 6ο
410 1245 447 1308 Si
467 1246 587 1308 dubites
607 1255 708 1308 utrum
725 1245 821 1308 alicui
839 1244 1018 1327 obligationi
1031 1249 1101 1328 Jem
1118 1251 1313 1332 mtisfeeeric,
1335 1267 1412 1322 tene-

134 1338 220 1400 nene
233 1335 332 1397 adduc
343 1335 538 1416 satisfacere?

181 1425 269 1507 Resp.
288 1430 318 1488 l⁰
331 1424 463 1506 Affirm.
479 1443 618 1506 prorsuS,
634 1422 754 1504 quoties
769 1423 870 1503 agitur
890 1424 927 1486 de
948 1424 1041 1486 dubio
1059 1427 1177 1505 proprie
1192 1429 1287 1506 dicto,
1305 1453 1358 1498 seu
1374 1439 1411 1500 de

138 1513 229 1576 dabre
244 1515 400 1594 negativo,
413 1521 469 1576 aut
489 1514 526 1576 de
542 1511 636 1576 dubio
653 1521 806 1593 praeirem
817 1511 895 1574 ratio
912 1519 974 1586 εει,
992 1513 1065 1593 quia
1083 1514 1118 1577 in
1138 1515 1193 1579 tali
1215 1520 1308 1583 dubio
1329 1543 1411 1588 nun-

138 1620 234 1683 quam
255 1609 362 1664 contra
383 1601 480 1681 legem
502 1619 589 1681 agere
607 1600 692 1675 licet,
711 1606 748 1662 ut
771 1600 909 1681 sequitur
929 1619 967 1662 en
989 1600 1148 1682 principiis
1171 1623 1264 1686 supra
1286 1613 1410 1689 positis,

136 1713 170 1754 a.
186 1695 241 1765 39,
257 1695 294 1753 ll
312 1700 342 1752 et
355 1695 405 1754 70.

179 1780 272 1862 Besp.
291 1784 342 1841 2⁰:
357 1779 389 1841 Si
401 1786 505 1842 autern
522 1785 630 1860 agatur
644 1779 680 1841 de
695 1778 785 1840 dubio
797 1781 941 1861 positivo,
956 1797 1009 1842 seu
1021 1780 1057 1842 de
1070 1799 1140 1842 vera
1153 1788 1184 1844 et
1197 1785 1291 1849 solida
1305 1791 1413 1869 proba.

137 1868 274 1944 bilitate,
291 1868 529 1931 controvertitur
545 1888 552 1929 :

178 1957 211 2020 Ι·
234 1957 393 2018 Sententia
421 1957 569 2037 affimat.
599 1957 688 2021 Ratio
710 1957 871 2020 deducitur
892 1974 931 2018 ex
953 1955 1011 2020 hoc
1034 1957 1184 2039 principio
1209 1969 1416 2031 communiter

139 2046 276 2110 admisso
291 2065 297 2107 :
312 2044 382 2106 Noa
397 2046 511 2127 satisfit
524 2045 704 2126 obligationi
717 2055 805 2108 certa
815 2065 872 2126 per
886 2044 1129 2127 adimpletionem
1144 2049 1274 2114 dubium.
1291 2057 1416 2122 Etenim

139 2137 190 2198 lex
203 2136 297 2197 semel
310 2133 457 2196 exsistens
471 2140 503 2196 ει
521 2134 676 2214 imperans
685 2137 739 2214 J'us
751 2133 844 2196 habet
858 2133 1000 2214 exigendi
1014 2135 1180 2214 rigorosam
1196 2139 1413 2221 obedientiam,

140 2241 196 2286 seu
209 2222 371 2286 indubiam
385 2221 580 2301 obligationis
594 2221 815 2302 impletionem.
829 2226 931 2297 Porro,
943 2225 1066 2302 quaudo
1078 2225 1212 2303 dubitas,
1228 2231 1276 2292 vel
1290 2237 1415 2297 tantum

139 2310 350 2392 probabiliter,
367 2311 530 2374 autetiam
553 2311 741 2392 probabilius
765 2311 924 2376 existimas
944 2318 974 2374 te
993 2313 1089 2392 legem
1107 2315 1335 2397 adimplevisse,
1356 2322 1416 2404 ipsi

139 2401 281 2480 rigorose
293 2399 419 2462 minime
434 2399 616 2462 satisfecisti.
629 2403 707 2480 Ergo
719 2401 818 2462 adhuc
829 2405 858 2462 te
869 2406 959 2480 urget
970 2405 999 2462 et
1012 2402 1135 2482 premit,
1150 2409 1323 2486 usquedrun
1336 2419 1418 2476 certo

142 2487 335 2552 satisfeceris.
347 2525 386 2534 -
401 2491 559 2564 Praeterea,
571 2488 700 2570 aequitas
712 2490 856 2569 postulat,
869 2496 906 2552 ut
919 2488 952 2552 id
966 2491 1047 2570 quod
1061 2491 1196 2555 libertati
1211 2499 1415 2572 concedimus,

143 2577 203 2658 legi
218 2595 339 2657 quoque
352 2577 387 2639 in
402 2577 469 2658 pari
486 2577 660 2640 conditione
673 2595 736 2640 non
752 2579 952 2657 denegemus;
967 2579 1055 2659 atqui
1072 2583 1263 2648 concedimus
1282 2586 1418 2652 libertati

145 2674 233 2730 certa
252 2673 368 2728 utnon
387 2665 485 2746 possit
503 2665 591 2745 ligari
613 2684 666 2746 per
686 2666 783 2745 legem
802 2666 944 2742 dubiam;
961 2685 1030 2747 ergo
1050 2671 1275 2735 concedendum
1293 2683 1340 2738 est
1359 2677 1420 2757 legi

145 2763 234 2818 certe
261 2760 384 2816 utnon
411 2754 508 2834 possit
538 2754 614 2816 solvi
641 2773 694 2835 per
717 2753 985 2833 deobligationenr,
1014 2775 1068 2817 sou
1092 2775 1145 2836 per
1170 2759 1420 2842 adimpletionem

146 2845 285 2907 dubiam.
300 2879 341 2887 —
354 2843 502 2918 Tandem,
517 2842 551 2905 in
565 2842 659 2904 dubio
673 2843 780 2904 melior
794 2848 840 2904 est
853 2843 984 2906 conditio
998 2844 1196 2924 possidentis;
1213 2852 1266 2912 sed
1279 2852 1328 2916 lex
1339 2863 1419 2918 certo

146 2933 298 2996 exsistens
322 2932 454 3012 possidet
472 2937 578 2994 contra
598 2930 787 3006 libertatem,
809 2948 903 3011 quam
922 2932 981 2994 sibi
1000 2932 1166 3012 obligatam
1178 2937 1284 3016 habet;
1300 2961 1370 3023 ergo
1386 2944 1421 3006 in

147 3021 241 3086 dubio
257 3021 401 3102 prevalet
419 3027 524 3082 contra
535 3019 718 3082 libertatern.
735 3055 774 3064 —
788 3019 823 3082 S.
839 3021 923 3102 Lep,
940 3040 970 3081 rt.
983 3025 1037 3098 98,
1053 3025 1108 3098 99,
1125 3024 1179 3104 qui
1192 3026 1249 3089 hoc
1262 3029 1340 3107 loco,
1355 3034 1423 3113 plu*

145 3110 295 3191 utusque
313 3108 381 3171 aliis
396 3108 469 3171 locis
486 3109 523 3191 (Ι.
539 3109 637 3183 Vl,rr.
651 3113 723 3171 t'l'l.
738 3143 780 3155 --
793 3109 858 3185 QQ.
877 3109 937 3190 res.
952 3130 1010 3171 ser.
1027 3127 1067 3188 rr,
1081 3132 1112 3174 a.
1127 3118 1157 3190 l,
1175 3119 1228 3193 l8,
1244 3120 1323 3200 etc.),
1339 3121 1422 3184 vide

148 3200 240 3263 detur
267 3199 354 3279 plene
378 3203 555 3260 retractasse
581 3197 732 3278 quidquid
752 3198 787 3260 in
805 3198 993 3260 contrarium
1016 3199 1192 3280 scripserat,
1214 3225 1244 3268 v.
1267 3226 1327 3286 gr„
1349 3208 1368 3269 t,
1391 3211 1420 3283 Ι,

148 3309 181 3350 n.
197 3292 254 3365 99,
271 3285 372 3350 aerem
386 3287 488 3368 finem.
502 3286 685 3366 Magistrum
699 3293 872 3367 sequuntur
885 3286 944 3348 iere
959 3288 1149 3352 unanimiter
1162 3295 1342 3358 recentiores
1356 3299 1421 3377 ejus

148 3377 304 3458 discipuli.
319 3375 472 3458 (Socratici,
487 3385 510 3437 t.
523 3378 552 3452 Ι,
567 3395 599 3438 a.
615 3379 665 3454 87,
678 3375 750 3437 edit.
766 3376 869 3438 Puris.
885 3411 924 3420 -
945 3375 1132 3458 Nepruguet,
1151 3399 1176 3442 c.
1190 3401 1243 3460 111,
1259 3384 1318 3462 inf.
1336 3389 1364 3447 9.
1381 3419 1422 3434 --

151 3465 283 3541 Gousset,
300 3479 337 3527 n.
348 3469 445 3529 st-
457 3464 600 3540 Panaeti,
614 3484 646 3524 a.
662 3468 761 3526 99-
771 3463 894 3538 Miller,
906 3467 921 3540 §
935 3467 985 3540 st,
1002 3483 1065 3546 reg.
1076 3471 1106 3542 l,
1117 3477 1171 3530 etc.
1188 3473 1235 3530 Ex
1248 3471 1316 3533 aliis
1335 3473 1423 3536 citari

147 3561 281 3637 possunt
301 3553 386 3632 Voit,
405 3574 436 3615 rt.
453 3556 507 3630 39,
522 3552 600 3614 etde
620 3551 704 3626 Veto,
720 3572 750 3612 a.
767 3555 837 3615 587.
852 3588 892 3597 -
908 3551 1048 3632 Fittiac,
1066 3553 1181 3636 Collet,
1200 3559 1345 3638 Antoiue,
1364 3571 1421 3623 etc.

191 3643 242 3705 11⁰
253 3646 401 3704 scatentia
418 3651 509 3722 negat
527 3659 598 3703 cum
617 3639 761 3720 theologis
779 3657 841 3702 non
859 3639 963 3720 paucis
978 3641 1064 3703 valde
1084 3644 1265 3725 conspicuis.
1286 3649 1422 3726 Etenim,

150 3733 254 3806 aiunt,
271 3749 334 3794 non
353 3736 398 3792 est
419 3730 604 3810 imponenda
622 3728 777 3808 obligatio,
793 3728 855 3790 nisi
869 3730 905 3791 de
920 3747 954 3791 ea
972 3739 1052 3791 certo
1073 3742 1199 3810 constet,
1222 3738 1258 3795 ut
1278 3754 1369 3816 supra
1388 3740 1424 3802 de

149 3819 370 3904 probabilismo
382 3819 567 3881 dictumest.
583 3822 673 3881 Porro
690 3835 753 3879 non
767 3821 884 3879 constat
896 3818 932 3880 de
946 3817 1127 3900 obligatione
1140 3821 1190 3883 cni
1202 3825 1269 3902 jam
1281 3825 1425 3901 probabi-

153 3909 230 3984 liae,
249 3913 305 3971 aut
324 3906 527 3990 probabiliter
549 3906 737 3970 satisfactum
757 3911 813 3968 εει.
829 3943 870 3952 —-
884 3909 972 3988 Ergo.
989 3945 1028 3954 —
1043 3912 1203 3984 Praeterea,
1221 3909 1299 3973 sicut
1319 3933 1356 3976 ex
1374 3915 1426 3979 illo

150 3997 325 4080 principio:
342 3996 412 4058 Non
426 4005 469 4058 est
482 3995 659 4078 imponenda
674 3995 819 4076 obligatio
826 4043 835 4074 ,
852 4005 920 4070 etc,
936 3995 1056 4059 eruitur
1068 4016 1130 4060 non
1146 3997 1274 4078 obligari
1288 4003 1427 4067 volrmta-

152 4094 219 4150 tem
235 4087 407 4149 humanam
421 4104 438 4147 a
452 4085 515 4165 lege
530 4087 616 4165 cujus
634 4084 774 4146 nondrun
791 4084 918 4165 probata
934 4091 979 4148 εει
993 4083 1185 4160 exsistentia3
1201 4085 1246 4148 ita
1261 4093 1428 4156 necessario

153 4174 355 4255 consequitur
378 4193 440 4236 non
461 4172 587 4252 obligari
609 4173 746 4236 eamdem
764 4173 967 4248 voluntatem,
987 4172 1080 4235 simul
1102 4191 1136 4234 ac
1158 4173 1231 4253 legis
1251 4177 1430 4245 exsistentia

155 4263 192 4328 fit
205 4263 335 4340 incerta3
352 4261 613 4344 quemadmodum
634 4259 717 4322 enim
732 4260 874 4340 obligatio
895 4263 1005 4341 pendet
1022 4279 1041 4322 a
1058 4259 1168 4322 notitia
1187 4271 1268 4327 certa
1282 4267 1369 4349 legis,
1386 4270 1430 4333 ita

155 4352 253 4415 etiam
267 4352 459 4414 continuatio
474 4348 668 4428 obligationis
681 4350 793 4428 pendet
807 4369 826 4411 a
844 4348 1070 4412 continuatione
1084 4348 1203 4414 notitiae
1217 4357 1352 4435 ejusdem
1367 4377 1429 4421 cer-

154 4447 208 4506 ιε.
226 4440 324 4522 Atqui
338 4441 385 4504 lex
399 4440 449 4501 cui
464 4436 660 4519 probabiliter
675 4437 865 4501 satisfactum
880 4443 925 4500 est
939 4435 1136 4519 probabiliter
1143 4442 1209 4520 jam
1222 4463 1283 4507 non
1299 4445 1427 4520 exsistit,

157 4530 292 4611 adeoque
304 4533 369 4612 ejus
384 4525 562 4592 exsistentia
576 4525 612 4588 fit
624 4525 749 4588 incerta.
767 4529 856 4607 Ergo.
