3156 5026
562 211 605 256 DE
625 209 793 256 tusrlrtn
812 211 854 256 ET
874 211 960 254 tutte

247 369 444 449 Quaesita.

163 513 235 574 606.
249 544 290 556 -
300 510 404 584 Quar-
417 513 451 571 1⁰
466 507 614 583 θεωιεεη
626 506 755 569 materia
769 513 931 568 censeatur
940 505 1041 586 procis
1054 505 1089 567 ia
1100 503 1212 586 parco?

163 598 253 680 Reap.
276 603 334 662 l⁰:
354 587 539 676 Non⁴potest
559 594 693 676 rigorose
709 594 917 658 determinari.
938 597 1032 656 turta
1053 591 1239 656 sententiam
1258 609 1396 659 cammu-

121 705 207 762 nem,
221 705 289 768 qua
302 683 428 749 omnino
441 685 575 747 teneam
583 683 715 758 videtur,
729 683 934 747 materiatae
945 683 1108 764 spectanda
1121 700 1183 745 non
1203 688 1251 746 est
1262 683 1396 748 ειεοιειε

121 777 158 838 ιε·
179 795 224 848 se,
245 776 298 838 sed
315 773 445 836 relative
463 773 504 835 ed
524 772 625 836 varias
646 771 810 834 hominum
828 771 1015 834 conditiones
1034 779 1066 835 et
1079 771 1288 846 necessitates,
1301 773 1347 836 ita
1358 779 1395 836 ut

121 864 248 945 gratim
265 861 396 926 materia
415 861 600 943 requirenda
619 859 661 922 sit
678 861 717 922 ud
733 879 823 940 grave
840 865 997 940 peccatum
1015 861 1049 922 in
1067 860 1150 923 furto
1164 879 1236 940 erga
1247 861 1390 938 divitem,

121 971 220 1033 quam
235 969 306 1032 erga
323 969 498 1032 pauperem.
514 950 603 1014 Ratio
617 953 679 1023 est,
695 949 769 1031 quia
784 948 919 1028 gravitas
933 947 1026 1024 furti,
1047 949 1130 1012 sicut
1147 948 1280 1029 gratim
1292 953 1395 1034 cnjus·

119 1042 199 1105 libet
217 1039 359 1122 injuria,
374 1040 489 1120 pendet
504 1037 676 1119 prasertim
697 1054 716 1099 a
733 1037 843 1118 majori
858 1036 904 1100 vel
920 1037 1034 1100 minori
1045 1037 1233 1119 privatione,
1250 1039 1349 1102 dolore
1363 1047 1394 1104 et

120 1128 305 1192 reluctantia
325 1127 510 1201 voluntatiS,
526 1144 621 1208 quam
641 1125 760 1207 patitur
782 1125 834 1188 ille
856 1125 906 1188 cui
927 1125 1111 1206 surripitur;
1128 1130 1195 1208 jam
1213 1144 1287 1191 rere
1303 1147 1394 1192 nemo

120 1237 185 1282 non
197 1218 283 1280 videt
300 1217 440 1280 eamdem
456 1215 619 1280 materiam
637 1232 721 1278 nunc
737 1215 836 1277 levem
851 1232 934 1277 nunc
950 1233 1073 1295 gravem
1092 1233 1215 1280 causare
1235 1217 1394 1281 contrista-

119 1307 248 1382 tionem,
265 1312 356 1386 prout
370 1304 526 1380 dominus,
541 1323 632 1384 equo
646 1301 794 1379 aufertur,
810 1303 895 1367 dives
909 1310 955 1366 εει
967 1303 1014 1366 vel
1026 1321 1150 1384 pauper.
1162 1305 1393 1370 Attendendum

119 1400 226 1458 umen
239 1401 285 1457 est
299 1395 337 1457 ad
352 1393 567 1457 reluctantium
585 1390 770 1468 voluntatis,
788 1400 825 1456 ut
840 1392 921 1455 inter
935 1391 1075 1454 homines
1089 1395 1284 1456 emnrmm'ter
1297 1401 1327 1457 et
1340 1417 1391 1458 ra-

122 1483 310 1548 tionatiliter
332 1483 474 1559 hubetm,
499 1501 562 1545 non
582 1499 653 1544 vero
678 1488 816 1561 respectu
840 1482 878 1543 ad
904 1480 1045 1544 homines
1072 1481 1181 1563 majori
1205 1482 1253 1545 rel
1276 1485 1390 1548 minori

119 1591 224 1636 amore
242 1572 379 1653 pecuniae
399 1571 584 1634 allectos-
602 1569 655 1632 Ita
673 1573 871 1632 communiter
891 1587 963 1632 cum
986 1569 1022 1632 S.
1043 1569 1126 1652 neq,
1143 1591 1174 1632 e.
1193 1574 1268 1646 tec,
1289 1578 1392 1636 contra

119 1661 259 1724 Billuart
271 1671 301 1724 et
321 1661 397 1724 ulios
416 1659 592 1738 nonnullos,
616 1659 671 1740 qui
691 1659 879 1722 contendunt
901 1658 1078 1732 materiam,
1098 1657 1162 1722 sive
1183 1677 1307 1740 gravem
1327 1661 1392 1725 sive

119 1752 235 1826 larem,
250 1750 387 1832 absolute
405 1749 440 1811 in
459 1767 490 1810 se
505 1749 698 1828 spectandam
719 1765 801 1821 esse,
817 1765 946 1828 eamque
965 1747 1128 1810 consistere
1146 1747 1181 1810 in
1199 1766 1234 1810 ec
1254 1750 1335 1830 quod
1353 1751 1392 1814 ad

119 1840 335 1920 quotidianam
357 1837 614 1900 sustentationem
639 1835 699 1898 riri
721 1835 843 1898 honesti
870 1853 924 1899 seu
948 1835 1142 1899 niediocriter
1160 1836 1269 1900 divitis
1289 1838 1392 1919 requi-

119 1929 213 1992 ritur.

158 2017 272 2098 Aliqum
284 2022 392 2079 temen
408 2013 643 2077 determinanda
656 2021 703 2077 εει
718 2013 857 2076 absoluta
872 2013 1018 2086 materia,
1033 2033 1128 2095 quarn
1145 2031 1307 2096 nunquam
1325 2014 1390 2079 sine

118 2105 211 2186 culpa
220 2103 307 2185 gnari
318 2103 511 2185 pretergredi
522 2102 626 2178 liceat;
642 2121 728 2166 secus
741 2101 865 2165 enimsi
878 2101 1032 2182 proportio
1048 2102 1227 2166 omnimoda
1241 2105 1391 2166 servanda

118 2193 196 2256 toret
216 2192 299 2255 inter
321 2209 426 2254 omnes
448 2189 654 2268 conditiones,
681 2190 812 2272 profecto
833 2189 972 2254 maxima
998 2192 1156 2273 quantitas
1181 2209 1235 2271 pro
1264 2193 1391 2255 materia

118 2281 217 2360 gravi,
228 2279 284 2343 ubi
296 2280 366 2362 quis
381 2278 510 2359 smripit
517 2279 670 2344 ditissimo
681 2279 823 2362 principi,
834 2279 1057 2362 requireretur:
1068 2279 1124 2343 hoc
1138 2287 1242 2346 auteur
1256 2279 1392 2344 insocie·

119 2367 358 2432 lntisdamnum
372 2369 583 2432 sanctederet.
1121 2431 1124 2436 ,

159 2461 231 2520 607.
249 2491 290 2502 -
303 2457 391 2538 Hesp.
406 2461 438 2520 2⁰
451 2476 459 2518 :
475 2458 523 2519 Ad
537 2445 661 2538 &savem
672 2477 743 2522 vero
755 2457 917 2520 materiam
928 2457 1054 2522 relative
1066 2464 1231 2539 spectatam
1247 2458 1391 2541 (attentis

119 2545 281 2627 precipuis
295 2549 422 2627 Europa
437 2545 525 2620 locis,
542 2549 571 2609 et
588 2553 762 2628 temporum
779 2553 956 2610 nostrorum
970 2546 1139 2629 adjunctis)
1152 2548 1266 2629 requiri
1280 2548 1387 2611 riden-

117 2641 191 2696 tur:
207 2640 241 2697 10
254 2634 382 2698 circiter
403 2634 488 2698 valor
507 2635 603 2699 unius
623 2635 720 2699 dauci
742 2653 797 2698 seu
816 2639 857 2700 tt)
877 2654 958 2699 asses
978 2635 1104 2698 relative
1122 2637 1161 2698 ad
1181 2655 1342 2718 pauperes,
1361 2641 1392 2700 et

118 2723 281 2804 aliquando
301 2722 408 2786 minus
430 2741 484 2803 pro
504 2723 613 2804 majori
640 2725 737 2805 gradu
760 2723 964 2800 necessitatis;
988 2727 1022 2786 2⁰
1046 2723 1167 2788 circiter
1182 2726 1244 2788 duo
1262 2725 1310 2789 vel
1328 2732 1390 2789 tres

117 2811 231 2888 frenci,
245 2830 299 2875 seu
309 2817 366 2887 tc,
383 2811 431 2876 rel
443 2816 576 2875 ditasses
593 2813 718 2876 relative
731 2813 770 2874 ed
784 2812 945 2893 operarios,
960 2811 1014 2892 qui
1028 2811 1129 2876 labore
1145 2813 1256 2877 diurno
1270 2813 1389 2878 rictum

118 2899 179 2962 sihi
193 2906 384 2982 comparant;
402 2904 434 2962 30
451 2899 570 2962 circiter
584 2907 716 2981 quatuor
730 2900 778 2964 vel
789 2900 927 2982 quinque
942 2899 1038 2963 franci
1056 2901 1181 2965 relative
1199 2903 1238 2966 ad
1250 2902 1390 2966 homines

116 2988 310 3052 mediocriter
328 2987 455 3064 divitem
472 2993 507 3051 40
530 2987 650 3051 circiter
671 3008 724 3052 sen
746 2990 794 3052 vel
820 2995 936 3069 septem
956 2987 1053 3051 franci
1075 2991 1201 3054 relative
1221 2993 1260 3054 ad
1278 2992 1389 3056 divites

117 3077 297 3140 ordinarios.

157 3166 243 3242 Quod
260 3171 375 3247 spectat
396 3184 468 3229 vero
490 3167 529 3228 ud
549 3164 712 3228 materiam
730 3165 868 3229 absolute
889 3183 1029 3246 mrem,
1046 3173 1094 3230 est
1111 3168 1304 3232 communior
1320 3189 1388 3233 sen-

116 3254 216 3316 tentia
233 3255 315 3334 apud
330 3253 367 3317 S.
386 3253 594 3337 Alptoautm,
612 3254 688 3317 duos
702 3260 757 3317 aut
772 3262 833 3317 tres
846 3273 954 3318 aureos
968 3254 1131 3318 materiam
1147 3276 1272 3338 gravem
1286 3257 1389 3321 cristi-

116 3342 207 3404 mari.
221 3345 342 3406 Aureus
354 3350 458 3406 auten
474 3343 611 3424 quinque
622 3342 743 3406 circiter
757 3341 869 3406 francis
883 3343 1056 3426 aequivalet.
1077 3347 1112 3408 In
1130 3353 1267 3409 mentem
1283 3351 1387 3408 tamen

115 3431 359 3506 revocaremus,
374 3431 536 3512 pecuniam
550 3438 626 3496 tuuc
637 3432 787 3512 temporie
800 3439 905 3512 utpote
922 3433 1085 3508 rariorem,
1100 3432 1194 3496 fuisse
1212 3431 1307 3495 etiam
1320 3451 1388 3514 pre-

114 3519 284 3583 tiosiorem.

157 3611 227 3672 608.
243 3644 284 3654 -
295 3611 396 3684 Quae.
413 3613 446 3672 2⁰
469 3608 611 3686 θεεηειη
632 3609 762 3673 materia
781 3612 968 3691 requiratur,
988 3619 1023 3673 ut
1038 3610 1127 3692 furta
1145 3629 1290 3684 anorum,
1308 3609 1389 3692 filio-

113 3717 184 3759 rum
196 3705 225 3760 et
239 3697 426 3779 famulorum
437 3699 546 3780 procia
559 3697 709 3761 evadant?

154 3785 244 3868 Hesp.
268 3789 464 3850 1⁰:Gertnm
489 3794 536 3850 est
558 3787 639 3867 apud
665 3805 790 3863 omnes,
813 3787 849 3849 in
871 3785 962 3850 trrrtis
983 3787 1088 3851 uxoris
1111 3793 1142 3850 ει
1163 3787 1296 3850 dlicnrm
1317 3787 1387 3867 plus

112 3874 232 3956 requiri
244 3876 283 3938 ad
299 3893 423 3956 murem
435 3874 600 3938 materiam
613 3875 871 3953 constituendam,
888 3894 983 3956 quam
999 3877 1034 3939 in
1047 3875 1139 3938 furtis
1153 3881 1385 3953 extraneorum

113 3962 189 4044 qtria
202 3963 422 4043 paterfamilias
434 3971 481 4028 εει
491 3964 598 4027 minus
613 3964 741 4039 invitus,
758 3970 814 4027 aut
828 3965 936 4028 saltem
953 3965 1058 4028 minus
1072 3963 1293 4027 rationabiliter
1303 3963 1386 4027 invi-

112 4057 167 4116 tus
187 4051 224 4114 in
243 4052 337 4134 priori
357 4071 448 4129 casu,
473 4071 568 4135 quam
584 4053 620 4116 in
642 4051 816 4134 posteriori,
829 4058 860 4116 et
878 4072 956 4134 sape
971 4054 1091 4116 invitus
1109 4058 1156 4115 est
1172 4051 1271 4132 magis
1284 4054 1385 4134 quoad

112 4141 243 4204 modum
265 4141 363 4223 (quod
384 4141 463 4204 clam
485 4141 679 4222 accipietur),
702 4159 797 4222 quam
817 4143 917 4223 quoad
940 4141 1157 4205 substantium.
1174 4176 1215 4188 ·-·
1236 4141 1271 4204 S.
1299 4142 1382 4223 Liq,

111 4229 205 4293 Hom.
222 4239 331 4312 apost,
354 4249 386 4292 a.
406 4234 455 4294 te.
479 4231 608 4293 Addunt
626 4230 950 4314 autem,prctotilius
968 4229 1085 4311 requiri
1102 4248 1155 4311 pro
1173 4229 1213 4292 iis
1229 4247 1385 4293 summum

113 4319 206 4400 duplo
224 4322 390 4400 majorem,
410 4336 505 4400 quam
525 4337 579 4400 pro
591 4319 760 4396 extraneis3
776 4320 828 4382 sed
846 4319 932 4382 nulla
949 4319 1054 4398 regula
1069 4319 1216 4400 generatis
1236 4318 1385 4400 assignari

112 4413 228 4488 potcst;
245 4426 293 4470 res
311 4406 396 4470 enim
412 4425 432 4469 a
448 4405 544 4472 variis
561 4425 762 4490 personarum
775 4407 824 4471 vel
842 4406 1053 4472 conditionum
1071 4407 1311 4472 circumstantiis
1324 4409 1386 4490 ple-

113 4513 247 4578 rumque
259 4494 514 4561 deliniendaerit.
