3136 5034
562 295 605 340 on
626 294 898 342 covraacrrnns
1299 284 1364 348 487

136 413 167 471 10
182 407 355 482 Externos,
369 405 462 468 idest
480 403 709 480 manifestatus,
727 405 803 487 quia
820 406 968 488 comparti
983 407 1175 470 manifestari
1195 408 1299 487 debet;
1316 430 1369 475 ne-

96 496 166 578 quit
180 502 285 558 autem
298 493 386 556 alteri
399 494 482 576 parti
493 492 645 574 patelieri,
660 494 721 556 nisi
735 495 838 576 aliquo
852 495 939 576 signo
954 495 1069 558 visibili
1082 497 1218 560 exterius
1231 500 1367 579 prodeat.

136 588 170 648 2⁰
192 584 347 661 Interam,
366 583 440 664 quia
457 581 601 662 obligatio
617 588 791 646 contractus
805 583 904 648 oritur
922 591 940 647 ι
955 585 1017 648 sola
1037 585 1245 650 contrahentis
1262 587 1370 652 volun-

94 678 170 735 tate.
183 709 223 719 -
234 673 285 735 Ita
301 671 508 734 communiter.
1323 679 1331 712 0

136 765 168 826 30
188 761 326 840 Mutuus,
344 761 418 842 quia
431 765 604 824 contractus
623 765 669 823 εει
688 761 848 824 conventio
866 762 1000 825 duorum
1019 763 1067 826 vel
1084 761 1239 844 plurium3
1254 761 1328 826 binc
1343 764 1369 828 si
1425 801 1428 810 ·

95 849 137 912 sit
151 867 312 924 onerosus,
330 849 500 932 requiritur
516 867 553 912 ex
569 855 699 930 utraque
713 856 800 930 parte
817 850 911 914 cessio
929 856 960 913 et
975 851 1149 932 acceptatio.
1169 851 1202 916 Si
1217 853 1371 932 gratuitus

94 939 151 1013 sit,
168 938 339 1019 requiritur
351 938 445 1001 cessio
459 955 497 1000 ex
510 955 573 1000 una
586 944 672 1022 parte
686 944 717 1002 et
731 939 893 1020 acceptatio
907 957 943 1002 ex
957 939 1063 1002 altera.

133 1032 168 1090 l⁰
188 1026 284 1088 Liber
297 1032 328 1088 ει
342 1025 525 1088 deliberatus
529 1073 538 1105 ,
555 1025 600 1089 ita
614 1031 650 1089 ιιι
665 1026 846 1090 contrahens
861 1046 922 1090 non
936 1028 1035 1090 solum
1050 1029 1091 1090 sit
1104 1027 1154 1091 sui
1168 1047 1303 1111 compos,
1320 1023 1372 1094 sed

92 1115 186 1178 ctiam
200 1120 273 1195 agat
288 1133 360 1177 cum
374 1131 409 1177 ea
422 1113 654 1190 deliberatione,
671 1133 740 1195 quae
754 1116 793 1178 ad
809 1121 968 1196 peccatum
981 1133 1072 1196 grave
1086 1116 1271 1198 requiritur;
1286 1137 1372 1183 secus

92 1203 177 1268 enim
190 1204 336 1266 voluntas
345 1207 423 1266 esset
435 1203 626 1284 imperiecta,
639 1207 729 1284 atque
740 1205 813 1267 adeo
823 1203 1018 1286 imperfectus
1028 1211 1114 1268 actus
1123 1254 1129 1280 ,
1139 1206 1195 1286 qui
1208 1206 1372 1287 perfectam

92 1292 314 1373 obligationem
328 1309 432 1372 parere
446 1309 509 1354 non
522 1298 633 1373 posset.
809 1311 822 1350 ι

218 1447 415 1524 Quaeslte.

135 1595 206 1656 773.
223 1627 265 1638 -
283 1594 385 1668 Quen.
401 1594 433 1654 l⁰
449 1589 502 1652 Aa
522 1589 623 1652 valeat
637 1600 808 1652 contractus
829 1593 925 1652 initus
944 1609 1010 1652 cum
1031 1592 1132 1653 aalma
1152 1590 1370 1668 contradendi,

93 1679 148 1741 sed
160 1684 227 1743 stoc
243 1684 343 1742 animo
358 1699 387 1740 se
402 1678 575 1760 obligandi,
592 1678 640 1741 vel
655 1683 721 1741 sinc
735 1683 837 1741 animo
852 1679 943 1742 illem
958 1678 1132 1761 implendi?

133 1769 229 1851 Hesp.
241 1768 279 1831 ad
290 1775 342 1832 lm
354 1788 362 1829 :
376 1767 571 1830 Probabiliuc
583 1786 645 1831 nou
661 1768 740 1831 valet
750 1815 757 1840 ,
769 1768 843 1849 quia
859 1767 994 1831 conditio
1008 1767 1145 1849 apposita
1159 1773 1206 1831 est
1219 1767 1372 1832 contraria

93 1857 279 1922 substantie
294 1862 478 1920 contractus.
491 1892 532 1903 —
545 1857 583 1919 S.
597 1858 667 1939 tq.
684 1877 715 1917 a.
731 1861 850 1921 tto-
865 1856 931 1917 Alii
944 1855 1052 1920 dicunt
1066 1856 1166 1920 valere
1179 1861 1372 1920 contractum

91 1952 186 2026 prout
199 1945 360 2027 prevalet,
376 1949 505 2008 autnon
519 1945 662 2028 prevalet
676 1945 782 2008 volitio
796 1950 978 2008 contractus.
996 1981 1036 1990 -
1050 1945 1192 2008 Lmroic.

134 2035 230 2117 Hesp,
244 2035 283 2097 ad
296 2038 352 2097 2³¹³
362 2034 465 2098 :Valet
479 2041 662 2097 contractus.
679 2033 768 2099 Ratio
782 2039 839 2108 est,
853 2032 926 2116 quia
939 2039 1040 2114 potest
1054 2034 1217 2097 consistere
1231 2034 1373 2097 voluntas

92 2143 157 2188 nou
171 2123 323 2204 implendi
337 2140 410 2185 cum
423 2123 582 2186 voluntate
596 2141 627 2186 sc
641 2122 807 2202 obligandi.
821 2159 860 2168 -
874 2121 910 2185 S.
926 2123 996 2204 Liq.
1009 2133 1038 2184 et
1051 2122 1109 2183 clii
1122 2125 1326 2185 communiter.

134 2215 240 2289 Qatnu.
256 2215 290 2274 2⁰
304 2213 356 2273 An
368 2230 525 2274 censemus
538 2214 697 2293 atavosque
707 2215 811 2293 partis
824 2209 918 2272 simul
929 2209 1000 2274 elici
1014 2210 1143 2274 debeat?

135 2300 228 2382 Hesp.
243 2299 335 2382 Nep„
351 2299 425 2382 quia
438 2317 603 2364 consensus
617 2299 712 2362 unius
726 2299 820 2362 semel
834 2300 940 2378 datus,
956 2317 1012 2362 nec
1025 2305 1199 2376 revocatus,
1215 2299 1371 2363 moraliter

92 2393 286 2470 perseverat,
301 2388 346 2451 ita
355 2392 391 2450 ut
402 2388 561 2451 accedente
574 2387 701 2450 altericu
715 2404 865 2450 consensu
879 2386 987 2450 statim
1001 2387 1176 2469 perficiatur
1187 2393 1371 2452 contractus.

219 2542 432 2608 Resolves.

132 2699 207 2760 777.
225 2731 264 2740 -
280 2700 312 2757 10
326 2693 385 2770 Qui
399 2693 467 2757 ficte
480 2693 516 2756 in
530 2697 722 2758 contractum
736 2695 903 2768 consentit,
921 2699 1044 2758 tenetur
1057 2695 1092 2758 in
1106 2695 1297 2759 conscientie
1310 2695 1373 2760 foro

90 2791 215 2866 partem
230 2783 387 2863 deceptam
400 2781 580 2845 indemnem
596 2781 706 2856 facere,
722 2790 770 2856 et,
787 2781 815 2844 si
831 2781 916 2844 aliud
934 2801 996 2844 non
1016 2787 1155 2864 suppetat
1168 2783 1308 2846 medium
1326 2802 1373 2847 re·

90 2871 225 2954 parandi
250 2870 414 2953 injuriam,
437 2887 621 2933 consensum
643 2871 804 2934 internum
822 2870 955 2950 praebere
978 2876 1010 2933 et
1027 2871 1198 2934 contractui
1221 2877 1311 2935 stare.
1335 2909 1374 2918 -

90 2962 185 3026 Hom.
204 2969 318 3044 apost,
337 2967 425 3020 tract.
442 2961 484 3031 X,
501 2979 532 3019 n.
548 2963 599 3022 93.
1273 3025 1275 3030 ,

133 3049 261 3127 Quodsi
272 3045 524 3112 contractnsficte
535 3045 635 3110 initus
645 3046 834 3110 exsecutioni
844 3045 937 3109 fuerit
947 3046 1129 3122 mandatus,
1141 3047 1266 3111 nullum
1276 3049 1374 3112 domi-

90 3141 186 3204 nium
200 3138 303 3219 reipsa
317 3136 503 3200 translatum
517 3140 573 3197 est.
591 3135 692 3210 Unde,
709 3135 827 3198 ratione
839 3135 885 3198 rei
899 3139 1041 3215 acceptae,
1057 3134 1200 3215 deceptus
1214 3137 1374 3200 habendus

91 3235 139 3292 εει
149 3235 307 3308 tanquam
321 3241 473 3306 possessor
487 3223 575 3287 bonae
586 3222 671 3298 fidei,
685 3224 825 3304 deceptor
836 3229 942 3286 autem
959 3227 1109 3303 tanquam
1121 3241 1273 3304 possessor
1287 3226 1376 3294 mala

92 3316 177 3381 fidei.

133 3411 169 3470 2⁰
192 3403 226 3468 Si
240 3403 366 3466 offeram
379 3402 437 3466 tibi
451 3402 579 3466 domum
592 3405 651 3466 l00
665 3401 765 3464 aeneis
778 3401 931 3476 venalem,
944 3408 976 3464 et
990 3407 1027 3464 tu
1037 3405 1187 3481 acceptes,
1200 3407 1374 3464 contractus

86 3493 271 3575 perficitur,
282 3510 344 3555 nou
365 3491 487 3574 qrrando
505 3491 625 3554 interne
644 3490 813 3566 consentis,
831 3491 883 3553 sed
896 3491 1020 3572 quando
1038 3493 1091 3552 tua
1109 3489 1274 3569 acceptatio
1295 3488 1374 3551 mibi

84 3602 141 3665 per
157 3580 290 3663 aliquod
309 3580 436 3662 signum
455 3586 579 3644 externe
601 3579 714 3662 prodit.
732 3582 904 3644 Consemus
923 3582 1027 3641 autern
1045 3595 1133 3640 meus
1153 3583 1200 3640 est
1219 3576 1275 3640 tibi
1292 3575 1375 3641 sutil-

89 3671 214 3736 cienter
223 3669 389 3733 intimatus
398 3688 452 3751 per
463 3669 519 3732 hoc
531 3669 613 3750 quod
625 3668 681 3732 tibi
690 3668 819 3731 domurn
832 3685 995 3749 meampro
1004 3667 1101 3748 pretio
1111 3673 1227 3730 statuto
1237 3665 1373 3729 offeram.

135 3768 169 3828 3⁰
196 3759 227 3822 Si
243 3777 366 3823 mecum
384 3758 545 3824 contrahas
559 3776 612 3839 per
625 3762 866 3838 procuratorem,
882 3758 1054 3820 contractus
1066 3755 1235 3838 perficitur,
1251 3754 1374 3836 quando

92 3858 173 3914 tuus
190 3855 366 3930 procurator
382 3853 530 3929 acceptat,
548 3847 617 3910 licet
632 3853 668 3909 tn
681 3846 813 3909 necdum
827 3843 1045 3926 acceptaveris,
1063 3843 1137 3926 quia
1150 3842 1314 3926 acceptatio
1329 3841 1376 3906 tui

94 3937 307 4021 procuratoris
322 3936 478 3999 moraliter
493 3941 618 3998 tuaest.

138 4033 175 4092 40
197 4024 404 4089 Taciturnitas
423 4023 602 4104 regulariter
622 4029 782 4106 reputatur
799 4041 854 4104 pro
873 4041 1037 4097 consensu,
1054 4021 1081 4084 si
1096 4020 1225 4084 materia
1238 4019 1279 4082 sit
1293 4019 1375 4083 lavo

94 4114 207 4180 rabilis
223 4113 346 4176 tacenti.
364 4112 442 4175 H'mc
458 4111 561 4192 regula
574 4112 658 4176 turis
675 4132 683 4175 :
701 4111 761 4190 Oui
776 4121 867 4190 tacet,
885 4114 1055 4174 consentire
1068 4109 1200 4173 videtur.

136 4209 174 4268 5⁰
195 4202 228 4264 Si
247 4200 362 4265 Paulus
381 4200 461 4264 dicat
480 4218 581 4262 coram
599 4199 721 4264 Jocaoc
730 4221 743 4263 .·
756 4205 799 4265 llo
813 4206 873 4265 ιθθ
891 4217 999 4262 aurcos
1016 4197 1106 4260 Petro
1111 4215 1125 4276 ;
1144 4203 1176 4260 et
1196 4197 1223 4261 si
1240 4197 1376 4260 loannes

91 4293 237 4376 injussus
250 4290 343 4352 Petro
357 4287 390 4352 id
402 4288 528 4365 referat,
544 4295 575 4353 ει
589 4289 639 4353 bic
653 4290 756 4354 dicat:
773 4286 1050 4372 anteponentes
1064 4304 1127 4349 non
1144 4292 1287 4350 censetur
1301 4282 1375 4348 obli-

94 4386 204 4463 gatus;
221 4379 294 4461 quia
308 4371 463 4442 intimatio
477 4377 690 4459 promissionis
703 4397 766 4442 non
779 4379 843 4442 init
856 4377 936 4440 lacta
951 4376 1047 4439 Petro
1062 4374 1098 4438 de
1112 4375 1258 4438 mandato
1270 4372 1374 4451 Pauli,

94 4470 154 4551 qui
170 4466 355 4549 caetemquin
369 4485 422 4549 per
436 4468 530 4532 relata
541 4467 635 4531 verba
647 4467 727 4532 nihil
740 4467 825 4531 aliud
837 4465 974 4531 ostendit
987 4463 1050 4528 nisi
1065 4481 1187 4528 merum
1201 4462 1295 4526 dandi
1309 4479 1375 4543 pro

94 4557 250 4640 positum.
267 4593 306 4602 -
325 4555 360 4619 V.
378 4555 487 4638 Casus,
504 4579 536 4619 a.
553 4561 623 4621 776.

181 4673 285 4718 0οη·-
298 4672 357 4718 ΤοΙ.
370 4671 390 4717 1.
1246 4653 1275 4707 31
