3136 5034
682 177 893 224 delusurus

497 341 556 408 lV.
572 379 613 390 -
635 341 682 407 De
696 361 803 428 poeno
818 341 1077 407 marcentionoli.

194 510 404 572 861.-Ρ(666
416 503 652 566 conventionalia
664 501 805 565 consistit
817 501 851 564 16
864 501 929 576 hoc,
945 503 1025 583 quod
1040 501 1252 563 mutuatarius
1267 520 1300 564 se
1314 503 1431 584 obliget
1554 519 1555 522 ¹

155 597 194 659 ad
203 594 318 675 aliquid
333 611 424 674 supra
439 596 550 654 sortem
563 591 754 664 solvendum,
768 591 795 652 si
808 598 942 671 tempore
955 591 1076 671 prefixo
1090 589 1178 650 illam
1191 607 1255 652 non
1268 589 1429 655 restituat.

194 687 217 748 Ι.
234 689 327 748 Poena
337 681 574 744 conventionalia
587 679 745 760 legitimus
759 684 804 740 est
819 678 929 741 titulus
944 677 1108 759 accipiendi
1122 684 1232 758 praeter
1246 686 1365 741 sortem
1380 680 1427 756 id,

156 775 192 836 de
206 791 266 854 quo
280 777 465 834 conventum
477 775 534 832 est.
550 767 639 834 Ratio
651 773 706 842 est,
719 767 792 850 quia
806 767 850 830 ita
862 768 1033 830 consulitur
1044 765 1186 829 finnitati
1199 773 1389 846 contractus,
1399 777 1430 832 61

155 862 248 926 simul
263 859 444 940 negligentia
457 857 641 921 mutuatarii
652 863 850 938 praecavetur.
864 893 905 901 -
917 855 952 918 S.
969 856 1039 937 Liq.
1052 877 1083 916 n.
1096 859 1173 930 766,
1188 862 1248 918 etc.

194 953 232 1012 ll.
248 947 442 1012 conditiones
462 946 618 1029 requisitae
639 950 727 1021 sunt,
743 951 777 1007 l⁰
789 950 826 1007 ut
841 963 928 1008 mora
941 943 1087 1007 debitoris
1102 944 1143 1006 sit
1159 944 1304 1008 notabilis
1316 953 1348 1009 et
1361 948 1427 1009 cul-

154 1039 279 1121 pabilis;
297 1043 329 1100 10
344 1043 379 1098 61
393 1055 484 1117 poena
497 1035 538 1098 sit
552 1036 707 1099 moderata
721 1041 751 1096 et
763 1034 857 1114 culpae
868 1031 1104 1114 proportionata.
1116 1069 1155 1078 —
1169 1031 1203 1095 S.
1219 1035 1287 1115 Lip.
1303 1057 1331 1096 n.
1349 1039 1423 1108 766,

155 1128 255 1191 etalii
268 1129 474 1188 communiter.

202 1215 275 1280 Vide
286 1215 394 1296 plura,
408 1215 437 1274 si
446 1213 559 1296 placet,
577 1213 613 1274 de
629 1212 729 1274 titulis
740 1211 978 1294 procedentibus
996 1211 1080 1292 opud
1098 1221 1248 1274 unctores.
1266 1213 1424 1296 Perpouco

157 1315 277 1366 tontum
290 1303 496 1382 delibavimus,
511 1306 595 1386 quio,
608 1301 762 1366 accedente
776 1301 850 1380 lepis
865 1300 967 1373 titulo,
981 1300 1083 1363 coeteri
1091 1301 1161 1381 jem
1172 1301 1275 1363 rom'us
1289 1303 1320 1363 in
1330 1304 1430 1384 proni

157 1403 326 1465 occurrent,
343 1403 377 1453 nc
394 1411 432 1454 en
446 1391 579 1455 dicendis
589 1390 716 1492 patebit.

540 1571 582 1637 V.
598 1609 642 1620 -
662 1572 707 1637 De
720 1571 820 1637 111616
838 1571 920 1658 begis
935 1569 1056 1637 ciuilis.

199 1737 270 1798 861.
291 1732 428 1797 -Olim
449 1737 515 1815 jam
541 1733 728 1796 exsistebant
751 1733 833 1813 apud
855 1731 955 1794 uarios
975 1731 1100 1812 populos
1124 1731 1217 1812 leges,
1240 1731 1430 1812 uquarum

159 1823 282 1886 lucrum
301 1828 419 1885 certum
442 1841 480 1884 ex
505 1829 615 1885 mutuo
637 1821 750 1903 percipi
773 1826 906 1901 poterat,
925 1819 1094 1902 presertim
1113 1819 1196 1882 inter
1212 1824 1381 1896 Romanos,
1400 1828 1430 1884 61

159 1911 313 1974 recentius
327 1909 409 1974 inter
422 1914 599 1975 Germanos.
616 1909 689 1973 Vide
703 1909 889 1992 Mastrofini,
905 1929 931 1972 c.
948 1928 992 1984 1r,
1009 1927 1079 1984 rur,
1096 1908 1313 1972 1x.-Nostris
1326 1917 1429 1973 autem

160 1999 351 2080 temporibus
362 1999 540 2082 hujusmodi
558 2001 636 2080 leges
655 2001 736 2081 apud
751 1999 910 2080 plerosque
929 1998 1055 2079 populos
1068 2015 1129 2060 usu
1152 1997 1285 2078 generali
1307 2005 1431 2079 recepte

163 2094 248 2151 sunt.
265 2091 312 2150 Ex
325 2087 364 2151 iis
380 2107 469 2170 porro
485 2095 533 2152 sat
547 2089 752 2152 communiter
764 2087 956 2169 permittitur
976 2088 1097 2150 lucrum
1111 2105 1255 2150 aunuum
1271 2105 1308 2150 eu
1321 2095 1433 2150 mutuo

161 2177 298 2258 pecunie
313 2177 542 2258 percipiendum
559 2197 595 2242 ea
611 2177 797 2253 conditione,
813 2184 850 2239 ut
865 2176 1002 2256 quinque
1020 2193 1074 2256 pro
1094 2175 1224 2256 singulis
1243 2177 1378 2239 centenis
1401 2177 1433 2238 in

162 2269 292 2327 macerie
307 2266 406 2340 civili,
421 2271 451 2329 et
464 2286 516 2330 sex
535 2271 568 2330 in
587 2271 714 2330 materie
736 2265 907 2330 commercii
927 2264 1040 2346 percipi
1053 2264 1187 2345 possint.
1203 2267 1239 2326 ln
1254 2265 1351 2330 Gallia
1364 2283 1436 2328 rero

162 2355 285 2416 lucrum
299 2355 473 2417 conceditur
486 2356 550 2418 sive
563 2355 714 2436 pecunie,
731 2351 970 2428 circumuenti,
987 2353 1051 2416 sive
1065 2352 1190 2416 alberius
1207 2353 1252 2416 rei
1268 2361 1433 2417 mutuate.

162 2444 240 2520 Lege
252 2447 384 2504 auten13
396 2444 549 2522 Septemb.
565 2449 654 2517 1807,
669 2449 825 2506 statutum
836 2448 891 2518 est,
905 2461 944 2505 ne
958 2443 1079 2505 lucrum
1092 2461 1130 2505 ex
1141 2449 1249 2504 mutuo
1261 2444 1433 2523 percipien-

162 2529 240 2592 dum
254 2529 375 2592 excedat
390 2534 408 2593 5
422 2549 476 2611 pro
490 2536 547 2595 100
560 2531 595 2593 16
608 2550 640 2594 re
655 2531 753 2606 civili,
769 2538 801 2593 et
817 2537 836 2595 6
852 2550 905 2611 pro
918 2536 978 2595 100
992 2531 1025 2593 16
1038 2550 1069 2594 re
1084 2532 1123 2593 ad
1139 2530 1349 2594 commercium
1361 2549 1431 2611 spe-

163 2619 273 2680 ctante.
288 2620 333 2680 Ex
347 2619 451 2681 eadem
465 2619 529 2700 lege
542 2619 568 2682 si
583 2621 653 2701 quis
665 2619 873 2694 convincatur,
886 2621 966 2701 quod
982 2625 1129 2682 statutam
1146 2627 1243 2682 taram
1254 2617 1431 2694 uiolauerit,

164 2706 204 2769 66
226 2725 382 2770 excessum
404 2706 630 2772 restituendum
651 2709 826 2772 damnatur.
848 2709 933 2784 Quod
953 2708 979 2770 61
999 2707 1109 2788 sepius
1129 2709 1163 2771 id
1183 2708 1296 2782 lecerit,
1315 2709 1437 2771 mulcta

164 2795 360 2876 plectendum
371 2795 553 2860 decernitur.

206 2885 257 2945 An
271 2903 341 2946 vero
355 2883 407 2947 illa
420 2886 468 2948 lex
486 2892 565 2950 creet
581 2887 756 2968 legitimum
774 2887 904 2950 titulum
919 2888 953 2949 in
968 2885 1030 2950 loro
1045 2887 1235 2949 conscientie
1256 2887 1295 2948 ad
1316 2887 1439 2949 lucmm

166 2989 203 3033 ex
226 2977 337 3035 mutuo
360 2973 602 3056 percipiendum,
623 2977 807 3057 disputatur.
827 2975 983 3040 Sententia
1006 2974 1188 3038 affirmativa
1204 2975 1395 3056 probabilior
1412 2981 1442 3037 et

167 3061 360 3125 communior
373 3070 430 3126 est.
447 3065 525 3128 Hinc
539 3083 667 3146 sequens

719 3212 890 3257 Pnoeoslulo

234 3319 348 3378 Titulus
360 3321 432 3393 legis
447 3321 543 3379 civilis
556 3321 733 3396 probabilius
747 3325 792 3379 est
807 3325 880 3380 ratio
889 3324 969 3396 justa
982 3325 1011 3380 et
1024 3323 1145 3381 honesta
1158 3323 1271 3396 aliquid
1285 3339 1370 3398 supra

372 3404 477 3459 sortem
492 3403 638 3475 exigendi,
653 3404 766 3460 secluso
780 3405 867 3462 etiam
881 3419 1058 3477 quocumque
1072 3405 1130 3461 alio
1142 3403 1236 3460 titulo.

210 3549 280 3608 863.
294 3578 334 3594 -
347 3547 438 3609 Prob.
453 3552 486 3611 l⁰
503 3567 541 3610 ec
560 3551 689 3610 ratione.
712 3549 837 3612 Etenim
857 3549 967 3614 titulus
985 3549 1060 3630 legis
1080 3549 1117 3612 66
1135 3548 1237 3612 medio
1255 3548 1334 3611 illud
1352 3547 1440 3619 161111,

169 3633 252 3715 qrrod
267 3635 381 3697 seclusa
394 3635 457 3716 lege
471 3654 597 3700 usuram
616 3655 718 3718 sapere
736 3644 849 3719 posset,
863 3656 934 3701 cum
953 3639 991 3701 ad
1009 3639 1065 3701 boc
1080 3636 1210 3700 sufficiat
1230 3643 1268 3699 ut
1287 3636 1443 3718 legislator

170 3723 344 3784 auc‘tarium
359 3741 452 3804 supra
466 3731 579 3788 sortem
589 3727 709 3807 justum
723 3745 758 3789 ac
771 3726 945 3807 legitimum
955 3727 1053 3790 166161.
1064 3726 1158 3808 Atqui
1169 3743 1216 3788 res
1227 3725 1274 3788 ita
1288 3743 1321 3789 se
1332 3725 1439 3798 babet;

170 3828 305 3892 namque
319 3811 352 3874 id
364 3830 436 3874 eum
450 3818 481 3875 et
491 3833 599 3895 posse,
614 3817 644 3877 61
659 3815 748 3888 velle,
766 3834 800 3878 ac
813 3815 938 3896 proinde
952 3816 1046 3880 etiam
1059 3815 1165 3889 iacere,
1179 3813 1296 3896 liquido
1311 3818 1440 3877 constat.

211 3904 243 3962 t⁰
255 3899 367 3962 Potest.
384 3905 461 3965 Nam
475 3901 508 3964 ri
521 3903 579 3964 alti
594 3903 724 3965 dominii
743 3910 841 3984 potest
859 3905 1015 3986 Princeps,
1031 3904 1205 3986 postulante
1218 3903 1251 3966 id
1264 3903 1346 3966 bono
1362 3919 1442 3966 com-

170 3988 272 4062 muni,
287 3989 985 4071 611666166666661166666666616611661,
1001 4011 1055 4056 seu
1070 3992 1103 4055 in
1119 3991 1303 4073 Reipublicae
1324 3989 1444 4054 6111116-

169 4083 235 4141 tem
255 4079 432 4156 transferre,
449 4087 504 4143 aut
522 4081 646 4155 saltem,
663 4088 698 4144 61
717 4100 822 4145 omnes
840 4082 986 4156 fatentur,
1000 4082 1150 4164 imperare
1170 4085 1283 4162 potest,
1305 4087 1344 4144 61
1360 4097 1443 4142 unus

172 4167 261 4230 alteri
273 4165 390 4249 aliquid
404 4169 490 4232 cedat
506 4170 543 4232 de
556 4169 644 4234 bonis
656 4169 740 4234 suis:
758 4171 815 4247 sic,
834 4191 866 4237 u.
880 4191 939 4253 gr„
952 4175 1035 4254 juste
1049 4171 1181 4244 tributa,
1197 4169 1294 4234 etiam
1304 4169 1442 4251 quando

171 4273 231 4336 que
245 4257 495 4334 extraordinaria,
512 4259 560 4322 vel
575 4277 737 4340 operarum
751 4263 940 4326 moderatam
954 4260 1181 4342 prestationem
1191 4257 1335 4340 requirit.
1345 4261 1442 4335 Quare

171 4365 241 4426 ergo
251 4366 313 4410 666
328 4348 440 4428 poterit
458 4349 590 4414 subditis
599 4355 653 4434 Jus
666 4352 825 4416 concedere
834 4381 845 4425 ‚·
857 4354 907 4425 61,
923 4350 996 4414 boni
1012 4349 1185 4414 communis
1202 4367 1310 4424 causa,
1325 4345 1443 4429 aliquid

171 4451 189 4493 a
212 4451 243 4493 se
267 4433 415 4508 inuicem,
436 4456 467 4497 v.
483 4455 542 4516 gr„
559 4441 731 4505 auctarium
751 4439 959 4514 moderatum,
979 4458 1041 4502 666
1063 4457 1101 4502 ex
1120 4443 1230 4504 mutuo
1249 4438 1298 4502 rel
1318 4441 1447 4518 propter
