3168 5002
277 897 535 1013 SERIES
577 897 1176 1024 CHRONOLOGICl

355 1178 725 1258 PROPOSITIONUM
751 1180 1070 1260 DAMNATARUM

129 1411 169 1456 ns
191 1409 280 1458 nuno
305 1387 394 1456 1418
414 1407 547 1456 comana
569 1406 724 1455 rosunum
747 1406 970 1472 adunamus,
995 1411 1040 1459 nn
1064 1412 1183 1462 nurus
1207 1394 1295 1462 1864

432 1521 564 1570 corsuna
586 1519 818 1570 ascnurronss
838 1522 990 1572 annonas

606 1779 812 1796 ὴ

650 1995 737 2052 NUM.
758 1997 770 2051 Ι

153 2121 281 2180 Articuli
294 2121 342 2192 45,
356 2121 488 2180 loconis
507 2121 651 2195 Wiolesfi,
666 2121 806 2179 domnoli
823 2141 858 2179 m
874 2123 1009 2182 Concilio
1025 2123 1266 2193 Constantiano,

497 2202 636 2260 Sossiono
648 2203 731 2272 XLV,
745 2219 827 2261 anno
840 2202 920 2261 1418.

114 2332 140 2387 l.
161 2331 326 2390 Substantia
341 2332 426 2406 panis
447 2330 606 2389 materialis
620 2330 649 2388 et
667 2329 802 2389 similiter
819 2332 981 2390 substantia
994 2332 1054 2391 vini
1071 2333 1232 2390 materialis
1248 2349 1344 2391 rema-

85 2413 150 2468 nent
163 2413 194 2468 in
209 2415 389 2470 sacramento
403 2412 512 2469 altaris.

112 2499 139 2554 2.
160 2499 323 2557 decidentia
334 2499 419 2574 panis
434 2514 491 2556 nou
505 2499 623 2555 mouent
637 2499 701 2556 sine
717 2500 845 2572 subiecto
860 2501 890 2557 iu
904 2499 1002 2558 eodem
1019 2502 1212 2558 sacramento.

113 2586 137 2642 3.
156 2587 288 2646 Christus
304 2603 362 2645 nou
374 2587 419 2644 est
438 2587 468 2644 in
485 2586 585 2645 eodem
604 2589 787 2644 sacramento
808 2587 933 2645 idoulice
953 2590 981 2645 et
999 2588 1115 2646 realiter
1133 2589 1249 2664 propria
1269 2604 1344 2661 prae-

84 2668 166 2724 sentia
179 2667 332 2742 corporali.

110 2755 135 2811 l.
154 2756 184 2813 si
202 2755 359 2830 opiscopus
378 2755 423 2812 rel
446 2755 580 2813 sacerdos
600 2755 707 2810 existat
723 2755 755 2812 in
773 2755 888 2830 peccato
911 2755 1038 2826 mortali,
1064 2771 1121 2812 nou
1142 2755 1268 2826 ordinat;
1287 2771 1344 2813 nou

84 2835 233 2906 consecrat,
249 2851 310 2893 non
324 2835 453 2905 conficit,
469 2852 526 2893 non
541 2834 676 2908 baptizat.

111 2922 134 2978 5.
152 2926 211 2980 Nou
225 2925 276 2982 est
288 2922 437 2981 laudatum
452 2923 483 2979 in
495 2921 662 2994 Evangelio,
679 2921 755 2996 quod
769 2919 898 2980 Christus
912 2921 1030 2980 Missam
1045 2921 1230 2980 ordinaverit.

111 3009 133 3066 6.
152 3013 226 3069 Deus
238 3011 328 3069 dehet
337 3011 456 3069 obedire
469 3009 594 3068 diaholo.

83 3097 134 3230 fii.
152 3099 181 3156 si
195 3099 285 3157 homo
300 3098 386 3156 luerit
400 3098 498 3156 debite
512 3097 667 3170 contritus,
680 3098 774 3155 omnis
794 3098 942 3157 confessio
963 3097 1085 3155 exterior
1104 3099 1151 3155 est
1169 3097 1224 3154 sibl
1244 3115 1343 3172 super-

100 3193 130 3233 aa
141 3180 168 3236 et
182 3179 312 3237 inutilis.

109 3264 132 3320 8.
151 3268 181 3324 Si
195 3269 276 3341 Papa
289 3267 328 3323 sit
341 3267 492 3341 praeseitus
504 3267 533 3323 et
544 3265 652 3335 malus,
668 3265 696 3323 et
707 3281 758 3340 per
775 3281 954 3339 consequens
970 3266 1129 3323 membrum
1147 3265 1268 3335 diaboli,
1285 3281 1342 3322 non

80 3341 151 3403 hahet
164 3347 338 3422 potestatem
354 3363 440 3422 super
455 3346 557 3403 fideles
574 3345 632 3404 sihi
648 3345 794 3419 abaliquo
809 3346 920 3416 datam,
935 3345 994 3404 uisi
1007 3346 1079 3404 torte
1093 3363 1110 3404 a
1125 3347 1243 3404 Caesaro.

108 3431 129 3488 9.
148 3435 213 3492 Post
233 3433 385 3492 Urbanum
404 3436 440 3494 VI
459 3449 516 3491 non
530 3435 573 3490 est
593 3433 702 3507 aliquis
723 3433 905 3508 recipiendus
926 3433 957 3490 iu
975 3435 1096 3508 Papam,
1119 3433 1169 3490 sed
1188 3431 1340 3490 vivendum

21 3515 24 3530 '
81 3512 116 3567 est
128 3529 201 3572 more
215 3516 384 3573 Graeeorum
397 3513 451 3571 sub
465 3513 577 3585 legibus
594 3514 726 3588 propriis.
837 3571 839 3574 .

93 3600 145 3688 ⁸ld.
165 3601 271 3660 Contra
293 3602 468 3676 scripturam
489 3616 600 3658 oacrum
619 3601 680 3670 est,
703 3599 778 3672 quod
799 3601 855 3657 viri
872 3599 1061 3658 ecclesiastici
1081 3600 1207 3658 habeant
1223 3612 1339 3672 posses-

80 3693 172 3739 srones.

106 3767 144 3825 ll.
162 3770 272 3829 Nullus
295 3768 435 3826 Praelatus
460 3768 545 3826 dohet
562 3765 687 3840 aliquem
713 3767 974 3836 excommunicare,
1001 3767 1060 3824 nisi
1081 3768 1161 3844 prius
1184 3765 1255 3824 sciat
1273 3779 1339 3822 eum

79 3849 346 3908 excommunicatum
368 3865 385 3905 a
405 3851 483 3906 Deo:
500 3849 529 3906 ot
551 3848 600 3921 qui
623 3848 664 3904 sio
685 3847 925 3917 excommunicat,
942 3847 975 3904 lit
993 3865 1028 3905 ex
1049 3848 1102 3906 hoc
1122 3845 1273 3904 haereticus
1292 3843 1339 3902 vel

78 3929 341 3987 excommunicatus.

103 4013 143 4072 ll.
162 4016 305 4075 Praelatus
318 4017 567 4074 excommunicans
582 4014 718 4073 clericum
733 4015 783 4089 qui
796 4014 953 4090 appellavit
970 4015 1006 4072 ad
1030 4029 1126 4086 regem
1146 4011 1192 4068 vel
1212 4012 1248 4070 ad
1264 4013 1337 4072 Con-

76 4091 161 4152 silium
175 4097 275 4170 regui,
292 4111 326 4154 eo
339 4097 402 4171 ipso
417 4096 535 4154 traditor
549 4097 594 4154 est
608 4096 685 4169 regis
700 4097 729 4154 et
743 4096 834 4169 regui.

101 4181 139 4240 13.
159 4183 208 4241 llli
225 4185 277 4258 qui
294 4183 443 4241 dimittunt
462 4183 617 4258 praedioare
635 4185 697 4242 sire
714 4183 814 4241 audire
833 4183 951 4241 verbum
966 4183 1019 4240 Dei
1040 4181 1155 4254 proptor
1171 4196 1336 4239 excommu-

21 4249 24 4278 '
75 4259 239 4391 plectionem
253 4263 416 4336 homiuum,
431 4264 499 4322 sunt
514 4264 767 4335 exeommunicati,
784 4265 813 4321 et
827 4264 857 4320 in
877 4263 930 4322 Dei
945 4262 1055 4337 judicio
1071 4261 1220 4319 traditores
1245 4261 1335 4318 habe-

90 4344 245 4490 uppuriioet
261 4432 348 4492 alicui
368 4435 486 4493 diacono
503 4433 550 4493 rel
567 4433 734 4508 presbytero
747 4431 904 4507 praedicare
918 4428 1037 4488 verbum
1051 4428 1102 4488 Dei
1116 4429 1225 4504 absque
1240 4429 1336 4488 aucto·

76 4507 146 4570 ritate
158 4511 247 4572 Sedis
261 4513 426 4590 apostolieae
438 4515 500 4574 sive
515 4512 649 4589 Episcopi
661 4511 804 4572 catholici.
