<?xml version="1.0" encoding="UTF-8"?>
<!DOCTYPE html PUBLIC "-//W3C//DTD XHTML 1.0 Transitional//EN"
    "http://www.w3.org/TR/xhtml1/DTD/xhtml1-transitional.dtd">
<html xmlns="http://www.w3.org/1999/xhtml" xml:lang="en" lang="en">
 <head>
  <title>
</title>
<meta http-equiv="Content-Type" content="text/html;charset=utf-8" />
  <meta name='ocr-system' content='tesseract 3.04.00' />
  <meta name='ocr-capabilities' content='ocr_page ocr_carea ocr_par ocr_line ocrx_word'/>
</head>
<body>
  <div class='ocr_page' id='page_1' title='image "./compendiumtheol02gurygoog_0505.png"; bbox 0 0 3136 5034; ppageno 0'>
   <div class='ocr_carea' id='block_1_1' title="bbox 34 4223 47 4505">
    <p class='ocr_par' dir='ltr' id='par_1_1' title="bbox 34 4211 47 4505">
     <span class='ocr_line' id='line_1_1' title="bbox 34 4223 47 4505; baseline 0 0"><span class='ocrx_word' id='word_1_1' title='bbox 34 4223 47 4505; x_wconf 47' lang='lat'><em>¹:</em></span> 
     </span>
    </p>
   </div>
   <div class='ocr_carea' id='block_1_2' title="bbox 168 155 910 260">
    <p class='ocr_par' dir='ltr' id='par_1_2' title="bbox 168 155 910 260">
     <span class='ocr_line' id='line_1_2' title="bbox 168 155 910 260; baseline -0.001 -11"><span class='ocrx_word' id='word_1_2' title='bbox 168 197 238 260; x_wconf 66' lang='lat'><em>488</em></span> <span class='ocrx_word' id='word_1_3' title='bbox 389 155 399 177; x_wconf 58' lang='lat'>⁸</span> <span class='ocrx_word' id='word_1_4' title='bbox 698 202 910 248; x_wconf 76' lang='lat' dir='ltr'><em>rnrcrsros</em></span> 
     </span>
    </p>
   </div>
   <div class='ocr_carea' id='block_1_3' title="bbox 168 312 1554 4557">
    <p class='ocr_par' dir='ltr' id='par_1_3' title="bbox 168 312 1450 490">
     <span class='ocr_line' id='line_1_3' title="bbox 168 312 1450 398; baseline -0.005 -14"><span class='ocrx_word' id='word_1_5' title='bbox 168 321 241 384; x_wconf 90' lang='lat' dir='ltr'><em>inde</em></span> <span class='ocrx_word' id='word_1_6' title='bbox 256 318 429 382; x_wconf 75' lang='lat' dir='ltr'>naturalem</span> <span class='ocrx_word' id='word_1_7' title='bbox 447 335 569 398; x_wconf 87' lang='lat' dir='ltr'><em>quoque</em></span> <span class='ocrx_word' id='word_1_8' title='bbox 582 315 798 396; x_wconf 78' lang='lat' dir='ltr'>obligationem</span> <span class='ocrx_word' id='word_1_9' title='bbox 818 317 992 376; x_wconf 90' lang='lat' dir='ltr'><em>contractus</em></span> <span class='ocrx_word' id='word_1_10' title='bbox 1011 312 1093 376; x_wconf 92' lang='lat' dir='ltr'><em>irriti</em></span> <span class='ocrx_word' id='word_1_11' title='bbox 1113 312 1228 377; x_wconf 88' lang='lat' dir='ltr'><em>infore</em></span> <span class='ocrx_word' id='word_1_12' title='bbox 1250 317 1381 376; x_wconf 85' lang='lat' dir='ltr'><em>externo</em></span> <span class='ocrx_word' id='word_1_13' title='bbox 1401 315 1450 392; x_wconf 84' lang='lat' dir='ltr'><em>lex</em></span> 
     </span>
     <span class='ocr_line' id='line_1_4' title="bbox 169 403 1034 490; baseline -0.012 -17"><span class='ocrx_word' id='word_1_14' title='bbox 169 411 270 472; x_wconf 89' lang='lat' dir='ltr'><em>tollere</em></span> <span class='ocrx_word' id='word_1_15' title='bbox 283 412 382 490; x_wconf 86' lang='lat' dir='ltr'><em>potest</em></span> <span class='ocrx_word' id='word_1_16' title='bbox 395 413 426 469; x_wconf 89' lang='lat' dir='ltr'><em>et</em></span> <span class='ocrx_word' id='word_1_17' title='bbox 437 405 535 468; x_wconf 92' lang='lat' dir='ltr'><em>debet.</em></span> <span class='ocrx_word' id='word_1_18' title='bbox 553 441 592 450; x_wconf 91' lang='lat'><em>-</em></span> <span class='ocrx_word' id='word_1_19' title='bbox 605 405 740 480; x_wconf 86' lang='lat' dir='ltr'><em>Lessius,</em></span> <span class='ocrx_word' id='word_1_20' title='bbox 756 403 779 466; x_wconf 90' lang='lat' dir='ltr'><em>l.</em></span> <span class='ocrx_word' id='word_1_21' title='bbox 796 404 838 478; x_wconf 91' lang='lat' dir='ltr'><em>ll,</em></span> <span class='ocrx_word' id='word_1_22' title='bbox 852 423 878 464; x_wconf 91' lang='lat' dir='ltr'><em>c.</em></span> <span class='ocrx_word' id='word_1_23' title='bbox 894 420 963 478; x_wconf 78' lang='lat' dir='ltr'><em>sur,</em></span> <span class='ocrx_word' id='word_1_24' title='bbox 977 409 1034 464; x_wconf 84' lang='lat' dir='ltr'><em>etc.</em></span> 
     </span>
    </p>

    <p class='ocr_par' dir='ltr' id='par_1_4' title="bbox 169 489 1516 932">
     <span class='ocr_line' id='line_1_5' title="bbox 209 489 1449 572; baseline -0.003 -12"><span class='ocrx_word' id='word_1_25' title='bbox 209 497 279 561; x_wconf 81' lang='lat'><em>111·</em></span> <span class='ocrx_word' id='word_1_26' title='bbox 298 496 458 558; x_wconf 82' lang='lat' dir='ltr'><em>Sententia</em></span> <span class='ocrx_word' id='word_1_27' title='bbox 468 497 565 568; x_wconf 90' lang='lat' dir='ltr'><em>tenet,</em></span> <span class='ocrx_word' id='word_1_28' title='bbox 578 494 612 555; x_wconf 94' lang='lat' dir='ltr'><em>in</em></span> <span class='ocrx_word' id='word_1_29' title='bbox 626 492 676 555; x_wconf 90' lang='lat' dir='ltr'><em>his</em></span> <span class='ocrx_word' id='word_1_30' title='bbox 690 491 896 555; x_wconf 89' lang='lat' dir='ltr'><em>contractibus</em></span> <span class='ocrx_word' id='word_1_31' title='bbox 909 489 1133 572; x_wconf 77' lang='lat' dir='ltr'><em>preterendum</em></span> <span class='ocrx_word' id='word_1_32' title='bbox 1147 509 1211 554; x_wconf 87' lang='lat' dir='ltr'><em>esse</em></span> <span class='ocrx_word' id='word_1_33' title='bbox 1224 509 1449 572; x_wconf 86' lang='lat' dir='ltr'><em>possessorem,</em></span> 
     </span>
     <span class='ocr_line' id='line_1_6' title="bbox 170 577 1516 667; baseline -0.007 -17"><span class='ocrx_word' id='word_1_34' title='bbox 170 588 264 650; x_wconf 90' lang='lat' dir='ltr'><em>donec</em></span> <span class='ocrx_word' id='word_1_35' title='bbox 274 603 329 667; x_wconf 90' lang='lat' dir='ltr'><em>per</em></span> <span class='ocrx_word' id='word_1_36' title='bbox 341 582 526 647; x_wconf 74' lang='lat' dir='ltr'><strong>sententiam</strong></span> <span class='ocrx_word' id='word_1_37' title='bbox 536 581 649 664; x_wconf 88' lang='lat' dir='ltr'><em>judicis</em></span> <span class='ocrx_word' id='word_1_38' title='bbox 664 582 887 644; x_wconf 82' lang='lat' dir='ltr'><strong>condemnetur</strong></span> <span class='ocrx_word' id='word_1_39' title='bbox 901 580 939 642; x_wconf 92' lang='lat' dir='ltr'><em>ad</em></span> <span class='ocrx_word' id='word_1_40' title='bbox 950 579 1187 643; x_wconf 90' lang='lat' dir='ltr'><em>restituendum.</em></span> <span class='ocrx_word' id='word_1_41' title='bbox 1203 579 1308 642; x_wconf 86' lang='lat' dir='ltr'><em>—Ito</em></span> <span class='ocrx_word' id='word_1_42' title='bbox 1321 581 1361 643; x_wconf 88' lang='lat' dir='ltr'><em>S.</em></span> <span class='ocrx_word' id='word_1_43' title='bbox 1378 583 1448 664; x_wconf 69' lang='lat' dir='ltr'><em>Ltp.</em></span> <span class='ocrx_word' id='word_1_44' title='bbox 1515 577 1516 580; x_wconf 72' lang='grc'>’</span> 
     </span>
     <span class='ocr_line' id='line_1_7' title="bbox 169 667 1451 750; baseline -0.004 -14"><span class='ocrx_word' id='word_1_45' title='bbox 169 697 201 736; x_wconf 93' lang='lat' dir='ltr'><em>n.</em></span> <span class='ocrx_word' id='word_1_46' title='bbox 216 680 290 749; x_wconf 83' lang='grc'><strong>711,</strong></span> <span class='ocrx_word' id='word_1_47' title='bbox 307 673 362 736; x_wconf 90' lang='lat' dir='ltr'><em>ubi</em></span> <span class='ocrx_word' id='word_1_48' title='bbox 382 671 484 746; x_wconf 87' lang='lat' dir='ltr'><em>addit,</em></span> <span class='ocrx_word' id='word_1_49' title='bbox 500 668 592 732; x_wconf 87' lang='lat' dir='ltr'><em>Hanc</em></span> <span class='ocrx_word' id='word_1_50' title='bbox 610 669 788 732; x_wconf 81' lang='lat' dir='ltr'><em>sententium</em></span> <span class='ocrx_word' id='word_1_51' title='bbox 800 688 859 730; x_wconf 86' lang='lat' dir='ltr'><em>esse</em></span> <span class='ocrx_word' id='word_1_52' title='bbox 874 668 906 730; x_wconf 86' lang='grc' dir='ltr'><em>ιἰι</em></span> <span class='ocrx_word' id='word_1_53' title='bbox 918 672 1013 750; x_wconf 78' lang='lat' dir='ltr'><em>prosi</em></span> <span class='ocrx_word' id='word_1_54' title='bbox 1030 667 1152 730; x_wconf 84' lang='lat' dir='ltr'><em>omnino</em></span> <span class='ocrx_word' id='word_1_55' title='bbox 1171 669 1348 744; x_wconf 76' lang='lat' dir='ltr'><em>teueudurn,</em></span> <span class='ocrx_word' id='word_1_56' title='bbox 1364 690 1405 732; x_wconf 79' lang='lat' dir='ltr'><em>eu</em></span> <span class='ocrx_word' id='word_1_57' title='bbox 1417 691 1451 734; x_wconf 88' lang='lat' dir='ltr'><em>eo</em></span> 
     </span>
     <span class='ocr_line' id='line_1_8' title="bbox 171 758 1452 846; baseline -0.005 -21"><span class='ocrx_word' id='word_1_58' title='bbox 171 762 264 846; x_wconf 88' lang='lat' dir='ltr'><em>quod,</em></span> <span class='ocrx_word' id='word_1_59' title='bbox 278 782 344 825; x_wconf 88' lang='lat' dir='ltr'><em>cum</em></span> <span class='ocrx_word' id='word_1_60' title='bbox 363 763 507 844; x_wconf 77' lang='lat' dir='ltr'><em>possessio</em></span> <span class='ocrx_word' id='word_1_61' title='bbox 518 761 570 841; x_wconf 84' lang='lat' dir='ltr'><em>jus</em></span> <span class='ocrx_word' id='word_1_62' title='bbox 581 767 695 820; x_wconf 85' lang='lat' dir='ltr'><em>certum</em></span> <span class='ocrx_word' id='word_1_63' title='bbox 713 758 842 834; x_wconf 83' lang='lat' dir='ltr'><em>tribuat,</em></span> <span class='ocrx_word' id='word_1_64' title='bbox 859 760 963 840; x_wconf 87' lang='lat' dir='ltr'><em>nequit</em></span> <span class='ocrx_word' id='word_1_65' title='bbox 972 775 1124 840; x_wconf 86' lang='lat' dir='ltr'><em>possessor</em></span> <span class='ocrx_word' id='word_1_66' title='bbox 1136 775 1168 819; x_wconf 85' lang='lat' dir='ltr'><em>re</em></span> <span class='ocrx_word' id='word_1_67' title='bbox 1183 758 1371 840; x_wconf 74' lang='lat' dir='ltr'><em>exspoliari,</em></span> <span class='ocrx_word' id='word_1_68' title='bbox 1391 763 1452 820; x_wconf 83' lang='lat' dir='ltr'><em>nisi</em></span> 
     </span>
     <span class='ocr_line' id='line_1_9' title="bbox 170 848 566 932; baseline -0.003 -19"><span class='ocrx_word' id='word_1_69' title='bbox 170 859 280 914; x_wconf 82' lang='lat' dir='ltr'><em>constet</em></span> <span class='ocrx_word' id='word_1_70' title='bbox 290 850 411 932; x_wconf 85' lang='lat' dir='ltr'><em>dejure</em></span> <span class='ocrx_word' id='word_1_71' title='bbox 425 848 566 912; x_wconf 85' lang='lat' dir='ltr'><em>ulterius.</em></span> 
     </span>
    </p>

    <p class='ocr_par' dir='ltr' id='par_1_5' title="bbox 209 935 1163 1018">
     <span class='ocr_line' id='line_1_10' title="bbox 209 935 1163 1018; baseline -0.007 -15"><span class='ocrx_word' id='word_1_72' title='bbox 209 945 327 1004; x_wconf 72' lang='lat' dir='ltr'><em>&#39;lst—</em></span> <span class='ocrx_word' id='word_1_73' title='bbox 340 939 440 1014; x_wconf 76' lang='lat' dir='ltr'><em>Qonn.</em></span> <span class='ocrx_word' id='word_1_74' title='bbox 456 943 487 1001; x_wconf 87' lang='grc'><em>30</em></span> <span class='ocrx_word' id='word_1_75' title='bbox 502 937 655 1013; x_wconf 83' lang='lat' dir='ltr'><em>Quomodo</em></span> <span class='ocrx_word' id='word_1_76' title='bbox 671 946 759 999; x_wconf 81' lang='lat' dir='ltr'><em>cesset</em></span> <span class='ocrx_word' id='word_1_77' title='bbox 774 935 924 1018; x_wconf 76' lang='lat' dir='ltr'><em>obligatio</em></span> <span class='ocrx_word' id='word_1_78' title='bbox 938 937 1163 998; x_wconf 79' lang='lat' dir='ltr'><em>contractuum?</em></span> 
     </span>
    </p>

    <p class='ocr_par' dir='ltr' id='par_1_6' title="bbox 171 1023 1449 1270">
     <span class='ocr_line' id='line_1_11' title="bbox 209 1023 1449 1110; baseline -0.002 -19"><span class='ocrx_word' id='word_1_79' title='bbox 209 1029 315 1110; x_wconf 78' lang='lat' dir='ltr'><em>Resp:</em></span> <span class='ocrx_word' id='word_1_80' title='bbox 324 1027 473 1107; x_wconf 76' lang='lat' dir='ltr'><em>obligatio</em></span> <span class='ocrx_word' id='word_1_81' title='bbox 492 1031 705 1090; x_wconf 81' lang='lat' dir='ltr'><em>contractuum</em></span> <span class='ocrx_word' id='word_1_82' title='bbox 721 1031 838 1088; x_wconf 88' lang='lat' dir='ltr'><em>cessat:</em></span> <span class='ocrx_word' id='word_1_83' title='bbox 856 1030 888 1087; x_wconf 98' lang='grc'><em>10</em></span> <span class='ocrx_word' id='word_1_84' title='bbox 903 1026 959 1086; x_wconf 90' lang='lat' dir='ltr'><em>Por</em></span> <span class='ocrx_word' id='word_1_85' title='bbox 974 1023 1150 1106; x_wconf 78' lang='lat' dir='ltr'><em>solutionem</em></span> <span class='ocrx_word' id='word_1_86' title='bbox 1158 1071 1168 1106; x_wconf 88' lang='lat'><em>,</em></span> <span class='ocrx_word' id='word_1_87' title='bbox 1182 1044 1235 1088; x_wconf 88' lang='lat' dir='ltr'><em>seu</em></span> <span class='ocrx_word' id='word_1_88' title='bbox 1254 1043 1310 1105; x_wconf 91' lang='lat' dir='ltr'><em>per</em></span> <span class='ocrx_word' id='word_1_89' title='bbox 1319 1035 1449 1108; x_wconf 81' lang='lat' dir='ltr'><em>proestn-</em></span> 
     </span>
     <span class='ocr_line' id='line_1_12' title="bbox 171 1113 1449 1199; baseline -0.002 -19"><span class='ocrx_word' id='word_1_90' title='bbox 171 1122 280 1180; x_wconf 85' lang='lat' dir='ltr'><em>tionem</em></span> <span class='ocrx_word' id='word_1_91' title='bbox 299 1115 462 1198; x_wconf 87' lang='lat' dir='ltr'><em>cujuslibet</em></span> <span class='ocrx_word' id='word_1_92' title='bbox 480 1115 525 1178; x_wconf 90' lang='lat' dir='ltr'><em>rei</em></span> <span class='ocrx_word' id='word_1_93' title='bbox 545 1115 670 1190; x_wconf 79' lang='lat' dir='ltr'><em>debite,</em></span> <span class='ocrx_word' id='word_1_94' title='bbox 688 1119 742 1177; x_wconf 90' lang='lat' dir='ltr'><em>aut</em></span> <span class='ocrx_word' id='word_1_95' title='bbox 759 1113 853 1176; x_wconf 90' lang='lat' dir='ltr'><em>etiam</em></span> <span class='ocrx_word' id='word_1_96' title='bbox 871 1131 925 1199; x_wconf 87' lang='lat' dir='ltr'><em>per</em></span> <span class='ocrx_word' id='word_1_97' title='bbox 942 1113 1160 1176; x_wconf 76' lang='lat' dir='ltr'><em>exsecutionem</em></span> <span class='ocrx_word' id='word_1_98' title='bbox 1173 1113 1282 1195; x_wconf 85' lang='lat' dir='ltr'><em>objecti</em></span> <span class='ocrx_word' id='word_1_99' title='bbox 1303 1115 1449 1195; x_wconf 81' lang='lat' dir='ltr'><em>promissi</em></span> 
     </span>
     <span class='ocr_line' id='line_1_13' title="bbox 171 1203 434 1270; baseline -0.023 0"><span class='ocrx_word' id='word_1_100' title='bbox 171 1212 225 1270; x_wconf 93' lang='lat' dir='ltr'><em>aut</em></span> <span class='ocrx_word' id='word_1_101' title='bbox 238 1205 312 1270; x_wconf 87' lang='lat' dir='ltr'><em>alias</em></span> <span class='ocrx_word' id='word_1_102' title='bbox 326 1203 434 1268; x_wconf 90' lang='lat' dir='ltr'><em>debiti.</em></span> 
     </span>
    </p>

    <p class='ocr_par' dir='ltr' id='par_1_7' title="bbox 170 1291 1448 1642">
     <span class='ocr_line' id='line_1_14' title="bbox 209 1291 1447 1378; baseline -0.002 -20"><span class='ocrx_word' id='word_1_103' title='bbox 209 1300 244 1358; x_wconf 74' lang='lat'><em>2⁰</em></span> <span class='ocrx_word' id='word_1_104' title='bbox 256 1299 311 1358; x_wconf 91' lang='lat' dir='ltr'><em>Per</em></span> <span class='ocrx_word' id='word_1_105' title='bbox 324 1293 524 1362; x_wconf 84' lang='lat' dir='ltr'><em>uocationem,</em></span> <span class='ocrx_word' id='word_1_106' title='bbox 542 1311 595 1356; x_wconf 89' lang='lat' dir='ltr'><em>seu</em></span> <span class='ocrx_word' id='word_1_107' title='bbox 610 1291 863 1355; x_wconf 83' lang='lat' dir='ltr'><em>substitutionem</em></span> <span class='ocrx_word' id='word_1_108' title='bbox 875 1291 950 1378; x_wconf 83' lang='lat' dir='ltr'><em>novi</em></span> <span class='ocrx_word' id='word_1_109' title='bbox 964 1292 1062 1356; x_wconf 92' lang='lat' dir='ltr'><em>debiti</em></span> <span class='ocrx_word' id='word_1_110' title='bbox 1076 1291 1177 1356; x_wconf 88' lang='lat' dir='ltr'><em>debito</em></span> <span class='ocrx_word' id='word_1_111' title='bbox 1189 1292 1297 1365; x_wconf 79' lang='lat' dir='ltr'><em>reteri,</em></span> <span class='ocrx_word' id='word_1_112' title='bbox 1310 1295 1390 1374; x_wconf 86' lang='lat' dir='ltr'><em>quod</em></span> <span class='ocrx_word' id='word_1_113' title='bbox 1403 1293 1447 1356; x_wconf 88' lang='lat' dir='ltr'><em>sic</em></span> 
     </span>
     <span class='ocr_line' id='line_1_15' title="bbox 172 1379 1447 1464; baseline -0.002 -16"><span class='ocrx_word' id='word_1_114' title='bbox 172 1383 384 1464; x_wconf 77' lang='lat' dir='ltr'><em>exstinguitur</em></span> <span class='ocrx_word' id='word_1_115' title='bbox 393 1401 401 1443; x_wconf 80' lang='lat' dir='ltr'><strong><em>z</em></strong></span> <span class='ocrx_word' id='word_1_116' title='bbox 410 1401 441 1444; x_wconf 89' lang='lat' dir='ltr'><em>v.</em></span> <span class='ocrx_word' id='word_1_117' title='bbox 452 1399 511 1462; x_wconf 90' lang='lat' dir='ltr'><em>gr.,</em></span> <span class='ocrx_word' id='word_1_118' title='bbox 523 1380 651 1462; x_wconf 84' lang='lat' dir='ltr'><em>promisi</em></span> <span class='ocrx_word' id='word_1_119' title='bbox 660 1380 717 1443; x_wconf 92' lang='lat' dir='ltr'><em>tibi</em></span> <span class='ocrx_word' id='word_1_120' title='bbox 730 1381 800 1442; x_wconf 90' lang='lat' dir='ltr'><em>dare</em></span> <span class='ocrx_word' id='word_1_121' title='bbox 815 1379 945 1460; x_wconf 87' lang='lat' dir='ltr'><em>singulis</em></span> <span class='ocrx_word' id='word_1_122' title='bbox 959 1381 1051 1443; x_wconf 90' lang='lat' dir='ltr'><em>annis</em></span> <span class='ocrx_word' id='word_1_123' title='bbox 1061 1381 1164 1444; x_wconf 89' lang='lat' dir='ltr'><em>decem</em></span> <span class='ocrx_word' id='word_1_124' title='bbox 1174 1379 1240 1442; x_wconf 90' lang='lat' dir='ltr'><em>vini</em></span> <span class='ocrx_word' id='word_1_125' title='bbox 1252 1380 1353 1457; x_wconf 89' lang='lat' dir='ltr'><em>dolia;</em></span> <span class='ocrx_word' id='word_1_126' title='bbox 1365 1401 1447 1445; x_wconf 88' lang='lat' dir='ltr'><em>nunc</em></span> 
     </span>
     <span class='ocr_line' id='line_1_16' title="bbox 171 1468 1448 1550; baseline -0.002 -14"><span class='ocrx_word' id='word_1_127' title='bbox 171 1472 315 1536; x_wconf 86' lang='lat' dir='ltr'><em>convenio</em></span> <span class='ocrx_word' id='word_1_128' title='bbox 330 1475 443 1544; x_wconf 89' lang='lat' dir='ltr'><em>tecum,</em></span> <span class='ocrx_word' id='word_1_129' title='bbox 453 1476 491 1532; x_wconf 92' lang='lat' dir='ltr'><em>ut</em></span> <span class='ocrx_word' id='word_1_130' title='bbox 499 1469 611 1532; x_wconf 86' lang='lat' dir='ltr'><em>vinum</em></span> <span class='ocrx_word' id='word_1_131' title='bbox 622 1469 756 1550; x_wconf 88' lang='lat' dir='ltr'><em>amplius</em></span> <span class='ocrx_word' id='word_1_132' title='bbox 770 1468 841 1530; x_wconf 90' lang='lat' dir='ltr'><em>dare</em></span> <span class='ocrx_word' id='word_1_133' title='bbox 854 1486 918 1530; x_wconf 91' lang='lat' dir='ltr'><em>non</em></span> <span class='ocrx_word' id='word_1_134' title='bbox 932 1472 1046 1545; x_wconf 81' lang='lat' dir='ltr'><em>tenear,</em></span> <span class='ocrx_word' id='word_1_135' title='bbox 1059 1471 1111 1533; x_wconf 92' lang='lat' dir='ltr'><em>sed</em></span> <span class='ocrx_word' id='word_1_136' title='bbox 1122 1469 1205 1531; x_wconf 90' lang='lat' dir='ltr'><em>mille</em></span> <span class='ocrx_word' id='word_1_137' title='bbox 1218 1469 1341 1533; x_wconf 80' lang='lat' dir='ltr'><em>truncos</em></span> <span class='ocrx_word' id='word_1_138' title='bbox 1354 1490 1361 1532; x_wconf 95' lang='lat'>:</span> <span class='ocrx_word' id='word_1_139' title='bbox 1373 1470 1448 1533; x_wconf 92' lang='lat' dir='ltr'><em>obli-</em></span> 
     </span>
     <span class='ocr_line' id='line_1_17' title="bbox 170 1557 808 1642; baseline -0.005 -19"><span class='ocrx_word' id='word_1_140' title='bbox 170 1559 252 1642; x_wconf 84' lang='lat' dir='ltr'><em>gatio</em></span> <span class='ocrx_word' id='word_1_141' title='bbox 267 1558 361 1622; x_wconf 89' lang='lat' dir='ltr'><em>dandi</em></span> <span class='ocrx_word' id='word_1_142' title='bbox 375 1558 487 1622; x_wconf 90' lang='lat' dir='ltr'><em>vinum</em></span> <span class='ocrx_word' id='word_1_143' title='bbox 501 1563 576 1621; x_wconf 91' lang='lat' dir='ltr'><em>tunc</em></span> <span class='ocrx_word' id='word_1_144' title='bbox 590 1557 808 1637; x_wconf 81' lang='lat' dir='ltr'><em>exstinguitur.</em></span> 
     </span>
    </p>

    <p class='ocr_par' dir='ltr' id='par_1_8' title="bbox 170 1646 1451 1980">
     <span class='ocr_line' id='line_1_18' title="bbox 211 1646 1449 1728; baseline -0.002 -14"><span class='ocrx_word' id='word_1_145' title='bbox 211 1654 243 1714; x_wconf 88' lang='grc'><em>30</em></span> <span class='ocrx_word' id='word_1_146' title='bbox 255 1653 311 1713; x_wconf 89' lang='lat' dir='ltr'><em>Per</em></span> <span class='ocrx_word' id='word_1_147' title='bbox 322 1646 578 1726; x_wconf 85' lang='lat' dir='ltr'><em>condonationem,</em></span> <span class='ocrx_word' id='word_1_148' title='bbox 593 1665 647 1710; x_wconf 88' lang='lat' dir='ltr'><em>seu</em></span> <span class='ocrx_word' id='word_1_149' title='bbox 659 1649 762 1709; x_wconf 91' lang='lat' dir='ltr'><em>actum</em></span> <span class='ocrx_word' id='word_1_150' title='bbox 777 1664 837 1726; x_wconf 91' lang='lat' dir='ltr'><em>quo</em></span> <span class='ocrx_word' id='word_1_151' title='bbox 850 1646 978 1709; x_wconf 88' lang='lat' dir='ltr'><em>creditor</em></span> <span class='ocrx_word' id='word_1_152' title='bbox 990 1646 1122 1710; x_wconf 85' lang='lat' dir='ltr'><em>debitori</em></span> <span class='ocrx_word' id='word_1_153' title='bbox 1137 1665 1193 1710; x_wconf 92' lang='lat' dir='ltr'><em>suo</em></span> <span class='ocrx_word' id='word_1_154' title='bbox 1205 1666 1242 1710; x_wconf 83' lang='lat' dir='ltr'><em>ex</em></span> <span class='ocrx_word' id='word_1_155' title='bbox 1255 1649 1349 1728; x_wconf 87' lang='lat' dir='ltr'><em>plena</em></span> <span class='ocrx_word' id='word_1_156' title='bbox 1359 1649 1449 1711; x_wconf 89' lang='lat' dir='ltr'><em>liber-</em></span> 
     </span>
     <span class='ocr_line' id='line_1_19' title="bbox 170 1734 1451 1817; baseline -0.002 -15"><span class='ocrx_word' id='word_1_157' title='bbox 170 1745 232 1802; x_wconf 82' lang='lat' dir='ltr'><em>tate</em></span> <span class='ocrx_word' id='word_1_158' title='bbox 245 1736 382 1800; x_wconf 89' lang='lat' dir='ltr'><em>debitum</em></span> <span class='ocrx_word' id='word_1_159' title='bbox 396 1734 539 1799; x_wconf 90' lang='lat' dir='ltr'><em>remittit.</em></span> <span class='ocrx_word' id='word_1_160' title='bbox 554 1735 689 1816; x_wconf 83' lang='lat' dir='ltr'><em>Quisque</em></span> <span class='ocrx_word' id='word_1_161' title='bbox 702 1734 787 1797; x_wconf 91' lang='lat' dir='ltr'><em>enim</em></span> <span class='ocrx_word' id='word_1_162' title='bbox 801 1735 838 1796; x_wconf 90' lang='lat' dir='ltr'><em>de</em></span> <span class='ocrx_word' id='word_1_163' title='bbox 852 1737 923 1817; x_wconf 84' lang='lat' dir='ltr'><em>jure</em></span> <span class='ocrx_word' id='word_1_164' title='bbox 937 1753 992 1798; x_wconf 89' lang='lat' dir='ltr'><em>suo</em></span> <span class='ocrx_word' id='word_1_165' title='bbox 1010 1735 1111 1798; x_wconf 88' lang='lat' dir='ltr'><em>cedere</em></span> <span class='ocrx_word' id='word_1_166' title='bbox 1127 1741 1226 1816; x_wconf 88' lang='lat' dir='ltr'><em>potest</em></span> <span class='ocrx_word' id='word_1_167' title='bbox 1241 1736 1276 1798; x_wconf 94' lang='lat' dir='ltr'><em>in</em></span> <span class='ocrx_word' id='word_1_168' title='bbox 1294 1737 1336 1798; x_wconf 90' lang='lat' dir='ltr'><em>iis</em></span> <span class='ocrx_word' id='word_1_169' title='bbox 1350 1739 1451 1800; x_wconf 92' lang='lat' dir='ltr'><em>omni-</em></span> 
     </span>
     <span class='ocr_line' id='line_1_20' title="bbox 171 1823 1450 1908; baseline -0.002 -18"><span class='ocrx_word' id='word_1_170' title='bbox 171 1829 230 1890; x_wconf 89' lang='lat' dir='ltr'><em>bus</em></span> <span class='ocrx_word' id='word_1_171' title='bbox 245 1845 313 1908; x_wconf 82' lang='lat' dir='ltr'><em>quae</em></span> <span class='ocrx_word' id='word_1_172' title='bbox 327 1826 368 1888; x_wconf 88' lang='lat' dir='ltr'><em>ad</em></span> <span class='ocrx_word' id='word_1_173' title='bbox 381 1825 498 1888; x_wconf 91' lang='lat' dir='ltr'><em>bonum</em></span> <span class='ocrx_word' id='word_1_174' title='bbox 511 1823 670 1906; x_wconf 91' lang='lat' dir='ltr'><em>publicum</em></span> <span class='ocrx_word' id='word_1_175' title='bbox 682 1841 745 1886; x_wconf 91' lang='lat' dir='ltr'><em>non</em></span> <span class='ocrx_word' id='word_1_176' title='bbox 757 1826 903 1905; x_wconf 86' lang='lat' dir='ltr'><em>spectant,</em></span> <span class='ocrx_word' id='word_1_177' title='bbox 918 1824 1058 1887; x_wconf 90' lang='lat' dir='ltr'><em>modoad</em></span> <span class='ocrx_word' id='word_1_178' title='bbox 1073 1823 1317 1887; x_wconf 90' lang='lat' dir='ltr'><em>contrahendum</em></span> <span class='ocrx_word' id='word_1_179' title='bbox 1328 1825 1450 1888; x_wconf 83' lang='lat' dir='ltr'><em>irrbnbi-</em></span> 
     </span>
     <span class='ocr_line' id='line_1_21' title="bbox 171 1913 399 1980; baseline -0.018 0"><span class='ocrx_word' id='word_1_180' title='bbox 171 1917 209 1980; x_wconf 88' lang='lat' dir='ltr'><em>lis</em></span> <span class='ocrx_word' id='word_1_181' title='bbox 220 1933 283 1979; x_wconf 89' lang='lat' dir='ltr'><em>non</em></span> <span class='ocrx_word' id='word_1_182' title='bbox 297 1913 399 1978; x_wconf 88' lang='lat' dir='ltr'><em>luerit.</em></span> 
     </span>
    </p>

    <p class='ocr_par' dir='ltr' id='par_1_9' title="bbox 171 2001 1554 2174">
     <span class='ocr_line' id='line_1_22' title="bbox 211 2001 1446 2086; baseline -0.002 -17"><span class='ocrx_word' id='word_1_183' title='bbox 211 2010 246 2069; x_wconf 86' lang='grc'><em>10</em></span> <span class='ocrx_word' id='word_1_184' title='bbox 259 2008 314 2068; x_wconf 90' lang='lat' dir='ltr'><em>Per</em></span> <span class='ocrx_word' id='word_1_185' title='bbox 328 2001 614 2086; x_wconf 84' lang='lat' dir='ltr'><em>compensationem,</em></span> <span class='ocrx_word' id='word_1_186' title='bbox 631 2022 685 2066; x_wconf 89' lang='lat' dir='ltr'><em>seu</em></span> <span class='ocrx_word' id='word_1_187' title='bbox 697 2003 800 2066; x_wconf 87' lang='lat' dir='ltr'><em>fictam</em></span> <span class='ocrx_word' id='word_1_188' title='bbox 812 2007 843 2065; x_wconf 86' lang='lat' dir='ltr'><em>et</em></span> <span class='ocrx_word' id='word_1_189' title='bbox 855 2003 1038 2084; x_wconf 89' lang='lat' dir='ltr'><em>reciprocam</em></span> <span class='ocrx_word' id='word_1_190' title='bbox 1052 2002 1249 2078; x_wconf 89' lang='lat' dir='ltr'><em>solutionem,</em></span> <span class='ocrx_word' id='word_1_191' title='bbox 1264 2021 1333 2084; x_wconf 84' lang='lat' dir='ltr'><em>quae</em></span> <span class='ocrx_word' id='word_1_192' title='bbox 1346 2002 1446 2066; x_wconf 92' lang='lat' dir='ltr'><em>locum</em></span> 
     </span>
     <span class='ocr_line' id='line_1_23' title="bbox 171 2091 1554 2174; baseline -0.001 -18"><span class='ocrx_word' id='word_1_193' title='bbox 171 2093 278 2170; x_wconf 87' lang='lat' dir='ltr'><em>habet,</em></span> <span class='ocrx_word' id='word_1_194' title='bbox 293 2092 416 2174; x_wconf 84' lang='lat' dir='ltr'><em>quando</em></span> <span class='ocrx_word' id='word_1_195' title='bbox 429 2110 566 2174; x_wconf 79' lang='lat' dir='ltr'><em>personae</em></span> <span class='ocrx_word' id='word_1_196' title='bbox 579 2098 654 2155; x_wconf 91' lang='lat' dir='ltr'><em>sunt</em></span> <span class='ocrx_word' id='word_1_197' title='bbox 667 2109 738 2172; x_wconf 89' lang='lat' dir='ltr'><em>erga</em></span> <span class='ocrx_word' id='word_1_198' title='bbox 750 2111 781 2154; x_wconf 89' lang='lat' dir='ltr'><em>se</em></span> <span class='ocrx_word' id='word_1_199' title='bbox 795 2091 929 2154; x_wconf 90' lang='lat' dir='ltr'><em>invicem</em></span> <span class='ocrx_word' id='word_1_200' title='bbox 940 2091 1112 2154; x_wconf 88' lang='lat' dir='ltr'><em>debitrices.</em></span> <span class='ocrx_word' id='word_1_201' title='bbox 1553 2095 1554 2098; x_wconf 75' lang='grc'>’</span> 
     </span>
    </p>

    <p class='ocr_par' dir='ltr' id='par_1_10' title="bbox 172 2179 1452 2511">
     <span class='ocr_line' id='line_1_24' title="bbox 213 2179 1448 2264; baseline -0.003 -16"><span class='ocrx_word' id='word_1_202' title='bbox 213 2189 244 2248; x_wconf 78' lang='lat'><em>5⁰</em></span> <span class='ocrx_word' id='word_1_203' title='bbox 255 2187 311 2247; x_wconf 88' lang='lat' dir='ltr'><em>Per</em></span> <span class='ocrx_word' id='word_1_204' title='bbox 322 2182 545 2264; x_wconf 74' lang='lat' dir='ltr'><em>confusionem,</em></span> <span class='ocrx_word' id='word_1_205' title='bbox 563 2199 632 2262; x_wconf 81' lang='lat' dir='ltr'><em>quae</em></span> <span class='ocrx_word' id='word_1_206' title='bbox 645 2181 746 2244; x_wconf 93' lang='lat' dir='ltr'><em>locum</em></span> <span class='ocrx_word' id='word_1_207' title='bbox 759 2180 868 2254; x_wconf 90' lang='lat' dir='ltr'><em>habet,</em></span> <span class='ocrx_word' id='word_1_208' title='bbox 885 2197 956 2243; x_wconf 92' lang='lat' dir='ltr'><em>cum</em></span> <span class='ocrx_word' id='word_1_209' title='bbox 970 2179 1113 2260; x_wconf 79' lang='lat' dir='ltr'><em>obligatio</em></span> <span class='ocrx_word' id='word_1_210' title='bbox 1125 2179 1271 2243; x_wconf 87' lang='lat' dir='ltr'><em>debitoris</em></span> <span class='ocrx_word' id='word_1_211' title='bbox 1283 2187 1313 2242; x_wconf 90' lang='lat' dir='ltr'><em>ct</em></span> <span class='ocrx_word' id='word_1_212' title='bbox 1323 2184 1373 2263; x_wconf 86' lang='lat' dir='ltr'><em>jus</em></span> <span class='ocrx_word' id='word_1_213' title='bbox 1384 2199 1448 2244; x_wconf 76' lang='lat' dir='ltr'><em>cre·</em></span> 
     </span>
     <span class='ocr_line' id='line_1_25' title="bbox 174 2267 1451 2351; baseline -0.001 -17"><span class='ocrx_word' id='word_1_214' title='bbox 174 2271 283 2334; x_wconf 75' lang='lat' dir='ltr'><em>ditonis</em></span> <span class='ocrx_word' id='word_1_215' title='bbox 295 2270 329 2334; x_wconf 91' lang='lat' dir='ltr'><em>in</em></span> <span class='ocrx_word' id='word_1_216' title='bbox 344 2272 449 2334; x_wconf 86' lang='lat' dir='ltr'><em>eadem</em></span> <span class='ocrx_word' id='word_1_217' title='bbox 462 2287 590 2351; x_wconf 88' lang='lat' dir='ltr'><em>persona</em></span> <span class='ocrx_word' id='word_1_218' title='bbox 602 2270 824 2345; x_wconf 85' lang='lat' dir='ltr'><em>coadunantur,</em></span> <span class='ocrx_word' id='word_1_219' title='bbox 837 2289 868 2332; x_wconf 85' lang='lat' dir='ltr'><em>v.</em></span> <span class='ocrx_word' id='word_1_220' title='bbox 881 2289 940 2350; x_wconf 78' lang='lat' dir='ltr'><em>gr,</em></span> <span class='ocrx_word' id='word_1_221' title='bbox 950 2268 977 2331; x_wconf 91' lang='lat' dir='ltr'><em>si</em></span> <span class='ocrx_word' id='word_1_222' title='bbox 987 2268 1116 2331; x_wconf 88' lang='lat' dir='ltr'><em>creditor</em></span> <span class='ocrx_word' id='word_1_223' title='bbox 1124 2267 1179 2330; x_wconf 86' lang='lat' dir='ltr'><em>fiat</em></span> <span class='ocrx_word' id='word_1_224' title='bbox 1189 2269 1285 2331; x_wconf 78' lang='lat' dir='ltr'><em>heres</em></span> <span class='ocrx_word' id='word_1_225' title='bbox 1298 2269 1348 2332; x_wconf 91' lang='lat' dir='ltr'><em>sui</em></span> <span class='ocrx_word' id='word_1_226' title='bbox 1363 2270 1451 2333; x_wconf 86' lang='lat' dir='ltr'><em>debi-</em></span> 
     </span>
     <span class='ocr_line' id='line_1_26' title="bbox 172 2356 1452 2439; baseline -0.002 -17"><span class='ocrx_word' id='word_1_227' title='bbox 172 2359 265 2434; x_wconf 85' lang='lat' dir='ltr'><em>toris,</em></span> <span class='ocrx_word' id='word_1_228' title='bbox 285 2360 333 2422; x_wconf 85' lang='lat' dir='ltr'><em>vel</em></span> <span class='ocrx_word' id='word_1_229' title='bbox 352 2359 471 2422; x_wconf 90' lang='lat' dir='ltr'><em>debitor</em></span> <span class='ocrx_word' id='word_1_230' title='bbox 494 2358 543 2422; x_wconf 90' lang='lat' dir='ltr'><em>sui</em></span> <span class='ocrx_word' id='word_1_231' title='bbox 565 2358 738 2434; x_wconf 88' lang='lat' dir='ltr'><em>creditoris,</em></span> <span class='ocrx_word' id='word_1_232' title='bbox 758 2358 806 2420; x_wconf 89' lang='lat' dir='ltr'><em>vel</em></span> <span class='ocrx_word' id='word_1_233' title='bbox 826 2357 931 2420; x_wconf 88' lang='lat' dir='ltr'><em>eadem</em></span> <span class='ocrx_word' id='word_1_234' title='bbox 952 2374 1080 2439; x_wconf 87' lang='lat' dir='ltr'><em>persona</em></span> <span class='ocrx_word' id='word_1_235' title='bbox 1102 2356 1156 2419; x_wconf 87' lang='lat' dir='ltr'><em>fiat</em></span> <span class='ocrx_word' id='word_1_236' title='bbox 1175 2357 1270 2421; x_wconf 80' lang='lat' dir='ltr'><em>haeres</em></span> <span class='ocrx_word' id='word_1_237' title='bbox 1291 2357 1452 2422; x_wconf 86' lang='lat' dir='ltr'><em>creditoris</em></span> 
     </span>
     <span class='ocr_line' id='line_1_27' title="bbox 175 2447 482 2511; baseline -0.007 0"><span class='ocrx_word' id='word_1_238' title='bbox 175 2447 269 2511; x_wconf 88' lang='lat' dir='ltr'><em>simul</em></span> <span class='ocrx_word' id='word_1_239' title='bbox 283 2453 313 2510; x_wconf 94' lang='lat' dir='ltr'><em>et</em></span> <span class='ocrx_word' id='word_1_240' title='bbox 327 2447 482 2510; x_wconf 88' lang='lat' dir='ltr'><em>debitoris.</em></span> 
     </span>
    </p>

    <p class='ocr_par' dir='ltr' id='par_1_11' title="bbox 173 2534 1448 2882">
     <span class='ocr_line' id='line_1_28' title="bbox 213 2534 1448 2619; baseline 0 -21"><span class='ocrx_word' id='word_1_241' title='bbox 213 2539 246 2598; x_wconf 87' lang='grc'><em>60</em></span> <span class='ocrx_word' id='word_1_242' title='bbox 257 2538 313 2598; x_wconf 90' lang='lat' dir='ltr'><em>Per</em></span> <span class='ocrx_word' id='word_1_243' title='bbox 327 2534 573 2616; x_wconf 68' lang='lat' dir='ltr'><em>destructionem,</em></span> <span class='ocrx_word' id='word_1_244' title='bbox 587 2543 643 2600; x_wconf 87' lang='lat' dir='ltr'><em>aut</em></span> <span class='ocrx_word' id='word_1_245' title='bbox 655 2535 861 2619; x_wconf 81' lang='lat' dir='ltr'><em>perditionem</em></span> <span class='ocrx_word' id='word_1_246' title='bbox 873 2536 917 2598; x_wconf 90' lang='lat' dir='ltr'><em>rei</em></span> <span class='ocrx_word' id='word_1_247' title='bbox 932 2535 1053 2611; x_wconf 73' lang='lat' dir='ltr'><em>debitae,</em></span> <span class='ocrx_word' id='word_1_248' title='bbox 1070 2553 1140 2618; x_wconf 84' lang='lat' dir='ltr'><em>quae</em></span> <span class='ocrx_word' id='word_1_249' title='bbox 1153 2535 1309 2616; x_wconf 74' lang='lat' dir='ltr'><em>siquando</em></span> <span class='ocrx_word' id='word_1_250' title='bbox 1324 2536 1448 2598; x_wconf 87' lang='lat' dir='ltr'><em>debito-</em></span> 
     </span>
     <span class='ocr_line' id='line_1_29' title="bbox 173 2621 1445 2704; baseline -0.002 -15"><span class='ocrx_word' id='word_1_251' title='bbox 173 2641 240 2689; x_wconf 85' lang='lat' dir='ltr'><em>rem</em></span> <span class='ocrx_word' id='word_1_252' title='bbox 255 2623 293 2686; x_wconf 84' lang='lat' dir='ltr'><em>ub</em></span> <span class='ocrx_word' id='word_1_253' title='bbox 306 2623 491 2704; x_wconf 78' lang='lat' dir='ltr'><em>obligatione</em></span> <span class='ocrx_word' id='word_1_254' title='bbox 503 2624 628 2701; x_wconf 85' lang='lat' dir='ltr'><em>liberat,</em></span> <span class='ocrx_word' id='word_1_255' title='bbox 642 2629 678 2688; x_wconf 92' lang='lat' dir='ltr'><em>ut</em></span> <span class='ocrx_word' id='word_1_256' title='bbox 691 2625 725 2687; x_wconf 91' lang='lat' dir='ltr'><em>in</em></span> <span class='ocrx_word' id='word_1_257' title='bbox 740 2624 945 2688; x_wconf 89' lang='lat' dir='ltr'><em>contractibus</em></span> <span class='ocrx_word' id='word_1_258' title='bbox 964 2641 1047 2687; x_wconf 90' lang='lat' dir='ltr'><em>mere</em></span> <span class='ocrx_word' id='word_1_259' title='bbox 1066 2622 1218 2704; x_wconf 67' lang='lat' dir='ltr'><em>gratuitis</em></span> <span class='ocrx_word' id='word_1_260' title='bbox 1231 2629 1261 2684; x_wconf 89' lang='lat' dir='ltr'><em>et</em></span> <span class='ocrx_word' id='word_1_261' title='bbox 1273 2621 1445 2703; x_wconf 85' lang='lat' dir='ltr'><em>aliquando</em></span> 
     </span>
     <span class='ocr_line' id='line_1_30' title="bbox 173 2710 1447 2795; baseline -0.003 -19"><span class='ocrx_word' id='word_1_262' title='bbox 173 2713 209 2776; x_wconf 93' lang='lat' dir='ltr'><em>in</em></span> <span class='ocrx_word' id='word_1_263' title='bbox 222 2711 303 2790; x_wconf 85' lang='lat' dir='ltr'><em>aliis,</em></span> <span class='ocrx_word' id='word_1_264' title='bbox 315 2711 370 2776; x_wconf 91' lang='lat' dir='ltr'><em>ubi</em></span> <span class='ocrx_word' id='word_1_265' title='bbox 384 2730 446 2775; x_wconf 94' lang='lat' dir='ltr'><em>non</em></span> <span class='ocrx_word' id='word_1_266' title='bbox 458 2712 568 2775; x_wconf 85' lang='lat' dir='ltr'><em>incidit</em></span> <span class='ocrx_word' id='word_1_267' title='bbox 582 2714 670 2795; x_wconf 87' lang='lat' dir='ltr'><em>culpe</em></span> <span class='ocrx_word' id='word_1_268' title='bbox 684 2712 1126 2794; x_wconf 83' lang='lat' dir='ltr'><em>debitoris...Aliquandovero</em></span> <span class='ocrx_word' id='word_1_269' title='bbox 1138 2731 1199 2775; x_wconf 90' lang='lat' dir='ltr'><em>non</em></span> <span class='ocrx_word' id='word_1_270' title='bbox 1209 2710 1327 2786; x_wconf 84' lang='lat' dir='ltr'><em>liberat,</em></span> <span class='ocrx_word' id='word_1_271' title='bbox 1338 2731 1371 2774; x_wconf 87' lang='grc' dir='ltr'><em>ιι.</em></span> <span class='ocrx_word' id='word_1_272' title='bbox 1381 2729 1447 2793; x_wconf 91' lang='lat' dir='ltr'><em>gr.,</em></span> 
     </span>
     <span class='ocr_line' id='line_1_31' title="bbox 174 2800 1192 2882; baseline -0.002 -17"><span class='ocrx_word' id='word_1_273' title='bbox 174 2802 202 2866; x_wconf 87' lang='lat' dir='ltr'><em>si</em></span> <span class='ocrx_word' id='word_1_274' title='bbox 213 2801 351 2866; x_wconf 88' lang='lat' dir='ltr'><em>evenerit</em></span> <span class='ocrx_word' id='word_1_275' title='bbox 364 2801 451 2882; x_wconf 86' lang='lat' dir='ltr'><em>culpa</em></span> <span class='ocrx_word' id='word_1_276' title='bbox 463 2800 625 2879; x_wconf 89' lang='lat' dir='ltr'><em>debitoris,</em></span> <span class='ocrx_word' id='word_1_277' title='bbox 642 2803 691 2865; x_wconf 88' lang='lat' dir='ltr'><em>vel</em></span> <span class='ocrx_word' id='word_1_278' title='bbox 704 2802 799 2866; x_wconf 87' lang='lat' dir='ltr'><em>fuerit</em></span> <span class='ocrx_word' id='word_1_279' title='bbox 813 2801 848 2864; x_wconf 95' lang='lat' dir='ltr'><em>in</em></span> <span class='ocrx_word' id='word_1_280' title='bbox 863 2819 950 2865; x_wconf 89' lang='lat' dir='ltr'><em>mora</em></span> <span class='ocrx_word' id='word_1_281' title='bbox 962 2801 1122 2882; x_wconf 88' lang='lat' dir='ltr'><em>culpabili,</em></span> <span class='ocrx_word' id='word_1_282' title='bbox 1136 2807 1192 2864; x_wconf 86' lang='lat' dir='ltr'><em>etc.</em></span> 
     </span>
    </p>

    <p class='ocr_par' dir='ltr' id='par_1_12' title="bbox 175 2889 1453 3151">
     <span class='ocr_line' id='line_1_32' title="bbox 216 2889 1453 2972; baseline 0 -18"><span class='ocrx_word' id='word_1_283' title='bbox 216 2894 247 2954; x_wconf 84' lang='grc'><em>70</em></span> <span class='ocrx_word' id='word_1_284' title='bbox 261 2893 316 2953; x_wconf 89' lang='lat' dir='ltr'><em>Per</em></span> <span class='ocrx_word' id='word_1_285' title='bbox 328 2891 541 2966; x_wconf 75' lang='lat' dir='ltr'><em>rescissionem,</em></span> <span class='ocrx_word' id='word_1_286' title='bbox 556 2909 610 2954; x_wconf 90' lang='lat' dir='ltr'><em>seu</em></span> <span class='ocrx_word' id='word_1_287' title='bbox 624 2889 917 2969; x_wconf 82' lang='lat' dir='ltr'><em>rescinditilitotem,</em></span> <span class='ocrx_word' id='word_1_288' title='bbox 931 2909 1000 2972; x_wconf 77' lang='lat' dir='ltr'><em>quae</em></span> <span class='ocrx_word' id='word_1_289' title='bbox 1013 2891 1114 2954; x_wconf 92' lang='lat' dir='ltr'><em>locum</em></span> <span class='ocrx_word' id='word_1_290' title='bbox 1126 2890 1229 2964; x_wconf 89' lang='lat' dir='ltr'><em>habet,</em></span> <span class='ocrx_word' id='word_1_291' title='bbox 1244 2891 1367 2972; x_wconf 82' lang='lat' dir='ltr'><em>qrrando</em></span> <span class='ocrx_word' id='word_1_292' title='bbox 1380 2907 1453 2954; x_wconf 90' lang='lat' dir='ltr'><em>con-</em></span> 
     </span>
     <span class='ocr_line' id='line_1_33' title="bbox 175 2977 1453 3060; baseline 0.002 -20"><span class='ocrx_word' id='word_1_293' title='bbox 175 2983 292 3041; x_wconf 88' lang='lat' dir='ltr'><em>tractus</em></span> <span class='ocrx_word' id='word_1_294' title='bbox 306 2978 521 3042; x_wconf 88' lang='lat' dir='ltr'><em>essentialibus</em></span> <span class='ocrx_word' id='word_1_295' title='bbox 535 2978 763 3043; x_wconf 90' lang='lat' dir='ltr'><em>conditionibus</em></span> <span class='ocrx_word' id='word_1_296' title='bbox 778 2985 920 3042; x_wconf 88' lang='lat' dir='ltr'><em>constans</em></span> <span class='ocrx_word' id='word_1_297' title='bbox 934 2979 972 3042; x_wconf 92' lang='lat' dir='ltr'><em>ob</em></span> <span class='ocrx_word' id='word_1_298' title='bbox 984 2979 1102 3060; x_wconf 90' lang='lat' dir='ltr'><em>aliquos</em></span> <span class='ocrx_word' id='word_1_299' title='bbox 1115 2979 1250 3042; x_wconf 85' lang='lat' dir='ltr'><em>delectus</em></span> <span class='ocrx_word' id='word_1_300' title='bbox 1263 2977 1453 3042; x_wconf 90' lang='lat' dir='ltr'><em>dissolubilis</em></span> 
     </span>
     <span class='ocr_line' id='line_1_34' title="bbox 175 3066 1450 3151; baseline -0.001 -22"><span class='ocrx_word' id='word_1_301' title='bbox 175 3069 418 3130; x_wconf 83' lang='lat' dir='ltr'><em>est.Gontraotus</em></span> <span class='ocrx_word' id='word_1_302' title='bbox 427 3066 478 3130; x_wconf 91' lang='lat' dir='ltr'><em>ille</em></span> <span class='ocrx_word' id='word_1_303' title='bbox 487 3068 680 3145; x_wconf 86' lang='lat' dir='ltr'><em>valet,donec</em></span> <span class='ocrx_word' id='word_1_304' title='bbox 692 3068 893 3143; x_wconf 89' lang='lat' dir='ltr'><em>rescindatur,</em></span> <span class='ocrx_word' id='word_1_305' title='bbox 900 3077 934 3130; x_wconf 85' lang='lat' dir='ltr'><em>ut</em></span> <span class='ocrx_word' id='word_1_306' title='bbox 946 3088 1038 3151; x_wconf 84' lang='lat' dir='ltr'><em>supra</em></span> <span class='ocrx_word' id='word_1_307' title='bbox 1051 3067 1217 3129; x_wconf 69' lang='lat' dir='ltr'><em>dictumest</em></span> <span class='ocrx_word' id='word_1_308' title='bbox 1229 3066 1450 3148; x_wconf 59' lang='lat' dir='ltr'><em>(consen.</em></span> 
     </span>
    </p>

    <p class='ocr_par' dir='ltr' id='par_1_13' title="bbox 177 3155 1453 3326">
     <span class='ocr_line' id='line_1_35' title="bbox 215 3155 1453 3240; baseline 0 -20"><span class='ocrx_word' id='word_1_309' title='bbox 215 3157 246 3220; x_wconf 85' lang='lat'><em>8⁰</em></span> <span class='ocrx_word' id='word_1_310' title='bbox 261 3158 317 3218; x_wconf 89' lang='lat' dir='ltr'><em>Per</em></span> <span class='ocrx_word' id='word_1_311' title='bbox 323 3159 595 3240; x_wconf 69' lang='lat' dir='ltr'><em>musniptionem</em></span> <span class='ocrx_word' id='word_1_312' title='bbox 610 3157 646 3220; x_wconf 92' lang='lat' dir='ltr'><em>de</em></span> <span class='ocrx_word' id='word_1_313' title='bbox 661 3175 722 3239; x_wconf 88' lang='lat' dir='ltr'><em>qua</em></span> <span class='ocrx_word' id='word_1_314' title='bbox 734 3155 852 3220; x_wconf 92' lang='lat' dir='ltr'><em>dictum</em></span> <span class='ocrx_word' id='word_1_315' title='bbox 866 3163 914 3220; x_wconf 92' lang='lat' dir='ltr'><em>est</em></span> <span class='ocrx_word' id='word_1_316' title='bbox 925 3175 1027 3238; x_wconf 88' lang='lat' dir='ltr'><em>supra,</em></span> <span class='ocrx_word' id='word_1_317' title='bbox 1046 3165 1133 3218; x_wconf 83' lang='lat' dir='ltr'><em>tract.</em></span> <span class='ocrx_word' id='word_1_318' title='bbox 1150 3155 1186 3219; x_wconf 90' lang='lat' dir='ltr'><em>de</em></span> <span class='ocrx_word' id='word_1_319' title='bbox 1195 3155 1335 3227; x_wconf 79' lang='lat' dir='ltr'><em>lustitia,</em></span> <span class='ocrx_word' id='word_1_320' title='bbox 1350 3177 1381 3220; x_wconf 91' lang='grc' dir='ltr'><em>ιι.</em></span> <span class='ocrx_word' id='word_1_321' title='bbox 1393 3159 1453 3220; x_wconf 77' lang='lat'><em>580</em></span> 
     </span>
     <span class='ocr_line' id='line_1_36' title="bbox 177 3254 278 3326; baseline -0.02 -18"><span class='ocrx_word' id='word_1_322' title='bbox 177 3254 278 3326; x_wconf 85' lang='lat' dir='ltr'><em>etseq.</em></span> 
     </span>
    </p>

    <p class='ocr_par' dir='ltr' id='par_1_14' title="bbox 215 3334 1299 3417">
     <span class='ocr_line' id='line_1_37' title="bbox 215 3334 1299 3417; baseline -0.001 -19"><span class='ocrx_word' id='word_1_323' title='bbox 215 3337 286 3398; x_wconf 80' lang='lat'><strong>788.</strong></span> <span class='ocrx_word' id='word_1_324' title='bbox 299 3369 340 3380; x_wconf 91' lang='lat'><em>-</em></span> <span class='ocrx_word' id='word_1_325' title='bbox 352 3337 454 3410; x_wconf 71' lang='lat' dir='ltr'><em>Quint.</em></span> <span class='ocrx_word' id='word_1_326' title='bbox 471 3338 503 3397; x_wconf 80' lang='grc'><em>10</em></span> <span class='ocrx_word' id='word_1_327' title='bbox 514 3334 563 3395; x_wconf 87' lang='lat' dir='ltr'><em>An</em></span> <span class='ocrx_word' id='word_1_328' title='bbox 578 3335 668 3397; x_wconf 86' lang='lat' dir='ltr'><em>cessio</em></span> <span class='ocrx_word' id='word_1_329' title='bbox 681 3335 825 3398; x_wconf 85' lang='lat' dir='ltr'><em>bonorum</em></span> <span class='ocrx_word' id='word_1_330' title='bbox 840 3335 1022 3398; x_wconf 74' lang='lat' dir='ltr'><em>resolutione</em></span> <span class='ocrx_word' id='word_1_331' title='bbox 1036 3335 1156 3417; x_wconf 79' lang='lat' dir='ltr'><em>r‘ntegro</em></span> <span class='ocrx_word' id='word_1_332' title='bbox 1170 3334 1299 3397; x_wconf 79' lang='lat' dir='ltr'><em>liberet?</em></span> 
     </span>
    </p>

    <p class='ocr_par' dir='ltr' id='par_1_15' title="bbox 175 3421 1455 3860">
     <span class='ocr_line' id='line_1_38' title="bbox 215 3421 1448 3506; baseline -0.001 -20"><span class='ocrx_word' id='word_1_333' title='bbox 215 3423 308 3506; x_wconf 83' lang='lat' dir='ltr'><em>Iiesp.</em></span> <span class='ocrx_word' id='word_1_334' title='bbox 323 3429 355 3487; x_wconf 90' lang='grc'><em>10</em></span> <span class='ocrx_word' id='word_1_335' title='bbox 367 3421 447 3504; x_wconf 74' lang='lat' dir='ltr'><em>Nep.</em></span> <span class='ocrx_word' id='word_1_336' title='bbox 461 3424 560 3505; x_wconf 87' lang='lat' dir='ltr'><em>quoad</em></span> <span class='ocrx_word' id='word_1_337' title='bbox 572 3423 738 3488; x_wconf 88' lang='lat' dir='ltr'><em>cessionem</em></span> <span class='ocrx_word' id='word_1_338' title='bbox 752 3424 970 3501; x_wconf 84' lang='lat' dir='ltr'><em>voluntariam,</em></span> <span class='ocrx_word' id='word_1_339' title='bbox 987 3425 1103 3487; x_wconf 86' lang='lat' dir='ltr'><em>seclusa</em></span> <span class='ocrx_word' id='word_1_340' title='bbox 1115 3423 1236 3504; x_wconf 83' lang='lat' dir='ltr'><em>speciali</em></span> <span class='ocrx_word' id='word_1_341' title='bbox 1251 3422 1448 3486; x_wconf 83' lang='lat' dir='ltr'><em>conventione</em></span> 
     </span>
     <span class='ocr_line' id='line_1_39' title="bbox 176 3511 1453 3596; baseline 0.001 -23"><span class='ocrx_word' id='word_1_342' title='bbox 176 3511 259 3575; x_wconf 90' lang='lat' dir='ltr'><em>inter</em></span> <span class='ocrx_word' id='word_1_343' title='bbox 271 3511 434 3576; x_wconf 87' lang='lat' dir='ltr'><em>creditores</em></span> <span class='ocrx_word' id='word_1_344' title='bbox 446 3518 477 3575; x_wconf 89' lang='lat' dir='ltr'><em>et</em></span> <span class='ocrx_word' id='word_1_345' title='bbox 491 3511 668 3586; x_wconf 89' lang='lat' dir='ltr'><em>debitorem,</em></span> <span class='ocrx_word' id='word_1_346' title='bbox 683 3513 715 3576; x_wconf 87' lang='lat' dir='ltr'><em>vi</em></span> <span class='ocrx_word' id='word_1_347' title='bbox 729 3517 816 3596; x_wconf 88' lang='lat' dir='ltr'><em>cujus</em></span> <span class='ocrx_word' id='word_1_348' title='bbox 830 3513 881 3575; x_wconf 90' lang='lat' dir='ltr'><em>bic</em></span> <span class='ocrx_word' id='word_1_349' title='bbox 892 3513 1019 3576; x_wconf 92' lang='lat' dir='ltr'><em>omnino</em></span> <span class='ocrx_word' id='word_1_350' title='bbox 1031 3513 1186 3576; x_wconf 89' lang='lat' dir='ltr'><em>liberetur.</em></span> <span class='ocrx_word' id='word_1_351' title='bbox 1202 3511 1294 3576; x_wconf 86' lang='lat' dir='ltr'><em>Ratio</em></span> <span class='ocrx_word' id='word_1_352' title='bbox 1308 3518 1365 3586; x_wconf 89' lang='lat' dir='ltr'><em>est,</em></span> <span class='ocrx_word' id='word_1_353' title='bbox 1378 3511 1453 3593; x_wconf 82' lang='lat' dir='ltr'><em>quia</em></span> 
     </span>
     <span class='ocr_line' id='line_1_40' title="bbox 177 3599 1455 3683; baseline 0.002 -21"><span class='ocrx_word' id='word_1_354' title='bbox 177 3599 340 3664; x_wconf 89' lang='lat' dir='ltr'><em>creditores</em></span> <span class='ocrx_word' id='word_1_355' title='bbox 353 3617 417 3664; x_wconf 93' lang='lat' dir='ltr'><em>non</em></span> <span class='ocrx_word' id='word_1_356' title='bbox 432 3607 506 3664; x_wconf 92' lang='lat' dir='ltr'><em>sunt</em></span> <span class='ocrx_word' id='word_1_357' title='bbox 516 3599 587 3664; x_wconf 85' lang='lat' dir='ltr'><em>facti</em></span> <span class='ocrx_word' id='word_1_358' title='bbox 601 3601 728 3666; x_wconf 91' lang='lat' dir='ltr'><em>omnino</em></span> <span class='ocrx_word' id='word_1_359' title='bbox 741 3602 914 3677; x_wconf 89' lang='lat' dir='ltr'><em>indemnes,</em></span> <span class='ocrx_word' id='word_1_360' title='bbox 928 3606 958 3665; x_wconf 89' lang='lat' dir='ltr'><em>et</em></span> <span class='ocrx_word' id='word_1_361' title='bbox 969 3601 1096 3683; x_wconf 90' lang='lat' dir='ltr'><em>proinde</em></span> <span class='ocrx_word' id='word_1_362' title='bbox 1110 3607 1249 3664; x_wconf 81' lang='lat' dir='ltr'><em>remanet</em></span> <span class='ocrx_word' id='word_1_363' title='bbox 1262 3600 1365 3663; x_wconf 81' lang='lat' dir='ltr'><em>adbuc</em></span> <span class='ocrx_word' id='word_1_364' title='bbox 1377 3599 1455 3664; x_wconf 75' lang='lat' dir='ltr'><em>inee-</em></span> 
     </span>
     <span class='ocr_line' id='line_1_41' title="bbox 177 3687 1450 3771; baseline -0.001 -21"><span class='ocrx_word' id='word_1_365' title='bbox 177 3687 307 3769; x_wconf 84' lang='lat' dir='ltr'><em>qualitas</em></span> <span class='ocrx_word' id='word_1_366' title='bbox 321 3690 499 3769; x_wconf 85' lang='lat' dir='ltr'><em>repsranda.</em></span> <span class='ocrx_word' id='word_1_367' title='bbox 512 3724 552 3736; x_wconf 93' lang='lat'>-</span> <span class='ocrx_word' id='word_1_368' title='bbox 565 3689 678 3771; x_wconf 62' lang='lat' dir='ltr'><em>susq.</em></span> <span class='ocrx_word' id='word_1_369' title='bbox 693 3712 724 3752; x_wconf 93' lang='grc' dir='ltr'><em>ιι.</em></span> <span class='ocrx_word' id='word_1_370' title='bbox 737 3693 807 3755; x_wconf 83' lang='grc'>669.</span> <span class='ocrx_word' id='word_1_371' title='bbox 817 3725 858 3737; x_wconf 94' lang='grc'><strong>-</strong></span> <span class='ocrx_word' id='word_1_372' title='bbox 868 3687 1002 3763; x_wconf 86' lang='lat' dir='ltr'><em>Gousset,</em></span> <span class='ocrx_word' id='word_1_373' title='bbox 1019 3712 1050 3754; x_wconf 92' lang='grc' dir='ltr'><em>ιι.</em></span> <span class='ocrx_word' id='word_1_374' title='bbox 1069 3694 1139 3754; x_wconf 71' lang='lat' dir='ltr'><em>tte.</em></span> <span class='ocrx_word' id='word_1_375' title='bbox 1149 3723 1190 3738; x_wconf 90' lang='grc'><strong>-</strong></span> <span class='ocrx_word' id='word_1_376' title='bbox 1205 3689 1326 3770; x_wconf 74' lang='lat' dir='ltr'><em>l&#39;opler,</em></span> <span class='ocrx_word' id='word_1_377' title='bbox 1339 3709 1371 3752; x_wconf 87' lang='lat' dir='ltr'><em>n.</em></span> <span class='ocrx_word' id='word_1_378' title='bbox 1380 3692 1450 3752; x_wconf 73' lang='lat' dir='ltr'><em>bii.</em></span> 
     </span>
     <span class='ocr_line' id='line_1_42' title="bbox 175 3775 765 3860; baseline 0 -21"><span class='ocrx_word' id='word_1_379' title='bbox 175 3809 216 3824; x_wconf 85' lang='lat'>-</span> <span class='ocrx_word' id='word_1_380' title='bbox 236 3775 307 3840; x_wconf 81' lang='lat' dir='ltr'><em>Vide</em></span> <span class='ocrx_word' id='word_1_381' title='bbox 321 3796 429 3860; x_wconf 84' lang='lat' dir='ltr'><em>supro,</em></span> <span class='ocrx_word' id='word_1_382' title='bbox 444 3775 481 3840; x_wconf 87' lang='lat' dir='ltr'><em>de</em></span> <span class='ocrx_word' id='word_1_383' title='bbox 493 3777 634 3850; x_wconf 77' lang='lat' dir='ltr'><em>lustitia,</em></span> <span class='ocrx_word' id='word_1_384' title='bbox 647 3799 680 3840; x_wconf 89' lang='grc' dir='ltr'><em>ιι.</em></span> <span class='ocrx_word' id='word_1_385' title='bbox 696 3783 765 3844; x_wconf 83' lang='grc'><strong>719.</strong></span> 
     </span>
    </p>

    <p class='ocr_par' dir='ltr' id='par_1_16' title="bbox 173 3864 1456 4305">
     <span class='ocr_line' id='line_1_43' title="bbox 216 3864 1455 3951; baseline 0.002 -23"><span class='ocrx_word' id='word_1_386' title='bbox 216 3865 306 3948; x_wconf 77' lang='lat' dir='ltr'><em>Hesp.</em></span> <span class='ocrx_word' id='word_1_387' title='bbox 323 3869 356 3928; x_wconf 73' lang='grc'><em>10</em></span> <span class='ocrx_word' id='word_1_388' title='bbox 365 3864 443 3947; x_wconf 75' lang='lat' dir='ltr'><em>Nep.</em></span> <span class='ocrx_word' id='word_1_389' title='bbox 453 3866 549 3929; x_wconf 87' lang='lat' dir='ltr'><em>etiam</em></span> <span class='ocrx_word' id='word_1_390' title='bbox 562 3867 662 3949; x_wconf 85' lang='lat' dir='ltr'><em>quoad</em></span> <span class='ocrx_word' id='word_1_391' title='bbox 675 3867 843 3931; x_wconf 88' lang='lat' dir='ltr'><em>cessionem</em></span> <span class='ocrx_word' id='word_1_392' title='bbox 851 3867 1065 3951; x_wconf 64' lang='lat' dir='ltr'><em>judiciariam</em></span> <span class='ocrx_word' id='word_1_393' title='bbox 1079 3867 1277 3950; x_wconf 80' lang='lat' dir='ltr'><em>privilegium</em></span> <span class='ocrx_word' id='word_1_394' title='bbox 1290 3867 1376 3930; x_wconf 87' lang='lat' dir='ltr'><em>enim</em></span> <span class='ocrx_word' id='word_1_395' title='bbox 1391 3885 1455 3930; x_wconf 86' lang='lat' dir='ltr'><em>oes-</em></span> 
     </span>
     <span class='ocr_line' id='line_1_44' title="bbox 176 3952 1456 4038; baseline 0.001 -22"><span class='ocrx_word' id='word_1_396' title='bbox 176 3952 273 4017; x_wconf 89' lang='lat' dir='ltr'><em>sionis</em></span> <span class='ocrx_word' id='word_1_397' title='bbox 287 3953 426 4018; x_wconf 90' lang='lat' dir='ltr'><em>consistit</em></span> <span class='ocrx_word' id='word_1_398' title='bbox 441 3959 566 4018; x_wconf 87' lang='lat' dir='ltr'><em>tantum</em></span> <span class='ocrx_word' id='word_1_399' title='bbox 579 3955 615 4018; x_wconf 90' lang='lat' dir='ltr'><em>in</em></span> <span class='ocrx_word' id='word_1_400' title='bbox 633 3975 682 4032; x_wconf 91' lang='lat' dir='ltr'><em>eo,</em></span> <span class='ocrx_word' id='word_1_401' title='bbox 699 3957 781 4038; x_wconf 91' lang='lat' dir='ltr'><em>quod</em></span> <span class='ocrx_word' id='word_1_402' title='bbox 799 3956 919 4021; x_wconf 90' lang='lat' dir='ltr'><em>debitor</em></span> <span class='ocrx_word' id='word_1_403' title='bbox 939 3956 1047 4020; x_wconf 76' lang='lat' dir='ltr'><em>infelix</em></span> <span class='ocrx_word' id='word_1_404' title='bbox 1070 3961 1100 4020; x_wconf 90' lang='lat' dir='ltr'><em>et</em></span> <span class='ocrx_word' id='word_1_405' title='bbox 1119 3957 1207 4020; x_wconf 81' lang='lat' dir='ltr'><em>bona</em></span> <span class='ocrx_word' id='word_1_406' title='bbox 1229 3953 1300 4018; x_wconf 90' lang='lat' dir='ltr'><em>fidei</em></span> <span class='ocrx_word' id='word_1_407' title='bbox 1319 3956 1456 4037; x_wconf 84' lang='lat' dir='ltr'><em>amplius</em></span> 
     </span>
     <span class='ocr_line' id='line_1_45' title="bbox 173 4041 1456 4127; baseline 0.001 -24"><span class='ocrx_word' id='word_1_408' title='bbox 173 4041 360 4125; x_wconf 83' lang='lat' dir='ltr'><em>judicialiter</em></span> <span class='ocrx_word' id='word_1_409' title='bbox 378 4043 480 4126; x_wconf 90' lang='lat' dir='ltr'><em>urgeri</em></span> <span class='ocrx_word' id='word_1_410' title='bbox 500 4061 562 4107; x_wconf 92' lang='lat' dir='ltr'><em>non</em></span> <span class='ocrx_word' id='word_1_411' title='bbox 586 4045 694 4126; x_wconf 65' lang='lat' dir='ltr'><em>possim</em></span> <span class='ocrx_word' id='word_1_412' title='bbox 715 4044 842 4127; x_wconf 88' lang='lat' dir='ltr'><em>proinde</em></span> <span class='ocrx_word' id='word_1_413' title='bbox 864 4044 892 4108; x_wconf 92' lang='lat' dir='ltr'><em>si</em></span> <span class='ocrx_word' id='word_1_414' title='bbox 914 4063 994 4111; x_wconf 82' lang='lat' dir='ltr'><em>nova</em></span> <span class='ocrx_word' id='word_1_415' title='bbox 1015 4047 1096 4109; x_wconf 89' lang='lat' dir='ltr'><em>bona</em></span> <span class='ocrx_word' id='word_1_416' title='bbox 1117 4043 1270 4127; x_wconf 80' lang='lat' dir='ltr'><em>acquirat,</em></span> <span class='ocrx_word' id='word_1_417' title='bbox 1293 4061 1395 4125; x_wconf 84' lang='lat' dir='ltr'><em>usquc</em></span> <span class='ocrx_word' id='word_1_418' title='bbox 1417 4042 1456 4107; x_wconf 85' lang='lat' dir='ltr'><em>sd</em></span> 
     </span>
     <span class='ocr_line' id='line_1_46' title="bbox 176 4129 1456 4216; baseline 0.002 -22"><span class='ocrx_word' id='word_1_419' title='bbox 176 4129 330 4211; x_wconf 81' lang='lat' dir='ltr'><em>integram</em></span> <span class='ocrx_word' id='word_1_420' title='bbox 343 4132 527 4196; x_wconf 88' lang='lat' dir='ltr'><em>solutionem</em></span> <span class='ocrx_word' id='word_1_421' title='bbox 539 4133 739 4198; x_wconf 88' lang='lat' dir='ltr'><em>creditoribus</em></span> <span class='ocrx_word' id='word_1_422' title='bbox 752 4133 923 4198; x_wconf 80' lang='lat' dir='ltr'><em>satisfacere</em></span> <span class='ocrx_word' id='word_1_423' title='bbox 937 4131 1122 4198; x_wconf 85' lang='lat' dir='ltr'><em>debet-S.</em></span> <span class='ocrx_word' id='word_1_424' title='bbox 1134 4133 1218 4216; x_wconf 53' lang='grc' dir='ltr'>ιιι,</span> <span class='ocrx_word' id='word_1_425' title='bbox 1232 4131 1311 4195; x_wconf 82' lang='lat' dir='ltr'><em>ibid.</em></span> <span class='ocrx_word' id='word_1_426' title='bbox 1330 4132 1456 4214; x_wconf 79' lang='lat' dir='ltr'><em>Excipe,</em></span> 
     </span>
     <span class='ocr_line' id='line_1_47' title="bbox 176 4217 1455 4305; baseline 0 -24"><span class='ocrx_word' id='word_1_427' title='bbox 176 4217 204 4281; x_wconf 87' lang='lat' dir='ltr'><em>si</em></span> <span class='ocrx_word' id='word_1_428' title='bbox 218 4237 257 4282; x_wconf 84' lang='lat' dir='ltr'><em>ex</em></span> <span class='ocrx_word' id='word_1_429' title='bbox 270 4237 374 4283; x_wconf 88' lang='lat' dir='ltr'><em>rerum</em></span> <span class='ocrx_word' id='word_1_430' title='bbox 386 4221 539 4303; x_wconf 89' lang='lat' dir='ltr'><em>adjunctis</em></span> <span class='ocrx_word' id='word_1_431' title='bbox 551 4221 715 4287; x_wconf 87' lang='lat' dir='ltr'><em>videantur</em></span> <span class='ocrx_word' id='word_1_432' title='bbox 723 4223 886 4288; x_wconf 88' lang='lat' dir='ltr'><em>creditores</em></span> <span class='ocrx_word' id='word_1_433' title='bbox 898 4223 1005 4287; x_wconf 92' lang='lat' dir='ltr'><em>omnia</em></span> <span class='ocrx_word' id='word_1_434' title='bbox 1013 4223 1143 4305; x_wconf 85' lang='lat' dir='ltr'><em>antiqua</em></span> <span class='ocrx_word' id='word_1_435' title='bbox 1155 4219 1258 4285; x_wconf 85' lang='lat' dir='ltr'><em>debita</em></span> <span class='ocrx_word' id='word_1_436' title='bbox 1271 4223 1455 4286; x_wconf 77' lang='lat' dir='ltr'><em>condonare.</em></span> 
     </span>
    </p>

    <p class='ocr_par' dir='ltr' id='par_1_17' title="bbox 216 4309 1297 4395">
     <span class='ocr_line' id='line_1_48' title="bbox 216 4309 1297 4395; baseline 0 -24"><span class='ocrx_word' id='word_1_437' title='bbox 216 4310 317 4382; x_wconf 81' lang='lat' dir='ltr'><em>Qoss.</em></span> <span class='ocrx_word' id='word_1_438' title='bbox 334 4311 368 4373; x_wconf 77' lang='lat'><em>5⁰</em></span> <span class='ocrx_word' id='word_1_439' title='bbox 380 4309 431 4372; x_wconf 80' lang='lat' dir='ltr'><em>An</em></span> <span class='ocrx_word' id='word_1_440' title='bbox 447 4310 524 4374; x_wconf 84' lang='lat' dir='ltr'><em>bonu</em></span> <span class='ocrx_word' id='word_1_441' title='bbox 536 4329 670 4376; x_wconf 83' lang='lat' dir='ltr'><em>cessurus</em></span> <span class='ocrx_word' id='word_1_442' title='bbox 680 4309 801 4395; x_wconf 83' lang='lat' dir='ltr'><em>aliquid</em></span> <span class='ocrx_word' id='word_1_443' title='bbox 814 4311 928 4377; x_wconf 84' lang='lat' dir='ltr'><em>occulte</em></span> <span class='ocrx_word' id='word_1_444' title='bbox 939 4312 1001 4376; x_wconf 83' lang='lat' dir='ltr'><em>sibi</em></span> <span class='ocrx_word' id='word_1_445' title='bbox 1015 4331 1168 4376; x_wconf 76' lang='lat' dir='ltr'><em>reservare</em></span> <span class='ocrx_word' id='word_1_446' title='bbox 1178 4309 1297 4394; x_wconf 77' lang='lat' dir='ltr'><em>possit?</em></span> 
     </span>
    </p>

    <p class='ocr_par' dir='ltr' id='par_1_18' title="bbox 178 4391 1458 4557">
     <span class='ocr_line' id='line_1_49' title="bbox 217 4391 1458 4486; baseline 0.005 -30"><span class='ocrx_word' id='word_1_447' title='bbox 217 4391 306 4478; x_wconf 81' lang='lat' dir='ltr'><em>Resp.</em></span> <span class='ocrx_word' id='word_1_448' title='bbox 319 4401 353 4460; x_wconf 92' lang='grc'><em>10</em></span> <span class='ocrx_word' id='word_1_449' title='bbox 362 4418 370 4460; x_wconf 92' lang='lat'><strong>:</strong></span> <span class='ocrx_word' id='word_1_450' title='bbox 380 4402 466 4462; x_wconf 87' lang='lat' dir='ltr'><em>certo</em></span> <span class='ocrx_word' id='word_1_451' title='bbox 477 4407 577 4481; x_wconf 85' lang='lat' dir='ltr'><em>peccat</em></span> <span class='ocrx_word' id='word_1_452' title='bbox 592 4407 697 4466; x_wconf 89' lang='lat' dir='ltr'><em>contra</em></span> <span class='ocrx_word' id='word_1_453' title='bbox 707 4400 874 4484; x_wconf 86' lang='lat' dir='ltr'><em>justitiam,</em></span> <span class='ocrx_word' id='word_1_454' title='bbox 890 4401 919 4466; x_wconf 88' lang='lat' dir='ltr'><em>si</em></span> <span class='ocrx_word' id='word_1_455' title='bbox 929 4420 978 4467; x_wconf 90' lang='lat' dir='ltr'><em>res</em></span> <span class='ocrx_word' id='word_1_456' title='bbox 991 4399 1099 4486; x_wconf 83' lang='lat' dir='ltr'><em>magni</em></span> <span class='ocrx_word' id='word_1_457' title='bbox 1113 4397 1224 4466; x_wconf 87' lang='lat' dir='ltr'><em>valoris</em></span> <span class='ocrx_word' id='word_1_458' title='bbox 1239 4397 1363 4476; x_wconf 78' lang='lat' dir='ltr'><em>retinet,</em></span> <span class='ocrx_word' id='word_1_459' title='bbox 1382 4397 1458 4482; x_wconf 86' lang='lat' dir='ltr'><em>quia</em></span> 
     </span>
     <span class='ocr_line' id='line_1_50' title="bbox 178 4481 660 4557; baseline 0.017 -12"><span class='ocrx_word' id='word_1_460' title='bbox 178 4481 327 4547; x_wconf 85' lang='lat' dir='ltr'><em>damnum</em></span> <span class='ocrx_word' id='word_1_461' title='bbox 341 4485 542 4554; x_wconf 86' lang='lat' dir='ltr'><em>creditoribus</em></span> <span class='ocrx_word' id='word_1_462' title='bbox 555 4489 660 4557; x_wconf 78' lang='lat' dir='ltr'><em>infert.</em></span> 
     </span>
    </p>
   </div>
   <div class='ocr_carea' id='block_1_4' title="bbox 0 0 1579 5028">
    <p class='ocr_par' dir='ltr' id='par_1_19' title="bbox 0 0 1579 5028">
     <span class='ocr_line' id='line_1_51' title="bbox 0 0 1579 5028; baseline 0 0"><span class='ocrx_word' id='word_1_463' title='bbox 0 0 1579 5028; x_wconf 95' lang='lat' dir='ltr'><em> </em></span> 
     </span>
    </p>
   </div>
  </div>
 </body>
</html>
