3206 5024
548 245 592 288 an
613 243 816 288 rancsrrrs
835 241 1011 289 uacanoar
1344 233 1413 294 ΞΠ

151 355 155 362 ’
178 357 218 418 11.
245 355 372 420 Materia
395 354 460 418 voti
478 353 566 416 dehet
588 372 652 416 esse
674 372 722 416 res
745 352 905 415 moraliter
924 353 1097 436 possibilis,·
1124 354 1198 436 quia
1226 362 1334 419 votnm
1367 365 1413 422 est

137 444 305 529 promissio
319 445 395 506 facta
412 447 472 506 Deo
487 461 558 505 cum
576 441 748 506 intentione
768 461 799 506 se
818 441 986 522 obligandi;
1004 461 1093 506 nemo
1107 451 1211 506 autem
1227 464 1258 508 se
1280 446 1413 526 obligare

135 541 243 616 potest
255 534 293 596 ad
305 533 421 614 aliquid
434 531 494 595 sibi
508 531 665 594 moraliter
683 531 875 614 impossibile.
892 531 923 594 Si
936 550 1006 596 vero
1023 551 1071 594 res
1091 532 1312 596 sitdivisibilis
1330 542 1361 598 et
1374 554 1413 600 ex

138 629 229 704 parte
238 621 388 704 possibilis
404 621 459 696 sit,
475 639 531 701 pro
545 620 601 683 hac
613 624 697 702 parte
711 621 791 684 valet
804 628 928 697 rotum;
946 638 1009 684 non
1023 621 1104 684 valet
1117 628 1237 698 auum,
1250 623 1277 684 si
1291 623 1333 686 sit
1346 642 1412 688 mo·

138 712 248 775 raliter
258 709 474 784 indivisibilis,
492 715 547 772 aut
566 727 679 772 vorens
697 727 794 772 unam
813 715 932 790 partem
950 728 1013 772 non
1031 709 1207 790 promiserit
1225 711 1288 774 nisi
1300 713 1412 794 depon-

131 800 246 863 ‹denter
259 800 297 862 ab
311 798 380 860 alia.
396 798 500 860 -lta
514 801 723 862 communiter.
739 835 780 844 —
797 798 833 860 S.
850 798 920 880 Liq.
935 819 966 860 a.
983 802 1054 862 101.

260 953 456 1028 Quaesita.

175 1085 245 1144 311.
257 1117 297 1126 -
314 1085 415 1157 Quian.
433 1089 465 1145 l⁰
476 1081 527 1144 Aa
542 1081 640 1144 caleat
654 1091 753 1143 votum
767 1081 804 1142 de
816 1082 943 1143 moterlo
951 1081 1022 1162 jum
1037 1082 1160 1146 aliunde
1171 1085 1349 1166 praecepto?

175 1171 268 1250 Resp.
284 1169 423 1252 Alfium,
439 1170 539 1251 primo
551 1170 696 1252 quianon
708 1175 870 1252 repugnat,
887 1169 1054 1232 debitorem
1073 1171 1203 1235 diversis
1218 1174 1317 1237 titulis
1332 1174 1409 1238 ohli-

134 1259 215 1340 gari3
232 1259 342 1322 deinde
363 1259 436 1340 quia
457 1267 567 1323 votum
583 1259 763 1341 hujusmodi
786 1265 832 1321 est
848 1260 885 1321 de
900 1277 933 1320 re
951 1259 1031 1322 bona
1046 1260 1081 1322 in
1103 1280 1153 1335 se,
1170 1279 1242 1325 cum
1262 1269 1412 1345 precepta

133 1355 336 1430 supponatur,
364 1354 394 1411 et
414 1354 460 1411 est
479 1350 516 1412 de
538 1350 617 1412 bono
641 1347 776 1424 meliori,
796 1365 868 1410 oum
887 1365 1006 1411 norum
1022 1348 1182 1412 vinculum
1201 1351 1240 1413 ad
1261 1355 1408 1434 majorem

133 1435 313 1499 fidelitatem
332 1444 364 1500 et
379 1437 572 1502 devotionem
588 1438 623 1500 in
639 1437 835 1518 adimplenda
854 1437 918 1517 lege
941 1436 1075 1500 conferre
1090 1439 1198 1519 possit.
1214 1475 1254 1486 -
1268 1441 1318 1504 Ita
1332 1463 1410 1506 eom·

131 1529 278 1588 munitor.
295 1561 336 1574 -
349 1525 382 1587 S.
399 1527 468 1609 Liq.
485 1547 516 1590 a.
532 1531 603 1590 213.
617 1563 658 1572 -
669 1527 770 1589 Solm.

174 1615 274 1689 Quma.
291 1619 324 1678 2⁰
337 1617 389 1676 Aa
399 1615 610 1678 ooleotoolum
624 1617 672 1678 rei
686 1615 768 1677 hocce
783 1635 849 1676 eum
865 1615 926 1696 fiae
935 1635 1044 1698 provo,
1057 1625 1111 1676 out
1127 1617 1296 1680 conditione
1308 1619 1410 1682 molal

171 1701 260 1785 Hesp.
282 1704 321 1766 ad
340 1709 392 1766 {¹¹¹³
408 1703 500 1784 Nep,
518 1703 545 1766 si
568 1703 639 1766 finis
657 1704 758 1765 malus
777 1723 808 1766 se
829 1708 914 1765 tenet
931 1721 967 1766 cx
982 1707 1065 1784 parte
1079 1703 1123 1766 rei
1148 1709 1240 1780 vota,
1257 1725 1287 1768 r.
1305 1725 1364 1787 gr„
1381 1708 1410 1772 si

131 1808 242 1853 voveas
254 1793 479 1874 eleemosynam
491 1793 531 1854 ad
543 1791 777 1873 impetrandum
791 1791 907 1854 felicem
926 1793 1002 1855 furti
1021 1810 1209 1869 successum,
1227 1795 1274 1856 vel
1288 1795 1322 1857 in
1341 1813 1409 1876 gra-

131 1877 247 1942 tiarum
272 1880 421 1964 actionem
445 1899 498 1961 pro
519 1881 688 1943 latrocinio.
710 1881 816 1955 Ratio,
837 1879 910 1962 quia
933 1881 1016 1943 datio
1041 1881 1241 1964 eleemosyna
1260 1884 1298 1945 ad
1313 1885 1409 1947 talem

129 1965 225 2030 finem
240 1976 287 2032 est
300 1968 379 2032 actio
394 1969 662 2049 blasphematoris,
679 1970 768 2050 quasi
781 1973 861 2032 Deus
883 1971 922 2032 ad
943 1971 1130 2050 peccandum
1148 1989 1236 2051 opem
1254 1971 1339 2034 ferat.
1357 1975 1408 2036 Se-

131 2073 185 2118 cus
206 2057 386 2132 dicendum,
399 2059 490 2139 Juxta
509 2076 704 2121 communem
724 2058 927 2134 sententiam,
945 2059 971 2121 si
987 2060 1070 2121 mala
1087 2059 1218 2122 intentio
1237 2061 1409 2124 occidenta-

130 2143 203 2206 liter
218 2149 341 2207 tantum
365 2152 473 2207 votum
497 2147 669 2222 comitetur,
686 2153 716 2210 et
736 2145 807 2210 finis
827 2165 957 2229 pravus,
974 2147 1023 2210 uti
1046 2147 1138 2212 aits.
1162 2148 1353 2229 AlphonsuS,
1375 2169 1407 2214 se

127 2250 256 2313 prorsus
275 2239 378 2296 teneat
396 2253 434 2296 ex
451 2241 538 2316 parte
555 2235 710 2310 varentia,
728 2255 758 2298 v.
776 2253 834 2315 gr„
852 2235 879 2299 si
897 2237 982 2317 quis,
1006 2255 1121 2299 vovens
1135 2238 1173 2300 oh
1192 2238 1245 2299 Dei
1260 2239 1404 2318 gloriam,

123 2337 167 2382 ex
181 2339 263 2382 vana
276 2321 347 2384 dein
359 2323 560 2386 ostentatione
574 2323 720 2386 libentius
735 2333 856 2387 ealerne
872 2330 993 2387 voveat.
1009 2361 1050 2370 -
1063 2323 1098 2387 S.
1115 2326 1185 2407 Liq.
1203 2348 1235 2389 a.
1252 2331 1322 2392 206.

168 2409 261 2489 Reop.
276 2411 315 2473 ad
329 2415 383 2472 2⁸¹²
400 2411 538 2492 Affirm,
555 2412 582 2474 si
598 2418 708 2476 votum
721 2413 775 2475 fiat
786 2431 824 2476 ex
839 2413 951 2476 affectu
966 2433 1036 2494 erga
1050 2433 1116 2477 rem
1134 2415 1264 2490 bonam,
1279 2422 1316 2479 ut
1326 2418 1408 2481 bona

126 2502 185 2571 est,
200 2498 258 2558 etsi
272 2501 435 2580 conjuncta
449 2519 521 2563 oum
534 2520 625 2564 causa
643 2520 698 2564 seu
718 2503 890 2565 conditione
908 2503 1004 2577 mala,
1022 2509 1058 2566 ut
1077 2503 1104 2565 si
1123 2505 1194 2585 quis
1209 2510 1317 2568 voveat
1331 2507 1407 2570 elee-

126 2601 307 2667 mosynam,
320 2587 346 2649 si
361 2607 423 2652 non
438 2589 576 2671 capiatur
589 2590 624 2652 in
638 2591 729 2653 furto.
748 2591 814 2653 Etsi
824 2591 908 2653 enim
920 2589 1040 2654 furtum
1054 2593 1173 2655 malum
1189 2593 1245 2669 sit,
1264 2613 1324 2656 non
1337 2595 1407 2658 laedi

5 2687 7 2692 ·
125 2678 233 2736 tamen
247 2693 310 2740 non
329 2683 376 2739 est
389 2679 523 2754 malum,
541 2682 593 2742 sed
607 2680 659 2742 Dei
674 2680 808 2755 donum;
824 2685 855 2742 et
869 2687 979 2742 votum
992 2699 1056 2742 non
1070 2682 1151 2744 cadit
1168 2701 1259 2764 super
1272 2684 1403 2759 malum,

126 2763 181 2824 sed
196 2765 427 2844 superbonum,
444 2773 596 2848 quatenus
610 2768 645 2831 in
659 2787 690 2830 se
708 2769 826 2830 bonum
843 2773 899 2830 est.
916 2770 1011 2833 Multo
1029 2771 1128 2850 magis
1147 2779 1251 2833 autem
1266 2771 1298 2834 id
1312 2771 1405 2849 valet,

120 2849 276 2914 sinotum
290 2853 345 2916 fiat
358 2875 396 2917 ex
411 2856 500 2919 malae
511 2857 696 2919 conditionis
709 2856 927 2932 detestatione;
944 2862 980 2919 ut
995 2857 1022 2919 si
1036 2858 1106 2938 quis
1120 2865 1229 2922 voveat
1241 2861 1405 2945 eleemosy-

125 2957 216 3014 nam,
229 2943 255 3004 si
268 2949 299 3005 et
316 2944 435 3024 quoties
448 2944 649 3025 blasphemet.
660 2979 701 2992 —-
712 2946 887 3026 Loymonn,
905 2943 959 3007 lib.
975 2949 1017 3008 IV
1019 2995 1027 3022 ,
1045 2955 1084 3008 tr.
1099 2950 1150 3023 IV,
1166 2969 1232 3030 cop.
1246 2967 1287 3024 11,
1303 2970 1333 3011 o.
1350 2955 1383 3014 7.

166 3031 268 3104 Quum
285 3037 316 3094 3⁰
328 3033 379 3094 Au
394 3033 496 3096 valeat
510 3043 609 3096 oolam
623 3055 684 3095 uon
694 3033 842 3116 pereundi
850 3033 866 3095 l

74 3139 76 3142 ·
165 3116 255 3200 Resp.
274 3125 306 3182 1ο
322 3140 330 3182 :
346 3123 413 3183 Non
428 3122 509 3186 valet
522 3128 631 3186 votum
646 3121 767 3186 vitandi
780 3123 885 3185 omnia
896 3130 1016 3204 peccata
1030 3123 1125 3186 etiam
1139 3125 1310 3204 levissima,
1329 3129 1403 3211 quia

122 3204 181 3268 hoe
192 3207 381 3289 impossibile
395 3215 449 3273 est.
463 3247 504 3257 -
521 3211 620 3288 Trici,
637 3231 705 3274 sese.
721 3215 771 3275 Vl.

162 3295 260 3378 Besp.
274 3301 307 3360 2⁰
320 3318 327 3360 :
341 3299 429 3362 Valet
453 3306 559 3362 autem
583 3307 693 3363 votum
716 3300 835 3365 vitandi
859 3301 966 3366 omnia
992 3303 1148 3380 mortalia,
1165 3306 1213 3368 vel
1229 3307 1333 3370 omnia
1349 3323 1402 3372 ve-

122 3381 219 3446 nialia
241 3386 329 3466 plene
350 3387 528 3466 deliberata,
553 3389 703 3470 quiahoc
725 3397 772 3454 est
790 3391 933 3472 possibile
949 3409 1022 3455 cum
1044 3393 1150 3456 divina
1168 3394 1266 3474 gratia
1284 3401 1313 3458 et
1334 3395 1402 3460 sine

120 3472 245 3553 speciali
259 3475 431 3557 privilegio,
449 3479 475 3540 si
489 3483 592 3540 tamen
607 3479 644 3540 de
655 3479 792 3559 personis
807 3479 866 3562 piis
883 3487 1001 3562 agatur.
1018 3483 1095 3544 Item
1114 3483 1193 3546 valet
1213 3489 1321 3546 votum
1337 3503 1401 3550 non

121 3561 337 3626 committendi
350 3565 482 3629 venialia
496 3567 570 3632 certi
592 3568 726 3647 generiS,
742 3587 772 3630 v.
790 3588 849 3649 gr„
871 3588 1034 3651 nunquam
1054 3571 1239 3646 mentiendi,
1256 3574 1400 3652 quamvis

120 3648 159 3711 oh
176 3649 309 3715 nimiam
326 3655 530 3720 exsecutionis
545 3655 758 3719 difficultatem
778 3659 929 3738 ejusmodi
946 3666 1021 3723 vota
1043 3661 1143 3740 quoad
1160 3662 1318 3744 plerosque
1336 3681 1399 3726 non

118 3738 295 3819 expediant.
312 3778 352 3788 -
363 3743 508 3826 Bouoier,
527 3754 556 3807 et
570 3744 632 3807 olii
642 3765 702 3808 nou
713 3747 822 3828 pauci.

628 3951 841 4016 ARTICULUS
865 3953 892 4012 Π

541 4103 585 4149 nn
617 4091 861 4152 cormaricus
891 4107 976 4154 vorr

242 4220 468 4302 Principia.

158 4359 330 4422 aea-1.
350 4363 465 4423 Votum
487 4359 600 4442 obligat
616 4384 672 4446 per
685 4384 732 4444 oe,
757 4365 837 4429 siant
858 4367 908 4429 lex
928 4366 977 4430 vel
999 4373 1199 4448 praeceptum,
1218 4387 1252 4431 ac
1269 4369 1395 4451 proinde

113 4445 254 4523 graviter
267 4446 300 4509 in
313 4447 444 4512 materia
458 4450 555 4531 gravi,
572 4458 603 4515 et
615 4451 724 4516 leviter
737 4453 771 4516 in
787 4455 861 4534 levi;
874 4460 982 4518 votnm
995 4454 1079 4518 enim
1092 4463 1139 4519 est
1152 4459 1240 4539 quasi
1252 4461 1394 4540 quadam

118 4532 170 4595 lex
182 4533 318 4615 privata,
336 4557 430 4620 quam
444 4539 514 4622 quis
529 4541 588 4604 sibi
600 4541 743 4623 imponit.
