3202 5020
207 132 268 192 lot
735 143 942 189 rnacrnrus

735 321 906 367 Pnoeost‘no
928 323 953 367 11

245 443 344 506 Homo
371 444 469 504 viator
492 410 554 503 non
578 451 694 503 tontum
712 451 755 503 est
774 442 853 504 liber
874 442 1012 505 libertate
1033 441 1299 515 contradictionis,
1317 442 1370 504 sed
1390 444 1488 505 etiam

208 532 345 595 li’bcrtote
358 531 600 600 contrarietatis,
615 550 675 612 quo
688 530 729 592 od
743 533 855 592 motam
869 531 953 611 ferri
961 539 1071 614 potest.

247 625 372 684 Constat
385 639 424 682 ex
435 619 582 682 omnibus
596 618 770 682 rationibus
783 625 816 682 et
827 619 1015 682 testimoniis
1026 637 1099 682 mox
1111 619 1225 695 relatis,
1241 639 1272 682 v.
1289 639 1348 700 gr„
1366 621 1488 683 axillis

208 709 309 772 verbis
321 729 328 771 ε
340 709 447 770 Potuit
460 707 682 790 transgredi...,
696 708 795 789 facem
809 707 904 780 mab,
921 719 977 770 ete.

249 802 401 862 (laterum
432 803 498 860 tota
520 797 651 860 essentia
673 797 761 860 liberi
785 796 906 860 arbitrii
929 797 1081 878 reperitur
1109 797 1143 860 in
1169 798 1308 860 libertate
1330 798 1489 860 contradi·

209 887 319 950 ationis
324 905 337 965 ;
351 887 385 949 in
397 894 437 987 eo'
446 885 530 948 onim
544 885 696 987 consistit,
705 886 787 988 quod
801 885 843 948 sit
854 886 981 949 facultas
994 887 1169 988 agendiuel
1182 905 1245 948 non
1258 887 1381 988 agendi:
1393 889 1489 990 atqiri

208 978 265 1040 hoc
278 982 403 1056 praestat
413 975 539 1037 hbertas
549 975 805 1049 contradictionis,
822 981 858 1037 ut
869 980 964 1054 patet.
976 978 1180 1055 Ergo...H1nc
1191 982 1328 1056 potentia
1338 978 1489 1056 peccandi
1576 995 1577 1036 i

208 1084 271 1216 ppn
289 1071 338 1165 est¹
354 1064 390 1126 de
409 1063 527 1126 ratione
545 1063 632 1126 liberi
647 1062 778 1126 arbitrii.
793 1099 832 1108 —
851 1063 923 1125 Vidi
938 1062 1031 1147 plara
1046 1063 1082 1126 de
1100 1063 1238 1126 libertate
1260 1064 1294 1125 iii
1314 1063 1488 1146 Tlieoloqi'o

155 1179 157 1183 ·
245 1163 384 1236 gniatieo.

709 1292 926 1355 ARTIGULUS
945 1292 985 1352 Ill

545 1437 584 1481 nn
605 1436 752 1482 craoslns
774 1437 963 1482 vocantium
984 1437 1022 1480 ar
1042 1436 1148 1481 trenno

249 1565 384 1638 Quatuor
400 1568 609 1643 opponuntur,
630 1562 745 1625 scilicet
762 1563 952 1643 ignorantia,
970 1561 1227 1642 conciipiscentia,
1249 1568 1366 1637 metus,
1385 1568 1417 1625 et
1438 1564 1488 1627 vis

209 1669 263 1714 seu
277 1650 433 1715 violentia.

660 1783 678 1866 ξ
698 1781 725 1848 l.
750 1783 798 1848 De
813 1781 1028 1868 ignorantie.

249 1934 298 1993 te.
313 1965 352 1972 —
366 1932 536 1992 britanio.
552 1926 726 2006 Ignorantia
739 1928 907 2006 generatim
922 1934 1046 2009 sumpta
1060 1934 1107 1990 est
1120 1927 1254 1990 carentia
1266 1926 1413 1990 scientiae.

248 2021 379 2080 D1r1s1o.
395 2011 603 2095 Distinguitur
615 2015 810 2094 ignorantia:

250 2105 448 2184 {⁰,Posi'ti'oo,
461 2104 508 2167 vel
522 2107 680 2186 negativo,
696 2109 786 2184 prout
801 2111 848 2166 est
861 2104 996 2167 carentia
1014 2104 1148 2168 scientiae
1160 2104 1284 2180 debita,
1301 2106 1350 2168 vel
1363 2104 1490 2168 indebi-

210 2202 264 2268 tat,
281 2215 311 2258 v.
329 2213 387 2274 gr,
403 2191 577 2274 ignorantia
586 2193 667 2276 juris
681 2192 819 2254 canonici
833 2192 867 2254 in
881 2192 1007 2256 rustico.

249 2287 282 2346 2⁰
295 2281 396 2361 taric,
417 2283 465 2344 vel
483 2281 562 2362 sorti
570 2327 576 2354 ,
592 2286 683 2361 prout
702 2287 840 2344 versatur
857 2282 936 2344 circa
956 2281 1044 2362 legin
1061 2283 1109 2346 vel
1127 2282 1198 2345 iacti
1212 2282 1407 2363 particularis
1421 2283 1490 2346 exi-

210 2371 367 2436 stantiam.

251 2467 283 2528 3ο
304 2458 471 2535 Vinribi'li's,
485 2459 532 2522 vel
544 2456 737 2528 i'noi'ncibiti's,
753 2466 855 2539 prout,
871 2458 1010 2522 adbibita
1023 2459 1191 2540 diligentia,
1208 2459 1292 2522 vinci
1305 2465 1422 2540 potest,
1440 2461 1490 2524 vel
1576 2435 1577 2464 ³

210 2569 283 2613 non.
299 2585 339 2595 —
353 2547 544 2612 lnvincibilis
557 2552 660 2610 autem
672 2551 718 2610 est
729 2548 867 2630 physice,
886 2549 913 2610 si
926 2548 1011 2611 nullo
1026 2550 1115 2611 modo
1130 2547 1212 2610 vinci
1231 2548 1342 2628 possit;
1358 2549 1492 2611 morali·

210 2649 256 2700 ter
267 2657 348 2710 vero,
365 2636 391 2699 si
403 2636 542 2698 adhibita
557 2636 665 2699 morali
680 2636 840 2716 diligentia
853 2636 917 2699 tolli
932 2641 1074 2716 nequeat.
1090 2636 1212 2701 Moralis
1224 2641 1330 2698 autem
1344 2645 1492 2700 censetur

211 2745 246 2790 ea
265 2725 441 2806 diligentia,
463 2742 558 2805 quam
580 2724 640 2789 viri
660 2726 842 2806 prudentes,
869 2743 923 2806 pro
948 2724 992 2786 rei
1013 2725 1179 2805 gravime,
1205 2724 1349 2788 adhibere
1373 2726 1487 2788 solent.
1576 2717 1577 2784 l

210 2818 302 2878 Porro
324 2831 386 2876 non
408 2814 500 2875 datur
519 2813 694 2892 ignorantia
715 2813 884 2890 vincibilis
908 2813 970 2876 nisi
991 2817 1201 2893 cognoscatur,
1225 2814 1334 2876 saltem
1356 2813 1391 2875 in
1418 2835 1491 2876 con·
1576 2797 1577 2860 i

210 2903 294 2984 suso,
315 2901 458 2980 obligatio
480 2901 610 2964 ulterius
634 2901 827 2983 inquirendi;
848 2903 922 2983 quia
942 2901 1044 2981 prima
1062 2901 1131 2964 idea
1150 2919 1213 2964 non
1232 2906 1277 2964 est
1295 2901 1328 2964 in
1349 2902 1491 2966 bominis

211 2995 371 3071 potestate.

252 3082 285 3141 t⁰
298 3079 499 3157 Antecedeni,
513 3079 561 3141 vel
574 3099 766 3162 consequens,
783 3087 874 3160 prout
890 3097 1014 3141 omnem
1028 3079 1184 3160 praecedit,
1201 3079 1248 3142 vel
1262 3080 1397 3162 aliquem
1414 3082 1492 3144 sub-

213 3167 354 3248 sequitur
365 3166 534 3230 volantatis
548 3174 666 3244 actum;
683 3167 728 3230 ita
742 3175 779 3230 ut
789 3171 880 3251 prior
894 3168 936 3230 sit
948 3187 1073 3248 prorsus
1087 3167 1306 3244 involuntaria,
1321 3168 1492 3232 invincibi-

214 3256 262 3331 lis,
274 3256 407 3336 adeoque
419 3255 629 3337 inculpabilis;
643 3257 791 3336 posterzbr
797 3257 971 3320 voluntaria
985 3256 1027 3318 sit
1040 3255 1153 3318 directe
1163 3257 1211 3318 vel
1221 3255 1379 3332 indirecte,
1389 3257 1492 3320 virici-

213 3344 284 3407 bilis
307 3352 339 3408 et
360 3344 431 3425 plus
451 3344 594 3408 minusve
618 3345 793 3425 culpabilis;
819 3351 949 3426 utraque
975 3350 1080 3408 autem
1106 3345 1149 3407 sit
1173 3363 1264 3406 causa
1285 3344 1404 3408 volendi
1432 3365 1491 3409 seu

213 3433 342 3496 faciendi
357 3432 389 3496 id
404 3434 486 3514 quod
500 3452 563 3496 non
576 3433 676 3508 lieret,
693 3434 720 3496 si
735 3433 863 3497 scientia
876 3433 1003 3496 adesset.

254 3524 316 3584 Hoc
330 3521 478 3584 ultimum
493 3522 657 3585 dumtaxat
670 3523 796 3603 (nempe
810 3523 891 3602 quod
905 3522 972 3602 ipsa
986 3522 1025 3584 sit
1039 3521 1192 3584 voluntati
1210 3539 1302 3584 causa
1317 3521 1439 3586 volendi
1458 3523 1491 3586 id

214 3612 296 3693 quod
318 3610 394 3674 alias
416 3629 479 3675 non
496 3612 599 3692 vellet)
623 3611 708 3674 addit
727 3611 902 3691 ignorantia
922 3612 1101 3674 antecedens
1121 3610 1168 3672 vel
1186 3629 1373 3692 consequens
1396 3629 1492 3692 supra

213 3699 421 3780 ignorantiam
440 3699 619 3781 simpliciter
632 3698 845 3762 invincibilem
857 3699 904 3762 vel
918 3697 1111 3774 vincibilem,
1125 3699 1176 3761 cui
1193 3698 1226 3763 id
1243 3717 1306 3762 non
1320 3699 1491 3763 necessario

215 3787 371 3868 competit.

254 3876 310 3938 Hic
324 3876 439 3940 mentio
458 3894 578 3958 quoque
596 3875 732 3938 facienda
750 3875 932 3955 ignorantiae
950 3876 1189 3953 concomitantia,
1207 3895 1269 3956 qua
1282 3876 1353 3958 quis
1368 3876 1492 3956 ignorat

214 3962 290 4043 quid
304 3971 389 4042 agat,
406 3965 457 4027 sed
474 3965 574 4027 adbuc
592 3971 693 4043 ageret
712 3963 782 4026 licet
800 3981 863 4026 non
881 3963 1045 4044 ignoraret.
1062 3965 1131 4045 Ipsa
1144 3963 1178 4027 in
1192 3971 1297 4027 actum
1312 3964 1491 4028 nullatanus
1576 3975 1577 4004 t

214 4049 605 4218 lnfllglgltlibbantisaffliincibilis
627 4139 740 4221 triplex
761 4139 982 4220 distinguntur,
1007 4141 1121 4206 scilieet
1144 4147 1176 4205 1⁰
1198 4139 1379 4225 simpliciter
1402 4140 1488 4216 tatis,

214 4225 336 4306 quanm
352 4226 390 4289 ad
406 4247 475 4290 eam
488 4229 696 4311 depellendam
712 4226 871 4309 diligentia
885 4229 1003 4310 aliqua,
1017 4247 1081 4293 non
1098 4237 1204 4293 tamen
1218 4229 1386 4306 sufficiens,
1402 4227 1491 4292 adhi-
1576 4235 1577 4313 l

214 4313 319 4388 betur;
335 4318 367 4377 2⁰
378 4335 479 4378 erasm
493 4335 546 4380 seu
558 4318 680 4400 supino,
694 4317 817 4398 quando
830 4317 952 4381 nullum
966 4325 1020 4380 aut
1033 4319 1087 4381 vix
1100 4317 1200 4380 ubam
1214 4318 1248 4381 in
1258 4317 1388 4382 veritate
1400 4317 1490 4381 inda·
1576 4315 1577 4318 ’

215 4400 314 4482 ganda
328 4402 466 4466 studium
478 4405 658 4486 apponitur3
673 4411 704 4470 3⁰
718 4405 874 4486 affectato,
890 4425 959 4488 quiae
973 4412 1020 4470 est
1031 4405 1142 4470 directe
1153 4405 1262 4484 volita,
1279 4414 1315 4471 ut
1328 4425 1400 4471 cum
1416 4404 1487 4489 qitis
