3202 5020
533 1086 1011 1202 PROOEMIUM

165 1821 345 1900 Antequam
366 1837 401 1881 ea
418 1825 602 1900 pertractare
619 1817 820 1898 incipiamus,
838 1836 908 1899 qun
925 1824 1038 1882 nostra
1058 1817 1131 1882 huic
1152 1819 1287 1882 scientia
1305 1819 1401 1900 subji-

126 1908 265 1983 ciuntur,
282 1926 379 1990 operae
393 1906 529 1988 pretium
543 1925 608 1970 esse
619 1907 743 1969 videtur
754 1908 788 1969 in
800 1906 866 1989 ipso
878 1907 965 1970 aditu
980 1905 1209 1988 aliquantulum
1220 1906 1398 1982 consistere,

125 2004 156 2061 ct
170 2015 208 2060 ea
221 2014 292 2078 qua
306 1996 345 2059 ad
357 2002 496 2058 nostram
509 1994 682 2058 doctrinam
697 2001 835 2077 spectant
846 1995 1018 2059 universim
1032 1995 1231 2059 considerare.
1245 1997 1289 2058 Ac
1300 1996 1402 2078 primo

125 2078 255 2167 paridem
271 2086 404 2148 1111111
423 2083 595 2167 theologicos
610 2090 656 2147 cst
675 2102 737 2148 non
755 2085 855 2148 solum
873 2086 911 2148 de
927 2084 967 2148 iis
986 2084 1143 2167 disputare
1162 2083 1276 2148 divinae
1287 2085 1401 2148 revela-

124 2174 225 2238 tionis
238 2172 411 2256 mysteriis,
428 2191 496 2256 quae
507 2172 594 2236 Fidei
605 2174 748 2254 dogmata
759 2174 961 2254 appellantur,
978 2175 1030 2236 sed
1045 2173 1140 2237 ctiam
1151 2174 1190 2236 ad
1205 2191 1240 2236 ea
1254 2173 1358 2236 omnia
1369 2192 1401 2236 se

124 2262 299 2344 porrigere,
312 2281 378 2342 quae
393 2264 432 2328 ad
445 2261 610 2325 hominum
628 2281 728 2326 mores
742 2263 802 2324 rite
816 2261 998 2343 effingendos
1012 2281 1031 2325 a
1044 2266 1103 2326 Deo
1121 2262 1269 2338 revelata,
1285 2268 1315 2325 et
1329 2281 1401 2326 cum

124 2349 253 2429 integro
265 2350 456 2414 revelationis
474 2349 609 2432 deposito
625 2350 763 2414 Ecclesia
781 2350 958 2431 magIstcrio
975 2351 1146 2415 concredita
1163 2357 1247 2414 sunt.
1263 2353 1398 2426 Verum,

126 2456 202 2502 cum
215 2438 345 2501 humani
357 2458 458 2502 mores
475 2457 539 2502 non
558 2439 658 2502 solum
670 2443 762 2522 juxta
777 2447 867 2502 rectae
881 2438 1010 2502 rationis
1025 2441 1120 2520 leges,
1138 2440 1190 2502 sed
1207 2439 1301 2502 etiam
1310 2443 1401 2522 juxta

126 2528 269 2592 revelatae
283 2527 451 2592 voluntatis
463 2528 517 2591 Dei
528 2546 670 2591 normam
682 2529 822 2608 exigendi
836 2529 914 2604 sint,
930 2534 967 2592 ut
978 2547 1032 2608 per
1043 2528 1325 2610 supernaturalium
1340 2528 1401 2590 vir-

128 2621 235 2679 tutum
244 2623 331 2680 actus
341 2618 379 2680 ad
392 2617 656 2698 supcmatumlem
666 2617 764 2680 vitam
774 2624 806 2680 et
813 2617 993 2680 beatitatem
1003 2617 1187 2698 dirigantur,
1199 2616 1400 2679 manifestum

128 2712 174 2767 est
186 2705 289 2786 prima
300 2712 415 2769 nostrae
431 2705 568 2769 scientiae
583 2706 731 2768 elementa
747 2724 809 2768 non
824 2705 948 2769 aliunde
961 2711 1057 2786 quam
1071 2724 1109 2768 cx
1121 2705 1193 2770 fidei
1204 2705 1400 2786 dogmatibus

128 2811 192 2856 csse
205 2794 389 2875 accipienda.
406 2794 524 2858 Serviat
540 2794 637 2875 igilur
654 2794 728 2857 huic
741 2800 854 2858 nostran
867 2794 1035 2876 disciplina
1048 2793 1188 2857 humana
1200 2794 1293 2870 ratio;
1310 2795 1400 2858 Fides

128 2901 199 2946 vero
210 2888 242 2946 et
250 2883 405 2964 judicium
419 2882 693 2963 magisteriumque
705 2882 844 2946 Ecclesia
855 2889 991 2965 praeeant
1001 2883 1036 2945 in
1050 2881 1136 2944 omni
1148 2889 1254 2946 nostra
1264 2882 1401 2964 disputa·

127 2970 224 3045 tione,
250 2990 371 3034 necesse
394 2978 450 3034 est.
476 2976 548 3036 lure
572 2971 669 3052 igitur
691 2970 764 3034 huic
785 2971 921 3035 scientiae
946 2971 1120 3053 Theolopioe
1141 2971 1264 3033 moralia
1286 2989 1401 3035 nomen

128 3057 243 3122 iactum
258 3068 314 3123 est.
332 3064 434 3142 Atque
448 3079 485 3124 ex
495 3061 552 3123 hoc
563 3059 645 3141 ipso,
662 3066 779 3141 qua11ta
793 3059 835 3123 sit
848 3062 914 3141 ejus
927 3060 994 3124 laus
1008 3078 1043 3123 ac
1057 3058 1192 3140 dignitas
1205 3061 1334 3142 planum
1352 3059 1398 3123 fit.

128 3150 196 3211 Hac
209 3148 310 3224 enim,
328 3149 468 3214 immotis
487 3149 574 3213 Fidei
592 3147 746 3212 catholica
764 3149 960 3230 dogmatibus
974 3148 1097 3225 innixa,
1115 3167 1150 3212 ac
1163 3148 1279 3212 divinis
1293 3154 1400 3212 ornata

126 3234 316 3312 virtutibus,
332 3237 487 3320 adipsum
504 3236 677 3301 sanctitatis
689 3237 873 3300 omnimodae
885 3237 1006 3301 1111111
1019 3237 1177 3319 pertingit.
1192 3240 1262 3300 llaec
1273 3235 1400 3299 scientia

126 3330 187 3400 est,
201 3343 271 3408 quae
285 3326 472 3408 praecipuam
482 3326 619 3390 hominis
634 3333 768 3406 partem,
783 3345 843 3401 cor,
862 3326 1008 3407 inquam,
1025 3333 1192 3400 scrutatur,
1206 3328 1270 3407 ejus
1283 3322 1399 3386 morbis

126 3414 278 3490 medetur,
301 3416 403 3478 sordes
421 3415 584 3496 abstergit,
605 3413 694 3495 eique
712 3420 815 3478 tutam
833 3415 871 3478 ad
888 3420 987 3478 Deum
1002 3415 1084 3477 inter
1102 3421 1149 3478 tet
1163 3415 1308 3477 humana
1327 3411 1400 3474 vitae

126 3501 278 3584 scopulos
301 3503 376 3567 Fide
395 3504 595 3585 praelucente,
616 3509 847 3566 commonstrat.
871 3503 950 3567 ilinc
967 3502 1053 3566 facile
1071 3509 1196 3585 apparet
1217 3499 1326 3582 quanti
1347 3500 1399 3563 illa
1468 3563 1469 3566 ,

126 3590 257 3654 scientia
269 3591 412 3655 habenda
425 3592 481 3671 sit,
498 3609 567 3674 qua
579 3592 662 3674 ipsos
676 3592 729 3655 Dei
743 3598 961 3673 cooperatores,
978 3589 1156 3656 animarum
1168 3597 1298 3654 rectores
1311 3589 1398 3651 effor-

124 3683 207 3756 mat,
222 3686 261 3743 ut
279 3699 373 3744 suum
390 3681 451 3762 ipsi
468 3681 601 3746 officium
618 3686 813 3762 cognoscant,
831 3686 863 3743 et
878 3681 918 3743 ad
935 3679 1010 3744 alios
1027 3681 1172 3763 regendos
1191 3677 1343 3754 subsidia,
1361 3679 1398 3740 ad

125 3769 279 3832 sanandos
297 3769 448 3845 remedia,
469 3772 508 3836 ad
525 3769 658 3852 benigne
675 3768 867 3850 excipiendos
885 3775 1013 3850 paterna
1028 3769 1143 3833 viscera
1160 3767 1304 3830 habeant.
1325 3767 1398 3842 Quae

125 3873 198 3919 cnm
212 3855 258 3920 ita
273 3857 353 3934 1111,
370 3877 460 3923 nemo
475 3865 523 3924 est
538 3859 595 3942 qui
610 3877 673 3923 non
687 3857 791 3924 videat
806 3864 924 3940 quanta
934 3858 981 3940 ait
996 3859 1091 3942 hujus
1107 3855 1241 3920 scientia
1256 3873 1320 3918 non
1335 3853 1400 3918 uti-

124 3943 196 4008 lilas
213 3947 321 4023 modo,
343 3949 394 4010 sed
413 3947 509 4012 etiam
530 3947 705 4012 necessitas.
726 3947 839 4012 Idcirco
857 3949 1028 4012 Gnaeonros
1046 3949 1190 4019 1111111,
1210 3943 1245 4008 11
1263 3943 1340 4007 libro
1362 3943 1398 4006 de

124 4031 284 4097 Puatorcli
304 4034 431 4118 Officio,
452 4037 601 4100 exclamat
623 4057 632 4100 τ
654 4038 717 4100 Ans
740 4054 857 4100 narrum
877 4053 1011 4100 11111111
1030 4050 1202 4098 11111111.
1224 4033 1311 4110 Quod
1331 4036 1399 4115 post

124 4119 229 4202 ipsum
240 4123 294 4186 alii
303 4129 443 4188 Doctores
454 4143 489 4188 ac
499 4124 601 4206 prima
611 4125 740 4208 hujusce
751 4123 920 4205 disciplina
930 4123 1051 4187 lumina
1059 4122 1170 4185 iisdem
1179 4122 1399 4204 propemodum

124 4210 227 4274 verbis
240 4212 433 4294 ingeminare
451 4232 514 4277 uon
528 4213 723 4276 dubitarunt.
740 4215 824 4291 Quod
838 4212 866 4276 si
879 4211 940 4276 viri
954 4210 1082 4276 scientia
1097 4227 1131 4274 ac
1145 4229 1205 4274 111
1219 4210 1399 4291 peritissimi

28 4313 29 4380 p
123 4296 169 4360 ita
183 4300 220 4363 de
234 4299 291 4364 bac
305 4319 338 4366 re
352 4307 533 4376 senserunt,
549 4301 577 4363 si
591 4301 869 4365 salebronssimum
883 4300 965 4363 inter
978 4299 1082 4362 omnia
1095 4298 1152 4362 hoc
1167 4299 1301 4363 officium
1317 4317 1398 4362 asse·

28 4383 29 4390 ’
125 4403 191 4450 rere
204 4407 266 4452 nou
279 4388 410 4453 inficiati
424 4397 514 4466 sunt,
528 4389 604 4472 quid
618 4391 655 4454 de
668 4389 708 4454 111
724 4389 921 4454 sentiendum
935 4393 997 4464 est,
1016 4387 1071 4469 qui
1085 4387 1215 4453 vixdum
1229 4387 1346 4469 aliquid
1360 4387 1397 4449 de

124 4472 182 4540 hac
190 4484 255 4544 arte
265 4479 399 4544 summis
410 4479 501 4544 labiis
513 4480 733 4560 degustarunt,
747 4479 786 4542 ad
796 4477 1027 4542 formidandum
1038 4477 1095 4542 hoc
1105 4495 1221 4540 munus
1231 4475 1397 4540 accedunt?
