3206 5024
590 227 633 272 nr:
652 227 855 272 rnncnerrs
876 225 1052 274 necatoor
1387 216 1455 277 183

179 343 376 402 commutare
387 336 422 400 in
433 356 509 419 opus
523 337 679 401 evidenter
692 336 818 413 melius,
835 337 926 400 modo
944 336 978 400 id
998 335 1130 400 Ecclesia
1143 335 1177 399 in
1191 354 1262 399 casu
1278 338 1457 418 particulari

179 445 246 490 non
258 424 464 507 prohibuerit;
478 427 552 508 quia
565 427 642 489 dum
655 425 725 507 quis
740 425 857 506 peragit
866 444 942 506 opus
952 445 984 488 re
995 425 1145 506 promissa
1158 425 1333 509 perfectius,
1343 447 1377 491 co
1391 427 1457 510 ipso

178 517 216 578 id
229 521 332 578 serrat
345 515 425 595 quod
437 514 621 595 promiserat
632 533 703 578 oum
714 514 882 595 perfectum
896 513 930 576 in
944 512 1116 595 perfectiori
1131 513 1318 577 includatur.
1330 519 1457 582 Constat

181 603 312 686 insuper
325 621 362 666 ex
373 604 445 665 Jrrre
456 621 522 666 can.
541 623 567 668 e.
585 607 620 682 3,
638 605 675 666 de
685 603 905 684 Jurejarando.
919 602 1027 666 Melius
1041 609 1146 665 autem
1158 608 1309 677 censetur,
1323 607 1405 685 quod
1418 608 1459 670 ad

179 696 332 776 majorem
345 691 512 755 utilitatem
525 691 718 773 spiritualem
728 691 867 756 voventis
878 739 884 766 ,
894 709 928 754 ac
937 696 1037 773 majos
1049 690 1103 755 Dei
1113 690 1295 772 obsequium
1303 695 1456 758 conducit.

183 781 297 862 Excipe
311 787 415 844 amen
428 786 500 844 rota
512 784 599 862 Papa
611 787 778 856 reservata,
791 779 854 842 nisi
868 781 1001 844 mutatio
1016 780 1071 844 fiat
1080 779 1115 842 in
1133 786 1251 842 statum
1265 780 1453 862 religiosum.

178 903 223 920 -
236 869 270 932 S.
283 869 354 950 Lep.
372 890 403 930 n.
419 873 491 935 tta.

182 1005 186 1012 .
221 961 273 1021 III.
289 957 345 1033 Qui
359 964 468 1022 votum
480 958 600 1033 emisit,
614 958 690 1022 illud
705 958 740 1020 in
751 957 869 1022 bonum
880 956 987 1021 minus
996 957 1118 1040 propria
1129 959 1309 1022 auctoritate
1319 979 1458 1024 commu·

178 1053 245 1110 tare
256 1045 383 1127 nequit;
401 1046 490 1110 debet
501 1047 585 1110 enim
598 1051 658 1110 Deo
673 1047 744 1108 dare
757 1045 908 1128 quidquid
924 1047 1077 1127 promisit.
1091 1046 1196 1109 -Ita
1209 1069 1321 1111 omnes.
1337 1083 1378 1098 -
1392 1053 1457 1113 imo

178 1153 237 1198 nec
249 1141 351 1216 potest
364 1141 473 1198 votum
483 1153 577 1198 suum
586 1140 709 1198 mutare
719 1134 754 1198 in
763 1134 881 1198 bonum
893 1135 1007 1216 aquale
1018 1184 1025 1211 ,
1037 1135 1124 1217 quia,
1136 1136 1235 1217 posita
1244 1137 1456 1217 promissione,

176 1223 292 1290 merito
299 1232 441 1287 censetur
449 1242 514 1288 esse
523 1228 582 1288 lieo
591 1223 709 1305 gratim
720 1241 785 1286 rem
794 1222 894 1304 ipsam
903 1223 1087 1304 promissam
1099 1243 1137 1288 ex
1146 1223 1292 1290 fidelitate
1299 1234 1455 1308 praestare,

180 1329 277 1393 quam
288 1312 382 1375 aliam
394 1313 543 1393 aqualem
557 1315 624 1394 ejus
635 1313 698 1375 loco
712 1330 766 1392 pro
779 1329 833 1374 suo
846 1312 973 1375 arbitrio
988 1312 1185 1376 substituere.
1194 1349 1235 1358 -
1245 1313 1298 1375 Ita
1307 1315 1458 1398 probabi-

179 1401 242 1463 lius
257 1419 326 1464 cum
347 1399 382 1463 S.
404 1401 490 1484 Lep,
511 1405 634 1476 11111,
651 1407 683 1463 et
696 1409 801 1482 quast.
821 1401 879 1482 res.
896 1405 931 1477 8,
948 1401 1080 1463 Elerreb.
1098 1405 1128 1466 b.
1143 1437 1184 1446 —
1196 1401 1232 1464 S.
1250 1403 1353 1467 Tbom.
1372 1408 1405 1466 in
1419 1409 1456 1482 b,

178 1488 255 1552 dist.
271 1494 325 1565 38,
337 1509 367 1572 q.
382 1495 416 1565 1,
431 1500 491 1551 art.
506 1495 538 1554 1.
550 1527 590 1536 -
603 1488 729 1570 Suarez,
748 1490 784 1552 de
803 1489 888 1564 Vota,
907 1488 928 1550 l.
942 1491 997 1565 Vl,
1015 1511 1040 1552 c.
1057 1509 1124 1566 xrx,
1138 1511 1170 1554 a.
1185 1494 1216 1553 5.

222 1581 274 1640 IV.
289 1579 431 1641 Sacerdos
444 1579 598 1660 delegatus
614 1580 653 1641 ad
664 1585 736 1642 vota
750 1596 832 1641 mere
847 1578 1079 1653 commutanda,
1096 1577 1176 1642 eain
1191 1597 1267 1658 opus
1281 1580 1458 1644 notabiliter

178 1665 289 1728 minus
304 1674 494 1730 commutare
513 1667 636 1748 nequit,
656 1667 731 1748 quia
751 1685 837 1730 secus
855 1685 968 1748 magna
986 1685 1024 1730 ex
1040 1671 1127 1748 parte
1145 1665 1350 1747 dispensaret,
1366 1674 1398 1731 et
1416 1669 1459 1733 sic

177 1761 337 1837 acceptam
364 1755 539 1819 facultatem
564 1755 728 1820 excederet.
754 1757 901 1818 Attamen
922 1754 1050 1826 facultas
1072 1761 1143 1818 vota
1164 1755 1373 1818 commutandi
1395 1775 1460 1820 non

177 1844 255 1907 adeo
275 1845 380 1908 stricte
403 1851 449 1908 est
469 1844 715 1925 interpretanda,
736 1851 773 1906 ut
791 1844 829 1907 ad
845 1863 922 1926 opus
938 1843 1065 1907 omnino
1080 1843 1195 1924 aequale
1213 1849 1392 1921 coarctetur,
1406 1846 1459 1909 sed

176 1931 284 1995 latiori
300 1951 392 1996 sensu
406 1932 581 2012 accipienda
594 1937 655 2006 est,
670 1933 743 1995 adeo
762 1939 799 1995 ut
817 1933 855 1996 ad
875 1951 951 2014 opus
972 1931 1129 2014 aliquanto
1153 1932 1259 1996 minus
1279 1951 1344 1996 sese
1361 1933 1459 2014 porri-

176 2027 251 2100 gat;
268 2039 354 2084 secus
374 2020 458 2084 enim
478 2019 652 2084 innumeris
671 2020 902 2084 difficultatibus
921 2029 952 2084 et
970 2020 1120 2102 scrupulis
1137 2021 1267 2084 obnoxia
1281 2019 1368 2097 foret,
1387 2039 1459 2084 cum

176 2108 400 2172 difficillimum
416 2110 457 2172 sit
469 2109 676 2192 aequalitatem
687 2109 826 2174 invenire
843 2111 878 2172 in
893 2111 986 2173 rebus
1000 2109 1126 2173 omnino
1143 2109 1316 2191 disparatis.
1330 2112 1458 2191 Insuper

175 2197 383 2261 commutatio
398 2197 487 2260 debet
503 2197 537 2262 iu
558 2199 770 2262 allevationem
788 2202 854 2281 ejus
877 2199 957 2276 fieri,
974 2198 1029 2280 qui
1050 2217 1114 2262 sese
1131 2205 1202 2262 voto
1224 2197 1401 2262 obstrinxit.
1417 2233 1457 2244 -

173 2284 217 2347 S.
234 2285 306 2366 Lep.
323 2307 356 2348 a.
369 2289 440 2350 bb‘l.

308 2415 502 2492 Quaeslta.

221 2547 290 2607 335.
307 2580 347 2588 -
361 2547 463 2620 Quina.
478 2550 512 2608 10
527 2544 577 2605 Αη
591 2547 770 2628 requiratur·
785 2565 878 2608 causa
893 2545 1000 2628 aliqua
1014 2544 1056 2606 ad
1068 2553 1170 2607 rotam
1186 2549 1220 2606 ia
1235 2565 1312 2628 opus
1327 2546 1456 2627 aequate,

175 2631 229 2696 vel
239 2631 334 2714 paulo
347 2636 463 2702 minae,
482 2633 750 2696 commutandam?

222 2719 315 2804 desp.
329 2727 361 2784 10
371 2720 512 2804 Affirm,
527 2723 628 2803 quoad
641 2723 816 2801 iteritatem,
829 2725 903 2805 quia
915 2741 1001 2786 secus
1014 2725 1169 2803 delegatus
1183 2723 1308 2803 prodige
1321 2740 1457 2786 commu·

176 2814 276 2886 taret,
290 2810 325 2873 in
339 2828 456 2873 vanum
468 2816 618 2892 potestate
632 2811 983 2892 commutandiutendo.

224 2897 315 2981 desp.
330 2903 364 2961 2⁰
378 2898 587 2962 Probabititer
601 2899 695 2963 etiam
708 2899 841 2983 affirm„
854 2901 954 2981 quoad
969 2900 1176 2975 caliditatem,
1193 2900 1267 2982 quia
1285 2901 1456 2982 delegatus,

177 2985 249 3050 sine
267 3005 358 3051 causa
376 2993 586 3062 commutans,
602 2987 716 3050 limites
733 3007 797 3052 sua
814 2988 975 3069 potestatis
995 2987 1119 3051 videtur
1136 2989 1287 3052 excedere.
1312 2991 1459 3053 Attamen

177 3074 367 3138 sententiam
379 3074 550 3157 oppositam
566 3094 652 3157 aque
669 3075 862 3159 probabilem
878 3075 952 3138 dicit
966 3074 1001 3137 S.
1017 3075 1088 3158 Lip.
1105 3097 1136 3137 a.
1153 3080 1224 3141 btb.
1242 3077 1341 3142 Minor
1355 3083 1460 3142 tamen

175 3162 354 3244 requiritur
377 3183 468 3226 causa
487 3166 527 3228 ad
551 3167 821 3240 commutandum,
843 3183 937 3247 quam
955 3163 994 3228 ad
1018 3163 1276 3245 dispensandum
1298 3171 1328 3228 et
1350 3183 1458 3228 rursus

175 3251 285 3316 minor
303 3252 475 3333 requiritur
493 3252 531 3315 ad
548 3255 804 3317 commutandum
822 3253 857 3316 in
878 3253 1008 3335 aquale,
1025 3271 1119 3334 quam
1139 3254 1174 3317 in
1191 3255 1298 3317 minus
1318 3274 1325 3316 ε
1347 3251 1460 3315 sufficit

176 3339 267 3414 enim
280 3344 378 3423 major
391 3359 526 3422 personas
539 3341 714 3423 propensio,
728 3343 776 3405 vel
787 3341 893 3405 minus
902 3341 1073 3423 periculum
1085 3346 1191 3406 votum
1201 3339 1457 3422 transgrediendi.

175 3463 222 3476 —
236 3427 272 3490 S.
287 3430 359 3511 Lep.
373 3451 404 3491 a.
421 3433 491 3494 tlt.

223 3519 325 3592 Qomn.
338 3522 372 3581 2⁰
387 3518 451 3597 An,
466 3519 552 3600 saeta
567 3520 805 3583 commutatione
810 3568 819 3598 ,
838 3520 927 3583 liceat
938 3518 1039 3582 redire
1053 3519 1236 3603 adprimum
1250 3518 1347 3600 opus?

223 3605 318 3690 desp.
336 3613 367 3671 10
385 3607 523 3690 Aspim,
539 3607 566 3671 si
585 3609 785 3672 commutatio
803 3609 882 3672 facta
896 3608 1041 3671 fueritin
1053 3609 1160 3673 minus
1176 3608 1224 3671 vel
1240 3603 1459 3688 aquilaque

175 3695 320 3776 primum
332 3715 408 3778 opus
422 3702 468 3759 est
477 3714 563 3780 eque
574 3703 698 3780 gratum
712 3701 787 3774 Deo,
802 3697 865 3762 imo
881 3703 912 3762 et
928 3695 1046 3778 gratius
1058 3697 1190 3762 ridetur.
1204 3731 1244 3744 -
1259 3696 1310 3757 lta
1326 3713 1458 3754 commu-

176 3786 273 3847 aiter.

187 3945 192 3956 ¹
224 3871 317 3958 Resp.
331 3879 363 3938 10
380 3877 505 3960 affirm.
518 3876 729 3960 probabilius,
751 3875 874 3939 etiamsi
891 3874 971 3939 facta
984 3875 1078 3940 fuerit
1095 3875 1130 3938 in
1147 3873 1275 3950 melius,
1289 3870 1363 3954 quia
1376 3888 1458 3934 com-

176 3963 315 4027 mutatio
329 3963 366 4028 fit
378 3964 413 4028 in
424 3963 559 4028 favorem
573 3965 724 4030 voventis.
737 4000 779 4013 -
792 3963 827 4026 S.
840 3964 913 4047 Lip.
928 3987 960 4026 n.
978 3965 1048 4030 218.

223 4055 293 4116 336.
307 4056 458 4129 -Qunn
473 4059 505 4119 3⁰
523 4053 573 4117 Aa
589 4052 696 4117 debeas
716 4053 816 4117 redire
834 4053 877 4116 ad
893 4057 1032 4138 primum
1052 4073 1147 4135 opus,
1170 4054 1199 4112 si
1220 4049 1383 4112 secandum
1399 4047 1458 4131 fiat

174 4141 391 4224 impossibile?

222 4229 313 4314 Respo.
327 4237 360 4295 10
373 4232 463 4315 Nep..
483 4231 510 4294 si
525 4232 657 4296 mutatio
671 4231 750 4295 iacta
762 4231 803 4296 sit
816 4231 943 4294 alterius
957 4229 1151 4303 auctoritate,
1166 4227 1288 4295 etiamsi
1301 4233 1357 4291 trra
1370 4225 1458 4306 culpa

174 4318 371 4401 impossibile
384 4321 485 4397 fieret3
502 4321 576 4403 quia
589 4320 672 4402 prior
687 4320 830 4402 obligatio
843 4338 897 4401 per
911 4317 1183 4383 commutationem
1196 4317 1297 4400 ipsam
1310 4315 1457 4379 dissoluta

174 4415 238 4472 est.

222 4498 315 4582 desp.
331 4499 517 4582 10111111,
534 4499 560 4562 si
574 4517 629 4581 pro
650 4507 704 4565 tuo
723 4498 851 4562 arbitrio
864 4496 1136 4562 commutationem
1153 4496 1274 4572 feceris,
1289 4494 1363 4579 quia
1380 4497 1454 4556 tunc
