3206 5024
528 309 572 354 nn
591 309 794 354 rnnonrrrs
815 307 991 354 prostoci
1330 299 1394 360 331

124 423 268 496 senserit,
279 420 469 505 probabilius
482 438 543 483 non
557 423 603 484 est
611 439 668 504 per
679 439 708 482 se
722 419 756 484 in
771 417 955 483 confessione
968 420 1156 494 declaranda,
1169 419 1242 503 quia
1254 426 1398 504 stuprum

126 515 199 575 tunc
214 529 274 574 non
284 510 423 584 habetur,
440 510 492 572 sed
503 527 588 572 mera
598 507 767 572 fornicatio.

166 605 199 664 4⁰
211 605 276 664 Non
290 605 394 690 tamep
407 599 446 660 ad
464 601 608 678 stuprum
624 597 793 678 requiritur
806 601 842 661 ut
855 596 903 660 vis
919 616 973 660 seu
989 597 1135 661 violentia
1148 598 1273 681 physica
1286 599 1398 664 iniera-

125 695 195 764 tur;
211 687 283 750 satis
297 690 342 750 est
352 685 437 748 euim
452 692 488 749 ut
502 687 609 767 puella
618 685 756 768 alioquin
768 685 875 750 inritae
885 704 1049 749 consensus
1061 691 1276 767 extorqueatur
1289 689 1396 767 miuiS,

126 777 244 852 fraude,
264 776 330 839 dolo
350 781 405 837 aut
426 773 562 856 repetitis
584 793 618 837 ao
635 773 820 856 importunis
839 774 997 856 precibus,
1019 793 1087 856 qua
1109 779 1174 857 ejus
1196 777 1399 841 constantiam

126 865 260 928 vincant.

164 957 314 1017 Catemm
334 952 466 1016 advertit
487 951 638 1033 sapienter
658 951 793 1029 hastas,
816 971 902 1034 posse
924 951 1054 1033 virginis
1072 953 1161 1034 plane
1181 954 1399 1019 consentientis

124 1040 334 1116 violationem,
348 1040 492 1122 quamvis
509 1040 668 1122 specialem
690 1040 790 1121 stupri
812 1040 964 1104 malitiam
978 1059 1040 1104 non
1054 1041 1224 1118 contineat,
1240 1043 1399 1126 specialem

122 1135 154 1192 et
168 1148 294 1210 gravem
306 1131 427 1211 culpam
441 1129 593 1192 continere
607 1127 641 1191 in
656 1128 841 1192 confessione
855 1129 1065 1210 aperiendam,
1081 1129 1200 1193 ratione
1213 1131 1354 1195 moeroris
1370 1138 1399 1196 et

123 1215 261 1283 infamia
276 1236 371 1301 quam
383 1217 560 1299 parentibus
572 1235 607 1280 ac
617 1215 741 1280 unitis
755 1216 852 1280 affert.

612 1410 629 1499 5
649 1409 710 1477 Vl.
727 1411 775 1478 De
791 1419 909 1497 raptu.

159 1602 230 1662 tut.
251 1601 367 1678 Raptus
381 1597 443 1660 loto
457 1614 566 1671 sensu,
582 1596 674 1659 idest
690 1599 840 1678 quatenus
854 1595 912 1658 hoc
928 1595 1020 1658 habet
1036 1600 1175 1672 tantum,
1192 1599 1273 1678 quod
1286 1598 1399 1664 theolo-

123 1685 188 1767 gica
202 1695 235 1752 et
252 1687 285 1750 in
298 1687 360 1750 loro
372 1686 495 1750 interno
506 1683 676 1767 requiritur
687 1689 723 1747 ut
738 1684 779 1747 sit
787 1683 930 1747 distincta
944 1683 1075 1748 luxurias
1087 1685 1214 1766 speeies,
1231 1687 1374 1751 definitur
1390 1709 1398 1752 :

122 1775 272 1839 uiolentia
286 1774 377 1837 illota
387 1793 537 1856 personae,
553 1783 608 1835 out
621 1776 660 1835 iia
672 1791 801 1854 quoram
812 1776 958 1856 potestati
970 1773 1084 1850 subest,
1099 1773 1251 1857 explenda
1265 1775 1402 1840 libidinis

123 1861 628 1942 eoaso.-Souel1ez‚deMotrim.
645 1860 666 1922 l.
681 1861 792 1936 v11,a.
805 1880 864 1936 x11,
877 1860 970 1926 udo.
983 1897 1022 1907 -
1038 1860 1147 1940 Tolet„
1165 1861 1331 1942 Salmont,
1343 1869 1399 1929 etc.

162 1951 315 2017 Strictiori
330 1969 437 2037 sensu,
456 1951 556 2032 quoad
569 1949 670 2012 iorum
684 1956 847 2013 externum
868 1955 899 2012 et
919 1953 1071 2032 quatenus
1084 1951 1184 2032 poenis
1203 1952 1367 2035 subjicitur
1384 1973 1402 2016 a

119 2043 190 2122 jure
205 2042 346 2116 statutis,
362 2046 409 2102 est
422 2038 556 2100 vickolo
567 2057 705 2122 persuaso
718 2038 863 2100 obductio
878 2059 893 2100 e
908 2038 970 2101 loco
987 2048 1051 2101 tuto
1064 2039 1107 2100 od
1121 2039 1217 2101 locum
1231 2061 1290 2104 nou
1303 2051 1402 2104 tutum

121 2130 182 2212 ipsi
205 2139 260 2191 out
280 2130 319 2191 iio
342 2127 447 2204 illota,
463 2147 592 2211 qaorum
607 2128 752 2210 potestati
765 2127 879 2201 subest,
896 2126 1051 2210 explendae
1073 2127 1209 2190 libidinis
1227 2130 1276 2192 vel
1288 2135 1403 2191 matri-

123 2223 224 2281 monii
236 2215 437 2280 contradendi
447 2236 549 2279 causo.
563 2253 602 2263 -
617 2215 663 2279 De
673 2226 770 2300 raptu
784 2217 901 2278 intuitu
916 2217 1108 2278 matrimonii
1123 2235 1247 2300 opemus
1262 2220 1295 2280 ia
1310 2229 1400 2282 tract.

123 2307 163 2370 de
177 2307 389 2370 Matrimonia.

168 2394 324 2458 Violentia
338 2395 372 2458 in
386 2398 515 2476 utraque
529 2393 706 2458 definitione
718 2393 903 2474 intelligitur
918 2393 982 2456 sive
993 2393 1119 2477 physica
1133 2396 1197 2460 sire
1209 2394 1333 2460 moralis
1348 2415 1403 2461 seu

123 2500 179 2563 per
193 2491 315 2546 metum
329 2499 453 2564 gravem
466 2482 566 2557 illata;
585 2501 712 2564 persona
731 2490 852 2556 autem,
866 2482 965 2563 quom
984 2482 1105 2563 cuipam
1124 2483 1337 2565 theologicam,
1354 2484 1403 2548 in·

123 2569 276 2651 telligitur
290 2571 448 2654 qualibet,
462 2571 616 2635 masculus
629 2570 677 2633 vel
690 2570 833 2647 ioemina,
847 2570 993 2651 innupta,
1010 2577 1107 2653 nupta
1123 2574 1171 2636 vel
1186 2573 1295 2648 vidua,
1309 2574 1402 2636 hone·

124 2663 170 2722 sta
189 2660 239 2722 rel
262 2659 423 2737 meretrix3
445 2660 545 2742 quoad
565 2659 667 2722 iorum
685 2663 848 2722 externum
866 2664 897 2721 et
920 2677 1025 2740 poenas
1046 2660 1236 2736 subeundas,
1259 2661 1403 2742 qualibet

124 2747 234 2826 stiam,
251 2750 341 2812 modo
359 2749 400 2812 sit
418 2749 552 2814 honestas
571 2747 653 2812 vita.
670 2784 709 2795 -
729 2748 806 2812 Hinc
821 2747 856 2810 in
874 2746 961 2810 omni
979 2755 1085 2829 stupro
1105 2748 1263 2812 invenitur
1283 2749 1404 2813 matitia

125 2844 248 2917 raptus,
261 2839 314 2901 sed
327 2856 390 2900 non
405 2838 470 2901 vioe
480 2855 579 2901 versa.

166 2927 271 3001 Quoad
285 2933 410 3008 raptum
420 2925 485 2989 heo
496 2929 598 2988 teneto
612 2943 620 2988 :

166 3018 199 3077 t⁰
223 3019 341 3096 Raptus
362 3020 409 3077 est
429 3018 584 3096 peccatum
607 3013 748 3094 speciale,
772 3013 915 3094 muniris
939 3031 1052 3094 pravus
1073 3021 1160 3078 actus
1181 3015 1319 3080 libidinis
1341 3035 1404 3082 non

126 3111 291 3184 sequutum
307 3104 380 3186 quia
399 3102 539 3166 consistit
558 3101 709 3182 praecipue
728 3101 763 3165 in
779 3100 897 3182 injurio
915 3119 984 3182 qua
1002 3101 1134 3165 infertur
1155 3123 1208 3186 per
1225 3105 1404 3169 uiolentiam

121 3188 246 3256 illatam
261 3191 400 3256 libidinis
411 3210 513 3256 eausa.

162 3283 197 3344 2⁰
211 3281 249 3344 Si
262 3288 330 3362 post
342 3285 465 3363 raptum
479 3279 665 3344 desiderium
679 3278 819 3343 libidinis
834 3279 1002 3361 expleatur,
1018 3298 1081 3343 non
1092 3281 1232 3346 lihidinis
1241 3283 1405 3345 dumtaxat

122 3373 300 3448 peccatum,
316 3368 473 3434 fornicatio
487 3387 612 3450 nempe,
629 3368 831 3445 adulterium,
847 3367 997 3444 sodomia,
1014 3373 1083 3445 etc,
1100 3371 1152 3434 sed
1167 3370 1232 3452 ipse
1246 3377 1353 3451 raptus
1369 3368 1404 3433 in

125 3457 314 3522 confessione
331 3458 458 3521 omnino
471 3457 671 3521 declarandus
685 3462 740 3520 est.

164 3550 198 3612 3ο
210 3551 282 3612 Non
293 3551 340 3610 est
357 3548 525 3610 censendus
543 3551 666 3628 raptus,
683 3546 710 3609 si
728 3546 841 3609 mulier
860 3547 946 3628 plene
962 3546 1131 3611 consentiat
1148 3551 1215 3608 tum
1228 3543 1405 3608 abductioni

126 3638 195 3699 tum
210 3635 388 3712 violationi,
404 3635 467 3699 nisi
479 3639 583 3698 tamen
597 3635 638 3698 sit
651 3636 753 3697 miaor
766 3639 795 3697 et
814 3635 908 3697 simul
920 3637 985 3717 ejus
999 3639 1138 3717 parentes
1150 3653 1204 3698 seu
1217 3639 1333 3698 tutores
1349 3640 1405 3696 out

127 3728 283 3788 curatores
297 3723 395 3787 invite
406 3724 463 3788 hoo
475 3723 643 3805 patiantur.
665 3729 782 3804 Raptus
796 3727 900 3786 autem
914 3723 1030 3800 aderit,
1050 3723 1077 3786 si
1090 3721 1266 3787 abductioni
1280 3725 1404 3784 tantum

118 3815 157 3960 egi
170 3831 235 3876 non
250 3811 424 3889 violationi,
440 3817 495 3876 aut
508 3811 668 3876 violationi
685 3819 717 3874 et
732 3830 795 3875 non
809 3811 986 3875 abductioni
999 3829 1181 3875 consensum
1199 3810 1342 3892 praebeat.
1365 3845 1405 3855 —

155 3946 163 3960 .
178 3901 223 3964 Li
244 3948 251 3964 .
266 3922 299 3964 a.
314 3905 386 3966 stt.

168 3923 533 4054 Deyeeeommoaioottone
548 3993 581 4052 iu
596 3999 738 4072 raptores
751 3990 945 4072 [amicorum
958 3990 1077 4054 dicetur
1087 3993 1120 4050 ia
1135 3995 1267 4052 tractatu
1282 3987 1317 4051 de
1332 3986 1406 4050 Cen-

129 4095 220 4143 auus.

635 4194 849 4258 ARTIGULUS
868 4196 896 4256 ll

403 4347 441 4393 DE
460 4347 598 4392 PBGGATIS
617 4347 828 4394 GONSUHHM'IS
849 4347 964 4394 contus
986 4345 1132 4392 NATURA!

171 4485 294 4568 Triplex
306 4504 412 4549 eonnn
426 4485 539 4567 species
552 4486 644 4549 datur
661 4506 668 4548 :
685 4491 719 4549 l⁰
732 4485 872 4566 pollutio;
889 4489 922 4548 2⁰
941 4483 1091 4562 sodomia3
1108 4487 1142 4548 3ο
1155 4482 1334 4547 bestialitas.
1349 4480 1403 4546 llis

132 4573 380 4640 adnumerandus
394 4581 440 4638 est
453 4574 548 4640 etiam
566 4575 753 4653 oaooisuuu,
771 4592 826 4637 sou
838 4579 996 4656 pecoatrnn
1017 4573 1119 4654 Onon,
1133 4573 1215 4657 quod
1231 4578 1278 4637 est
1297 4570 1403 4652 copula
