3216 5020
607 285 650 328 ns
671 285 891 330 vrnrurreus
1317 275 1389 334 235*

117 395 260 458 notabilis
276 394 465 468 detrimenti,
479 403 553 474 putu
568 413 604 454 ne
617 413 636 456 a
650 393 769 456 domino
782 394 860 456 mole
875 403 1032 475 tractetur,
1049 417 1085 458 oe
1098 401 1191 458 toruis
1200 398 1293 460 oculis
1308 400 1387 479 oepi-

115 487 227 558 ct'atur,
243 502 281 546 ue
299 483 385 546 domo
404 481 588 564 expellatur.
610 517 649 528 -
667 485 722 545 Sed
742 483 807 546 hae
826 483 918 546 verba
935 485 1093 566 operiendo
1106 487 1238 567 januam
1255 486 1388 569 intelligi

115 573 281 636 manifesto
297 572 408 634 debent
423 572 460 634 de
477 572 638 652 aperienda
654 571 782 652 pervim
799 572 897 634 aliena
908 573 1013 648 domo,
1029 581 1065 636 ut
1082 594 1118 636 en
1134 582 1278 638 contextu
1289 583 1384 656 petet.

116 667 266 725 Praeterea
293 661 476 723 damnabilis
503 667 549 722 est
574 661 639 723 hac
665 659 937 742 propositioque
964 663 1203 744 cooperationem
1230 664 1388 729 levissima

116 751 211 814 etiam
230 751 267 812 de
285 768 376 812 causa
393 749 604 830 permittebat,
622 749 734 812 scilicet
752 768 791 812 ne
809 748 942 812 famulus
961 751 1056 814 etiem
1076 752 1172 815 torvis
1194 753 1287 815 oculis
1307 754 1386 836 aspi-

115 847 245 902 seretur.

155 931 192 990 ln
206 927 399 1003 civitatibus,
413 928 448 991 in
462 927 575 1008 quibus
591 928 710 992 vitandi
724 927 848 1007 majoris
862 929 936 991 mali
951 948 1041 992 causa
1054 925 1299 1009 permissmn'est
1313 951 1387 994 usu-

117 1015 212 1080 rarios
228 1017 274 1080 vel
290 1017 460 1079 meretrices
475 1017 594 1098 degere,
611 1016 680 1080 licet
698 1018 826 1079 domum
845 1017 927 1079 bisce
946 1018 1043 1080 locare
1056 1018 1193 1081 maxime
1208 1019 1234 1082 si
1250 1020 1303 1083 alii
1317 1039 1388 1082 con-

117 1107 256 1169 ductores
270 1105 385 1179 desint,
401 1113 457 1168 auct
471 1105 531 1168 illis
545 1107 620 1168 alias
640 1106 718 1168 tedes
734 1105 899 1168 conducere
913 1105 997 1170 facile
1012 1107 1067 1182 sit;
1085 1107 1146 1170 nisi
1168 1115 1272 1170 tanren
1291 1127 1387 1172 mere-

119 1194 207 1257 trices
225 1193 359 1274 graviter
379 1201 508 1256 noceant
529 1194 639 1257 vicinis
658 1191 810 1266 honestis,
832 1195 879 1256 vel
900 1195 937 1256 ob
960 1195 1055 1258 situm
1074 1196 1221 1258 domicilii
1240 1201 1387 1278 majorem

117 1301 225 1344 ausam
238 1283 277 1345 ad
291 1283 474 1362 peccandum
488 1283 653 1363 prebeant.
670 1319 709 1328 -
724 1282 760 1344 S.
780 1282 849 1364 Lip.
866 1304 898 1345 o.
915 1288 966 1346 70.

156 1376 226 1436 251·
252 1373 353 1447 Qonn.
383 1377 416 1435 3⁰
439 1374 489 1433 An
512 1373 605 1453 possit
626 1371 763 1453 famulus
788 1373 906 1432 rotc'ooe
928 1370 1098 1453 famulatus
1122 1383 1258 1435 sternere
1281 1395 1387 1458 equum

119 1460 235 1522 domini
245 1460 286 1522 od
297 1461 478 1541 peccandum
489 1460 678 1542 profecturi,
694 1459 742 1521 oel
754 1480 819 1522 eum
834 1461 996 1521 comitari?

158 1550 246 1631 Resp.
261 1568 273 1610 .·
287 1552 354 1613 Non
367 1548 490 1611 videtur
501 1549 625 1631 quidem
639 1549 796 1622 illicitum,
811 1547 837 1610 si
850 1546 984 1611 lunulis
997 1554 1119 1612 lantrun
1131 1569 1246 1633 equum
1260 1557 1385 1627 sternat,

119 1639 191 1718 quia
203 1636 238 1699 in
252 1638 308 1700 hoc
322 1655 384 1699 non
399 1637 521 1700 ridetur
542 1637 639 1718 magis
656 1644 774 1718 peccato
793 1637 911 1699 domini
931 1637 1098 1718 cooperari,
1115 1657 1209 1719 quam
1228 1639 1388 1719 aperiendo

119 1726 232 1789 ostilrm
251 1725 415 1788 meretrici.
437 1726 494 1788 Sed
512 1725 575 1788 nisi
596 1745 686 1807 grave
706 1727 857 1788 damnum
877 1725 1054 1801 immineat,
1070 1744 1133 1788 non
1147 1726 1389 1806 permittendum

117 1813 175 1894 ipsi
197 1814 273 1876 foret
294 1813 432 1876 concitari
455 1815 566 1878 herum
588 1816 627 1878 ad
647 1816 748 1878 locum
769 1814 823 1876 ubi
843 1820 1001 1894 peecatum
1022 1819 1069 1878 est
1088 1816 1290 1894 patrandum,
1316 1816 1389 1898 quia

117 1903 237 1983 propior
250 1909 296 1966 est
310 1903 488 1983 cooperatio.
504 1940 543 1948 -
558 1903 595 1967 S.
611 1904 694 1984 Llp.7
711 1925 742 1962 n.
759 1907 814 1977 dl,
831 1913 860 1964 et
874 1904 906 1962 in
920 1903 1071 1981 Retract,
1090 1924 1120 1964 n.
1139 1909 1188 1968 to.

156 1996 222 2055 Non
236 1991 306 2054 licet
319 1998 423 2054 autem
436 1990 552 2054 famulo
565 1993 675 2054 herum
688 1993 727 2053 ad
741 1993 927 2072 peccandum
942 1991 1098 2066 comitari,
1115 1991 1141 2054 si
1155 1993 1206 2054 hic
1221 1993 1389 2056 animosior

118 2099 154 2142 ex
171 2081 320 2144 comitatu
339 2081 524 2155 redderetur,
541 2085 577 2143 ut
594 2081 686 2143 babet
700 2081 735 2143 S.
752 2081 822 2161 Lip.
840 2101 872 2140 o.
889 2085 939 2144 ot.
955 2117 995 2126 -
1009 2082 1209 2144 Excusandus
1223 2089 1328 2144 autem
1342 2087 1388 2144 est

118 2168 266 2244 famulus,
281 2169 399 2250 quoties
414 2187 474 2232 non
489 2173 535 2231 est
545 2176 645 2232 certus
660 2170 697 2232 de
710 2188 802 2250 pravo
814 2169 918 2231 animo
932 2168 1051 2231 domini
1065 2168 1125 2231 sui.
1142 2206 1180 2215 ——
1195 2170 1315 2252 Vopler,
1328 2176 1385 2233 etc.

155 2259 258 2332 Qunn.
274 2263 307 2320 ιθ
321 2259 371 2320 An
387 2256 474 2319 liceat
488 2257 606 2340 famulo
621 2257 701 2319 dono
714 2258 869 2319 meretrici
885 2257 1024 2338 deferre?

156 2346 249 2428 Resp.
265 2345 355 2427 Nep„
370 2347 479 2409 saltem
494 2347 559 2409 sine
573 2366 664 2410 eausa
678 2346 763 2408 valde
782 2345 883 2426 gravi,
900 2345 989 2426 quia,
1008 2366 1080 2410 cum
1097 2348 1161 2410 hec
1174 2366 1303 2410 munera
1317 2354 1388 2429 apta

116 2433 183 2496 sint
203 2435 240 2496 ad
262 2434 420 2499 libidinem
439 2435 615 2510 fovendam,
637 2436 801 2516 cooperatio
822 2433 962 2516 proxima
981 2441 1036 2498 est.
1052 2471 1093 2481 —
1110 2437 1163 2499 lto
1181 2437 1386 2499 communiter.

117 2525 182 2585 lmo
200 2523 257 2585 hoe
276 2523 440 2587 intrinsece
462 2525 579 2586 malum
600 2531 733 2606 reputat.
756 2523 791 2587 S.
813 2524 896 2606 Lip„
918 2545 948 2585 o.
972 2529 1027 2600 65,
1049 2525 1122 2605 quia
1143 2544 1245 2605 perse
1265 2533 1388 2606 turpem

118 2629 252 2674 amorem
266 2612 380 2675 fovent.
397 2613 454 2674 Sed
467 2613 654 2694 probabilius
668 2613 847 2676 contradicit
868 2612 940 2675 Viuo
952 2631 1024 2675 cum
1036 2613 1118 2675 alir's.

155 2703 257 2775 onan.
283 2707 317 2765 5⁰
342 2702 394 2763 Aa
422 2701 508 2764 lr'ceot
532 2702 648 2783 famulo
675 2702 792 2764 litteras
818 2702 984 2763 amatorios
1007 2701 1179 2766 concubino
1204 2703 1317 2765 domim
1342 2703 1390 2764 sui

118 2788 255 2871 deferre?

156 2878 249 2960 Rccp.
270 2879 363 2960 Nep,
384 2877 445 2940 nisi
464 2877 545 2942 adsit
563 2878 642 2941 ratio
664 2879 751 2942 valde
771 2879 883 2959 gravis.
904 2880 984 2952 lmo,
1003 2880 1092 2958 juxta
1114 2879 1150 2940 S.
1171 2879 1254 2960 Lep„
1278 2901 1310 2942 o.
1331 2885 1385 2956 68,

117 2985 289 3048 numquam
303 2966 387 3042 licet,
402 2966 494 3030 etiam
506 2966 605 3048 posita
618 2966 799 3049 gravissima
810 2985 915 3040 causa,
930 2965 1004 3047 quia
1015 2965 1068 3044 (ut
1082 2967 1140 3048 ait)
1156 2968 1212 3030 hoo
1225 2967 1388 3032 intrinsece

116 3056 234 3118 malum
246 3063 307 3132 est;
321 3055 495 3137 oppositmn
507 3062 610 3119 tamen
622 3057 707 3119 docet
721 3055 830 3137 Vopler
839 3073 910 3116 cum
922 3053 1001 3116 eliis.
1016 3057 1166 3118 Ceterum
1178 3055 1313 3120 famulus
1324 3076 1388 3120 non

117 3150 238 3208 tenetur
251 3144 406 3226 inquirere
420 3144 495 3226 quid
510 3145 544 3206 in
558 3145 670 3207 litteris
685 3145 888 3207 contineatur.

155 3238 247 3297 Porro
268 3233 533 3316 quedelemulis
552 3233 738 3308 dictasunt,
760 3233 820 3296 fere
841 3232 909 3294 aliis
933 3231 1143 3309 inferioribus,
1165 3237 1219 3296 aut
1240 3233 1384 3308 subditis,

118 3341 147 3384 v.
163 3343 222 3404 gr„
239 3322 326 3400 liliis,
343 3321 506 3397 uxoribus
523 3329 594 3398 etc,
611 3323 788 3403 applicanda
802 3327 884 3384 sunt.

555 3533 637 3589 11.-
656 3531 761 3600 Quoad
775 3531 941 3606 operarios.

238 3694 434 3770 Quaeslta.

155 3841 226 3903 252.
242 3874 282 3883 -
298 3842 399 3915 Quam.
417 3844 449 3901 l⁰
461 3838 512 3901 An
527 3838 616 3900 liceat
630 3837 778 3920 operariis
793 3837 911 3900 theatro
925 3837 1091 3920 (edificare,
1109 3853 1235 3911 ornare,
1252 3837 1328 3898 etet

155 3928 245 4010 Resp.
261 3933 293 3990 1⁰
308 3947 315 3990 :
330 3929 433 4002 Quoad
448 3927 677 3991 edificationem
692 3927 814 3990 videtur
830 3927 999 4006 generatim
1014 3927 1117 4000 licere,
1137 3923 1195 3986 etsi
1212 3921 1314 4004 gravis
1328 3923 1388 3985 alia

116 4016 195 4096 catio
207 4016 302 4091 desit;
318 4015 411 4092 ratio,
426 4016 500 4099 quia
513 4015 632 4078 licitum
648 4024 695 4079 est
708 4015 901 4096 Principibus
917 4015 1084 4096 spectacula
1097 4011 1285 4094 permittere.

154 4105 245 4188 Besp.
268 4109 303 4168 2⁰
324 4125 331 4166 ε
352 4105 454 4180 Quoad
473 4110 652 4167 ornamenta
674 4111 706 4166 et
728 4103 803 4167 alias
821 4105 952 4167 actiones
975 4104 1013 4166 ab
1033 4098 1179 4181 operariis
1202 4101 1388 4180 praestandas

115 4193 230 4274 pariter
244 4193 363 4257 licitum
375 4192 508 4267 videtur,
525 4193 550 4254 si
566 4194 630 4255 baec
649 4191 683 4254 in
702 4211 733 4255 se
751 4194 880 4256 honesta
898 4193 975 4267 sint,
990 4189 1063 4273 quia
1081 4187 1250 4269 ooopemtio
1265 4187 1389 4252 videtur

118 4284 190 4346 adeo
204 4289 336 4359 remota,
353 4281 464 4345 utnon
479 4281 520 4343 sit
533 4281 750 4362 peccaminosa.

155 4373 258 4446 Qonn.
274 4375 307 4434 2⁰
319 4371 370 4433 Aa
386 4371 472 4432 licent
486 4369 631 4446 operariis
645 4370 798 4451 oedc'fiuae
814 4371 922 4453 templo
938 4366 1169 4431 baereticorum?

155 4460 246 4543 Besp.
269 4465 300 4526 1⁰
314 4458 406 4542 Nep,
420 4458 572 4534 absolute,
590 4457 616 4520 si
634 4457 691 4520 hoc
711 4459 881 4538 postuletur
902 4458 939 4520 ab
960 4455 1111 4520 hereticis
1129 4456 1164 4519 in
1183 4456 1289 4518 odium
1308 4454 1387 4520 Reli-

118 4565 226 4629 groms.
