3216 5020
631 198 674 242 ns
698 197 870 244 reccams
1317 190 1385 252 193

105 311 247 386 riorum,
270 310 393 391 quando
416 309 572 373 moraliter
594 309 773 389 interrupte
795 308 923 372 luerunt
943 327 951 371 :
975 329 1048 374 nam
1070 312 1255 394 ceteroquin
1277 333 1382 378 earum

104 405 258 464 naturam
271 397 386 480 aperire
399 397 530 460 minime
544 397 750 460 necessarium
764 401 826 472 est,
839 416 911 460 oum
927 397 990 460 sint
1001 402 1035 459 in
1045 419 1075 461 se
1089 399 1308 464 indifferentes.
1326 409 1382 467 Ne-

104 493 196 553 mine
208 497 313 552 autem
330 487 569 560 contradicente,
587 485 613 548 si
629 486 730 548 media
746 486 808 548 ista
824 486 858 549 in
876 505 907 549 se
919 487 1000 549 mala
1015 487 1094 562 sint,
1110 487 1239 551 indicari
1255 491 1382 570 debent,

106 577 284 659 etquidem
298 575 418 649 omnia,
435 575 461 638 si
480 575 544 638 siut
565 575 661 656 specie
675 575 810 651 diversa,
829 581 865 638 ut
881 579 998 652 tactus,
1014 582 1068 638 aut
1084 577 1176 639 verba
1192 578 1333 642 obscaena
1346 584 1385 645 ad

107 667 341 732 sollicitandum
356 663 505 728 adhibita.

151 759 223 819 165.
241 791 281 800 -
299 757 400 830 Qatnu.
418 758 451 816 2⁰
463 754 514 815 Aa
530 751 626 835 plura
640 763 765 835 peecata
783 752 896 833 saciat,
917 757 972 835 qui
989 756 1078 815 unico
1096 763 1166 816 aeta
1176 754 1316 837 pluribus
1334 757 1385 821 de·

108 843 223 918 trabit,
243 841 293 906 vel
305 863 404 905 aarum
412 840 578 925 pluribus?

153 934 248 1015 Resp.
263 933 301 995 ad
317 935 370 994 1ιιίὶ
386 930 527 1013 Affinis„
544 931 715 994 secundum
728 930 865 1010 regulam
880 933 939 1006 1⁵²¹,
955 949 1065 1013 supra,
1081 953 1112 994 1.
1132 936 1202 998 too.

150 1023 244 1106 Reap.
261 1022 300 1084 ad
314 1025 367 1083 Ψ
383 1039 390 1082 :
409 1020 659 1084 controvertitur.
681 1018 890 1080 Probabiliter
906 1019 1035 1082 unicum
1053 1010 1384 1105 1111111111111111-

109 1119 182 1176 tum
199 1131 207 1172 τ
224 1110 297 1193 quia
311 1109 468 1173 detrahere
482 1127 583 1172 coram
597 1108 737 1189 pluribus
752 1115 799 1170 est
813 1113 939 1171 tantum
954 1108 1185 1173 circumstantia
1196 1129 1384 1192 aggravans:

106 1205 160 1284 jus
171 1199 258 1263 enim
272 1199 311 1262 ad
324 1198 440 1262 lamam
455 1203 501 1260 est
515 1197 644 1261 unicum
659 1197 739 1279 apud
757 1214 878 1272 omneS,
899 1215 961 1259 non
977 1216 1048 1260 vero
1064 1199 1235 1280 multiplex.
1257 1202 1386 1266 Proinde

109 1288 313 1372 probabiliter
332 1287 418 1350 nulla
436 1291 482 1350 est
496 1286 640 1367 obligatio
659 1285 828 1367 explicandi
845 1285 880 1347 in
898 1286 1083 1349 confessione
1099 1306 1266 1352 numerum
1285 1309 1385 1370 perso·

110 1394 228 1441 narum
242 1395 343 1440 coram
357 1375 471 1458 quibus
485 1375 598 1455 aliquis
612 1373 794 1450 detraxerit,
813 1374 867 1438 sed
880 1372 992 1436 suffieit
1006 1374 1104 1438 dicere
1118 1395 1125 1436 :
1142 1377 1273 1440 Detraxi
1287 1398 1384 1442 caram

111 1466 319 1549 11111111.-
335 1464 371 1528 S.
390 1465 460 1548 Lip.
484 1466 534 1546 (at
548 1463 740 1546 probabile),
756 1484 786 1523 n.
806 1466 857 1526 19.
875 1497 917 1509 -
929 1464 1007 1544 an.
1022 1499 1062 1510 -
1077 1465 1172 1540 Azor,
1192 1475 1260 1542 ete,
1282 1477 1387 1532 contra

110 1553 391 1618 Laeroimtalioa.
1422 1620 1428 1632 ¹

151 1648 256 1722 Quina.
272 1650 306 1708 3ο
320 1678 361 1689 -
371 1644 423 1705 Aa
434 1640 530 1723 plura
544 1649 670 1722 peecata
684 1643 868 1721 committat,
886 1643 940 1724 qai
954 1639 1050 1723 plura
1069 1641 1151 1705 mala
1170 1641 1290 1706 diuersa
1304 1654 1388 1726 optat

111 1731 259 1796 inimico?

151 1823 244 1906 Resp.
264 1827 299 1884 1⁰
315 1820 443 1903 Affirm.
457 1839 519 1902 per
533 1838 578 1896 se,
595 1817 622 1880 si
637 1817 837 1899 imprecantis
851 1817 985 1882 intentio
1001 1819 1204 1884 determinate
1219 1820 1335 1884 feratur
1348 1823 1387 1885 ad

111 1911 195 1973 mala
214 1907 324 1992 speciei
338 1907 481 1984 diversae,
498 1927 528 1970 v.
545 1925 603 1988 gn,
619 1905 782 1969 infamiam
796 1913 827 1969 et
846 1913 996 1983 mortem;
1019 1907 1093 1988 quia
1112 1908 1300 1972 desiderium
1318 1929 1383 1992 spe-

112 2000 191 2062 ciem
206 1998 306 2061 sumit
316 1997 355 2060 ab
369 1997 483 2078 objecto
495 1995 675 2070 desiderato,
692 2000 728 2057 ut
742 1995 824 2058 inlra
836 1993 952 2058 dicetur
964 2016 996 2060 n.
1011 2001 1081 2060 161.
1093 2033 1133 2042 -
1143 1995 1180 2059 S.
1196 1997 1268 2079 Lip.
1284 2003 1384 2072 1150,

112 2098 142 2151 et
155 2088 283 2157 elarius,
301 2085 394 2149 Hom.
411 2095 520 2168 apost,
537 2105 567 2145 a.
584 2087 639 2158 66,
661 2083 759 2145 etalii
774 2087 973 2145 communiter
986 2093 1094 2147 eontra
1107 2085 1236 2169 aliquos.

152 2177 247 2260 Resp.
263 2181 297 2240 2⁰
315 2174 392 2256 Nep.
409 2170 727 2258 persuadereque
749 2171 862 2235 scilicet
882 2171 945 2238 hec
964 2173 1045 2236 mala
1063 2173 1183 2237 diversa
1202 2173 1263 2238 fere
1281 2194 1386 2256 appre-

108 2266 297 2329 henduntur
314 2263 372 2327 sub
391 2261 522 2344 generali
542 2261 617 2324 mali
635 2260 769 2336 ratione,
786 2265 821 2323 ut
835 2259 936 2324 media
957 2263 996 2325 ad
1017 2262 1197 2342 perniciem;
1219 2265 1300 2344 quod
1321 2263 1386 2327 fieri

110 2355 194 2418 solet
207 2353 328 2435 quando
343 2350 576 2432 imprecationes
589 2368 628 2412 ex
641 2349 760 2430 impetu
774 2349 827 2413 irae
839 2350 1016 2430 procedunt.
1033 2386 1074 2397 -
1089 2351 1125 2413 S.
1142 2352 1224 2434 Lep,
1246 2352 1323 2414 ibid.

153 2447 228 2507 166.
243 2477 282 2488 -
296 2445 395 2519 Quian.
411 2444 444 2503 4⁰
458 2441 509 2502 Aa
519 2438 620 2522 plura
628 2439 725 2519 saciat
734 2447 876 2520 peecata,
891 2443 945 2520 qai
959 2438 1013 2500 dia
1028 2439 1135 2521 differt
1149 2442 1389 2504 restitutionem?

155 2532 251 2614 desp.
270 2530 361 2612 Nep,
384 2529 410 2592 si
429 2533 599 2610 perseveret
620 2526 817 2590 habitualiter
837 2526 871 2590 in
893 2529 1049 2591 voluntate
1072 2547 1137 2592 rem
1163 2529 1295 2593 alienam
1316 2531 1388 2594 reti-

113 2620 225 2694 nendi,
242 2619 317 2700 quia
328 2619 409 2681 mala
422 2619 565 2682 voluntas
576 2635 636 2698 per
646 2615 768 2676 modum
783 2617 923 2678 continui
934 2635 1006 2679 eum
1019 2635 1052 2679 re
1065 2617 1180 2699 injuste
1191 2625 1310 2681 retenta
1321 2637 1387 2701 per-

114 2716 245 2772 severat.
263 2711 413 2771 Attamen
436 2706 462 2769 si
481 2707 618 2787 injustus
639 2722 791 2785 possessor
811 2723 863 2786 per
884 2704 1017 2768 notabile
1039 2711 1160 2786 tempus
1181 2707 1388 2771 restitutionis

111 2798 260 2862 faciendae
274 2795 369 2859 fuerit
385 2795 516 2869 oblitus,
535 2800 567 2856 et
581 2799 685 2874 postea
699 2809 830 2873 pravum
844 2792 1036 2874 propositum
1049 2795 1255 2871 renovaverit,
1271 2815 1387 2860 norum

111 2893 273 2970 peecatum
292 2883 479 2958 committet,
495 2881 569 2964 quia
587 2881 667 2943 mala
681 2883 747 2962 ejus
764 2880 905 2943 voluntas
923 2881 1081 2945 moraliter
1097 2881 1271 2964 interrupta
1286 2905 1386 2948 cense-

112 2984 178 3039 tur.
189 3011 228 3021 -
238 2974 276 3038 S.
292 2975 362 3056 Lip.
377 2977 473 3047 1110,
489 2970 586 3033 etalii
600 2968 909 3032 communiter-contra
924 2969 1015 3044 alios,
1031 2970 1086 3051 qui
1100 2970 1218 3045 dicunt,
1232 2973 1387 3055 injustum

112 3065 158 3129 rei
175 3065 283 3127 alienes
297 3079 497 3143 possessorem
513 3059 603 3122 toties
616 3075 752 3140 peccare,
772 3055 893 3138 quoties
912 3059 951 3122 ad
966 3057 1186 3138 obligationem
1201 3061 1386 3126 restituendi

112 3153 259 3218 attendit.
273 3187 315 3198 -
334 3151 368 3216 V.
387 3150 495 3225 casea,
513 3169 545 3210 n.
565 3152 625 3212 160
639 3156 739 3228 etseq.

529 3399 677 3486 PARS
711 3399 975 3485 SECUNDA

491 3593 543 3652 nu
567 3591 773 3651 PECCATIS
796 3589 840 3646 ru
866 3589 1015 3648 seuam

244 3766 404 3851 Apendom
416 3771 449 3829 l⁰
461 3764 498 3827 de
512 3762 640 3846 peccatis
651 3759 799 3837 internis;
815 3795 855 3806 -
871 3760 908 3822 de
919 3759 1049 3840 peccatis
1063 3760 1255 3842 capitalibus.

641 3963 815 4039 CAPUT
841 3962 857 4037 1

502 4145 552 4197 DE
577 4143 771 4195 PECCATIS
797 4143 993 4194 INTERNIS

153 4305 225 4364 167.
239 4335 280 4346 -
293 4297 538 4379 Tripleueorum
552 4290 655 4354 elassis
670 4289 886 4370 distinguitur,
906 4289 1020 4352 seilicet
1034 4307 1042 4349 τ

153 4395 188 4456 10
202 4386 369 4452 delectatio
383 4402 518 4458 marma,
535 4399 588 4444 seu
602 4379 697 4441 libere
711 4377 929 4458 complacentia
940 4375 974 4438 in
986 4395 1019 4438 re
1034 4377 1114 4438 mala
1127 4394 1180 4456 per
1193 4377 1386 4462 imaginatio-

112 4497 188 4543 nem
202 4475 340 4542 exhibita
350 4481 388 4538 ut
401 4478 562 4554 praesente,
577 4469 643 4532 sine
657 4465 815 4530 desiderio.

194 4593 306 4637 0111.-
323 4591 382 4634 'rora
392 4589 413 4633 1.
1264 4575 1294 4627 ts
