3202 5020
228 179 295 238 rto
759 187 967 233 rnacrtros

226 302 314 367 novit
327 306 473 366 ettamen
492 300 519 363 ei
540 319 600 363 non
618 299 813 373 contradicit,
832 317 904 362 cum
922 299 1078 362 commode
1091 299 1292 362 contradicere
1308 306 1408 380 posset
1426 317 1434 362 t
1452 301 1497 365 sic

226 392 310 456 enim
322 393 398 454 dum
416 396 509 464 tacet,
526 388 697 451 consentire
711 388 843 450 videtur.

265 485 435 544 consensus
450 478 572 560 tepetis,
590 476 646 559 qui
662 481 691 539 et
708 475 874 558 generatis,
890 495 925 539 ac
935 476 1094 559 juridicus
1109 477 1286 558 appellatur,
1303 477 1353 540 ille
1367 484 1427 554 est,
1443 481 1499 560 qui

226 572 315 634 datur
328 587 381 649 per
398 569 510 647 legent,
528 565 592 629 sire
610 585 662 646 per
676 569 729 647 jus
743 563 862 646 ipsum,
878 567 959 646 quod
979 565 1014 628 in
1032 569 1222 629 antecessum
1239 573 1271 628 et
1285 567 1498 638 universaliter

224 657 372 740 approbat
385 674 492 719 omnes
508 653 742 718 consuetudines
754 653 948 716 rationabiles
958 657 988 716 et
1001 653 1135 734 legitime
1144 654 1346 736 prescriptos.
1358 657 1405 718 Ad
1419 660 1497 738 eJ'us

225 746 308 809 modi
327 761 510 808 consensum
529 763 591 806 non
610 741 777 823 requiritur
794 745 830 804 ut
845 742 987 824 Princeps
1006 743 1260 806 consuetudinem
1276 753 1443 824 cognoscat.
1457 781 1498 793 -

224 833 485 898 Communissima
502 838 547 894 est
564 834 726 894 Doctorum
745 830 898 893 sententia
916 849 1099 896 consensum
1118 832 1243 912 legalem
1257 832 1382 896 admitti
1400 853 1418 896 a
1427 837 1497 916 jure

223 923 365 986 canonico
380 927 528 1003 tanquam
547 919 749 982 sufficientem
763 921 802 981 ad
818 919 1071 983 consuetudinem
1085 919 1285 996 firmandam,
1303 939 1372 1002 que
1387 923 1426 984 de
1444 942 1498 988 ce·

223 1017 286 1074 tero
300 1018 346 1074 est
366 1007 571 1084 rationabilia,
592 1012 622 1071 et
643 1015 777 1090 tempore
798 1007 923 1072 duravit
943 1009 982 1071 ad
1003 1009 1263 1089 prescribendum
1283 1010 1441 1090 requisito.
1459 1015 1497 1076 Et

222 1106 306 1180 patet
317 1119 356 1163 en
369 1121 394 1162 c.
410 1098 484 1162 Cum
500 1106 585 1160 tauto
601 1103 635 1160 ll
650 1146 657 1173 ,
675 1098 722 1158 u't.
739 1102 769 1170 l,
787 1097 824 1159 dc
839 1096 1068 1177 Consuetudine,
1081 1098 1134 1160 tit.
1151 1103 1165 1161 t
1182 1095 1302 1160 Decret.
1315 1134 1356 1144 —
1368 1100 1499 1180 lieiffeu-

222 1189 313 1268 cluet,
331 1191 390 1252 int
407 1189 540 1261 Deerat,
555 1190 604 1248 tit.
619 1191 653 1261 t,
671 1189 686 1264 ἓ
701 1190 734 1260 5,
752 1207 783 1246 n.
801 1189 870 1249 138.
886 1222 927 1230 —
940 1186 1059 1264 Bouiu,
1075 1185 1242 1264 dehinc,
1258 1207 1293 1269 p.
1310 1191 1379 1252 370.

262 1282 362 1355 Quian.
379 1281 412 1340 2⁰
430 1277 538 1339 Utrum
555 1273 732 1357 requiratur
746 1284 856 1357 tempus
873 1273 997 1356 olr'quod
1008 1273 1255 1352 determinatum,
1271 1287 1306 1338 ut
1319 1278 1498 1341 cousuetudo

222 1374 281 1432 uim
294 1367 367 1450 lepis
381 1365 523 1428 obtineat.

261 1457 354 1539 Hesp.
376 1461 407 1518 1⁰
424 1453 515 1534 Nep,
538 1451 565 1515 si
583 1450 726 1533 Princeps
744 1450 777 1513 in
798 1469 867 1513 eam
890 1452 937 1514 vel
958 1471 1111 1534 expresse,
1133 1454 1180 1515 rel
1201 1451 1293 1516 tacite
1307 1455 1494 1520 consentiat.

221 1552 359 1626 Namque
374 1541 481 1606 statim
494 1561 529 1604 ac
543 1539 738 1604 subditorum
750 1540 903 1602 voluntati
922 1541 1035 1604 accedit
1051 1541 1199 1622 Principis
1213 1542 1371 1616 voluntas,
1388 1561 1496 1607 omnes

221 1635 396 1714 obligantur
406 1639 442 1695 ut
456 1631 482 1694 ei
498 1628 680 1710 obsequium
695 1635 854 1710 praestent,
870 1633 900 1691 et
911 1647 979 1692 eam
993 1649 1047 1710 pro
1061 1631 1124 1710 lege
1137 1631 1280 1692 habeant.

259 1723 348 1806 Hesp.
366 1727 398 1786 2⁰
411 1723 438 1783 A
443 1723 547 1802 ffirm„
565 1719 592 1781 si
610 1737 663 1799 per
681 1735 863 1780 consensum
884 1719 1009 1798 legalem
1029 1725 1153 1782 tantum
1175 1718 1326 1782 firmetur.
1342 1724 1389 1784 Ita
1407 1722 1496 1784 enim

216 1817 288 1895 jura
300 1811 443 1892 exigunt,
458 1815 488 1871 et
503 1808 629 1888 quidem
644 1807 806 1887 sapienter,
822 1825 862 1868 ne
875 1807 968 1869 citius
981 1825 1076 1887 quam
1090 1825 1145 1887 par
1158 1811 1217 1881 est,
1233 1807 1329 1872 inscio
1343 1809 1494 1892 Principe,

219 1921 306 1964 novar
320 1901 399 1980 leges
413 1899 659 1968 introducantur,
676 1900 730 1958 aut
746 1900 859 1958 veteres
873 1895 953 1974 leges
965 1895 1158 1976 abrogentur.
1169 1932 1211 1942 -
1222 1897 1273 1959 Ito
1286 1904 1492 1962 communiter.

259 1993 330 2053 Haec
353 1985 497 2066 temporis
522 1984 643 2046 duratio
666 2003 719 2064 per
743 1983 914 2064 analogiam
935 1985 1126 2067 prescriptio
1148 1985 1292 2066 appellari
1317 1988 1492 2066 censuerim
1578 2013 1579 2040 1

219 2080 301 2141 unde
313 2075 499 2159 prescriptio
513 2074 613 2136 locum
623 2072 788 2134 nonhabet
803 2073 865 2134 nisi
875 2073 973 2152 quoad
985 2073 1238 2136 consuetudinem
1248 2092 1317 2154 quaa
1327 2073 1391 2138 rim
1402 2096 1492 2139 suam

218 2165 310 2229 habet
324 2185 342 2228 a
357 2164 418 2228 solo
432 2180 581 2224 consensu
595 2159 694 2240 legali.

258 2257 358 2330 Quen.
377 2257 407 2316 3⁰
421 2250 577 2328 Quodnam
592 2258 704 2331 ternpus
717 2252 887 2332 requiritur
898 2259 932 2312 ut
943 2251 1118 2312 cousuetudo
1132 2250 1254 2313 dicutur
1267 2252 1400 2333 legitime
1411 2275 1491 2337 prar-

217 2345 279 2405 scrr'
299 2345 353 2404 ta?

257 2364 347 2514 Iiesp.
365 2434 447 2492 :Pro
465 2427 685 2491 consuetudine
698 2428 857 2488 secuudum
872 2433 925 2490 aut
939 2436 1054 2509 preter·
1060 2429 1130 2510 jus,
1152 2429 1334 2493 decennium
1352 2449 1491 2495 commu·

217 2521 297 2583 niter
308 2518 486 2599 requirunt;
503 2535 556 2597 pro
575 2516 794 2578 consuetudine
813 2534 884 2578 voro
898 2534 966 2596 quae
981 2522 1026 2579 est
1041 2527 1147 2579 contra
1155 2517 1226 2600 jus,
1245 2525 1489 2601 controvertitur,

218 2629 272 2672 nco
286 2605 474 2671 conveniunt
485 2605 567 2666 inter
581 2623 612 2666 se
624 2603 754 2682 theologi
769 2609 824 2666 aut
830 2603 1013 2686 jurisperiti.

256 2697 393 2776 Plerique
412 2693 535 2768 dicunt,
556 2692 739 2755 decennium
757 2691 891 2756 sufficere
907 2700 939 2755 et
957 2693 1074 2774 requiri
1091 2695 1130 2756 ad
1150 2695 1247 2774 legem
1271 2695 1390 2759 civilem
1413 2717 1491 2778 prae-

216 2786 418 2849 scribendam.
433 2783 516 2844 ldem
530 2780 622 2844 etiarn
634 2779 787 2843 affirmant
796 2781 888 2844 multi
900 2801 954 2864 pro
969 2783 1031 2862 lego
1045 2782 1258 2858 ecclesiastica,
1273 2784 1340 2847 licet
1352 2785 1407 2848 alii
1421 2787 1490 2868 qui-

216 2877 302 2948 dam,
319 2891 390 2936 cum
410 2871 561 2950 Biltucrt,
582 2875 622 2934 lb
640 2888 736 2932 annos
754 2870 924 2950 requirant.
946 2907 988 2917 -
1004 2874 1049 2933 Ita
1071 2870 1105 2933 S.
1128 2872 1212 2954 Lr'p,
1238 2893 1270 2934 u.
1295 2878 1369 2949 l0'l;
1394 2873 1487 2937 Horu.

215 2984 233 3025 o
255 2973 323 3042 ost,
337 2983 368 3023 u.
384 2966 433 3024 ll.

232 2985 324 3116 pilli).
344 3087 382 3095 -
397 3051 497 3126 Quart.
511 3053 544 3110 l⁰
560 3045 757 3123 Ouondouam
771 3045 949 3109 cousuetudo
962 3059 1117 3111 censeatur
1128 3050 1250 3114 inducto
1264 3072 1330 3114 cum
1344 3053 1445 3114 auimo
1459 3073 1488 3114 se

214 3137 392 3221 obligandi?

254 3231 345 3310 Resp.
362 3247 374 3289 .·
388 3231 419 3290 1⁰
432 3225 616 3288 structores
629 3223 663 3286 in
677 3221 710 3287 id
727 3225 932 3302 consentiant;
955 3231 987 3290 2⁰
1006 3225 1033 3289 si
1047 3229 1234 3292 consuetudo
1249 3227 1290 3292 sit
1304 3230 1341 3291 de
1355 3247 1387 3291 re
1401 3229 1488 3310 grati
1576 3269 1577 3282 .

214 3327 245 3382 et
267 3315 396 3389 difficili,
417 3321 447 3377 et
470 3319 573 3376 tamen
594 3312 655 3376 dici
673 3313 769 3393 possit
789 3319 962 3378 constanter
980 3323 1011 3378 et
1030 3317 1236 3379 communiter
1254 3324 1390 3393 servate
1413 3325 1446 3383 3⁰
1462 3317 1488 3380 si
1576 3301 1577 3330 ¹

213 3406 388 3488 Superiores
414 3402 545 3484 graviter
569 3401 792 3482 reprehendant
818 3404 1077 3467 consuetudinum
1098 3404 1269 3468 violatores.
1292 3442 1333 3452 —
1355 3405 1392 3468 S.
1415 3406 1486 3488 [ἐφ.

213 3518 243 3558 u.
262 3501 331 3560 lO'l.

253 3587 354 3660 Quen.
371 3585 403 3646 5⁰
420 3579 501 3657 Quid
512 3581 543 3641 iu
556 3579 647 3642 dudio
659 3601 699 3642 ou
713 3580 889 3644 cousuetudo
904 3581 978 3662 lepis
993 3584 1052 3644 vim
1063 3583 1194 3645 babeat?

252 3674 341 3756 Itesp.
359 3689 371 3732 .·
384 3673 421 3733 ln
439 3669 547 3745 dubio,
568 3669 645 3731 lacta
662 3669 878 3750 inquisitione,
900 3671 981 3733 valet
1003 3671 1190 3752 principium
1207 3690 1214 3733 :
1231 3671 1295 3734 Lea
1312 3670 1404 3734 duduc
1428 3693 1485 3734 nou
1521 3733 1528 3750 ‚

213 3761 339 3842 obligat.
355 3761 426 3823 Haec
439 3765 544 3821 autem
553 3757 715 3838 inquisitio
729 3758 869 3821 consistit
881 3757 915 3820 in
928 3777 1019 3822 sensu
1032 3759 1198 3822 hominum
1211 3759 1378 3841 proborum
1394 3761 1484 3823 inda-

212 3851 320 3930 gando.

252 3943 321 4002 tto.
337 3976 377 3984 -
391 3940 492 4013 Qum.
513 3941 546 3999 6ο
561 3935 644 4011 Quid
659 3935 816 3998 tenendum
835 3935 873 3999 de
889 3937 984 3999 variis
1002 3937 1260 4001 cousuetudaiu'dus
1279 3937 1483 4001 ecclesiasticis

212 4025 323 4089 Gallice
332 4026 494 4110 propriis?
1413 4105 1417 4112 ν
1575 4033 1576 4100 ζ

250 4114 343 4197 desp.
362 4135 374 4178 ,·
390 4117 452 4178 Hac
471 4115 507 4176 de
526 4132 559 4176 re
573 4114 615 4177 sic
633 4113 763 4196 propriis
783 4113 884 4177 verbis
900 4113 1034 4176 Bourier
1054 4113 1160 4198 (editio
1174 4116 1272 4196 justo
1293 4113 1482 4177 animaduer-
1575 4109 1576 4158 t

211 4205 307 4265 stenes
321 4223 341 4264 a
353 4202 506 4265 uouuultr's
522 4203 670 4284 tdeolopis
685 4203 827 4264 Romanis
839 4203 1010 4284 propositos
1022 4203 1206 4282 emendato),
1223 4223 1250 4266 c.
1265 4223 1304 4279 rr,
1321 4211 1380 4265 art.
1396 4207 1415 4266 s
1431 4223 1439 4265 :

254 4316 268 4350 u
290 4295 415 4355 Certum
435 4296 494 4366 est,
517 4292 616 4373 quoad
630 4291 756 4357 Galliam
776 4293 920 4354 Summos
940 4291 1099 4360 Pontifices
1117 4291 1352 4356 consuetudines
1373 4309 1480 4356 omnes

213 4403 228 4438 u
246 4379 311 4462 juri
330 4381 486 4443 communi
507 4381 673 4444 contrarias
687 4398 750 4443 non
766 4379 963 4443 admittere...
982 4380 1066 4444 Licet
1085 4379 1169 4443 enim
1188 4381 1309 4444 Summi
1323 4379 1480 4445 Pontifices

212 4493 227 4528 a
251 4474 355 4531 contra
368 4469 457 4531 hasce
478 4469 712 4533 consuetudines
733 4487 796 4534 non
816 4487 933 4550 semper
951 4468 1108 4550 potuerint
1126 4469 1303 4549 reclamare,
1317 4471 1355 4534 ob
1373 4468 1477 4550 grania
