3202 5020
210 163 277 221 til
737 169 945 217 rnlcrlrns

208 289 429 348 Verumtamen
435 301 503 345 raro
513 282 625 356 utitur,
639 281 703 342 imo
713 297 875 360 nunquam
885 279 959 342 forte
969 298 1025 342 usa
1034 285 1079 342 est
1089 279 1146 342 hac
1155 284 1313 360 potestate,
1327 286 1483 363 propterea

210 376 290 456 quod
304 374 383 453 leges
395 373 574 453 plerumque
589 389 651 432 non
663 369 755 442 ierat,
770 368 831 430 nisi
840 369 877 431 de
890 367 982 431 rebus
996 368 1173 432 necessariis
1187 377 1243 431 aut
1257 371 1364 432 saltem
1378 371 1483 450 magni

210 461 376 536 momenti,
393 461 431 522 ad
447 459 578 522 salutem
592 459 770 520 animarum
785 457 1007 538 spectantibus
1027 457 1061 519 in
1075 457 1188 537 quibus
1203 457 1300 537 magis
1316 458 1432 540 expetit
1447 467 1484 520 ut

212 549 395 616 conscientia
407 547 566 627 obligetur,
583 564 679 627 qnam
693 553 730 608 ut
743 564 834 627 poena
847 545 1014 624 infligatur.
1032 546 1179 620 Aliunde,
1195 553 1299 626 utpote
1313 547 1365 628 pia
1374 552 1484 620 mater,

210 657 334 720 poenam
348 637 410 701 lere
423 654 486 699 non
498 635 620 714 statuit,
637 635 691 696 ubi
704 653 767 696 non
781 634 866 695 adest
879 635 978 714 cupa.
991 671 1031 680 —
1040 635 1161 714 Reuter,
1175 656 1205 697 n.
1218 639 1287 698 leo.
1300 673 1339 680 —
1354 635 1389 698 V.
1401 635 1484 708 cas,

211 750 242 788 n.
261 732 330 791 125.
511 729 514 736 '

718 879 933 942 ARTICULUS
952 879 979 939 ll

564 1011 567 1018 ’
657 1035 700 1080 nn
729 1035 817 1078 neon
847 1032 1042 1077 rnnrrnnrn

254 1186 324 1245 135.
340 1217 379 1228 -
393 1183 456 1243 Lex
469 1179 596 1242 irritans
605 1197 641 1241 ea
654 1184 715 1254 est,
732 1195 801 1258 quae
816 1177 925 1239 statuit
939 1177 1073 1257 aliquem
1087 1181 1191 1240 actum
1205 1195 1224 1238 a
1237 1176 1386 1259 principio
1397 1179 1490 1240 inva-

213 1271 314 1334 lidum
326 1288 405 1346 esse,
417 1269 465 1332 vel
471 1266 584 1350 judicis
599 1267 749 1329 sententia
760 1265 1006 1328 invalidandum.
1024 1266 1102 1328 Hinc
1115 1266 1230 1328 dantur
1243 1266 1321 1346 leges
1334 1266 1400 1347 ipso
1412 1267 1490 1330 lacto

213 1360 387 1433 irritantes,
399 1359 464 1420 aliae
475 1375 545 1420 vero
560 1362 627 1436 post
641 1354 825 1417 sententiam
840 1357 972 1416 tantum.
991 1354 1066 1416 Aliae
1081 1358 1154 1417 sunt
1168 1353 1325 1418 irritantes
1338 1357 1489 1430 absolute,

215 1455 245 1511 et
268 1448 335 1510 aliae
353 1441 569 1510 conditionatai
589 1445 616 1506 si
634 1443 787 1506 nimirum
810 1442 952 1505 deficiant
970 1442 1126 1524 requisitae
1147 1442 1344 1506 conditiones.
1360 1447 1492 1528 Insuper

215 1536 282 1600 alia
301 1535 478 1598 immediate
497 1533 624 1597 irritant
643 1539 750 1594 actum
772 1532 890 1613 ipsum,
908 1536 944 1593 ut
963 1531 1222 1611 impedimentum
1240 1532 1436 1596 matrimonii
1454 1536 1491 1596 ob

215 1624 507 1699 clandestinitatem;
529 1627 559 1686 et
580 1622 648 1685 alie
668 1621 816 1696 mediate,
833 1637 975 1702 personas
998 1620 1079 1700 ipsas
1102 1621 1253 1684 inhabiles
1271 1622 1443 1697 reddendo,
1458 1628 1492 1684 ut

215 1714 474 1795 impedimentum
486 1710 771 1792 consanguinitatis.

337 1870 564 1950 Principia.

257 2029 281 2088 1.
298 2025 405 2088 Omnis
423 2023 573 2104 legislator
593 2023 671 2102 leges
696 2021 854 2084 irritantes
877 2021 1004 2083 condere
1026 2023 1139 2100 potest;
1163 2022 1256 2095 ratio,
1282 2023 1434 2102 quiahoc
1456 2021 1492 2084 ad

217 2115 335 2177 bonum
362 2129 524 2174 commune
551 2110 732 2193 requiritur;
764 2128 850 2173 secus
875 2109 960 2172 enim
987 2109 1108 2172 fraudes
1130 2117 1161 2171 et
1184 2110 1318 2191 pericula
1343 2111 1492 2174 societatis

217 2203 361 2265 humane
375 2198 545 2281 propulsari
564 2199 638 2262 satis
652 2197 826 2279 nequirent.
842 2234 883 2243 -
896 2196 1023 2260 Snorez.

258 2292 295 2352 Π.
312 2293 419 2368 Leges,
436 2307 505 2370 quae
519 2291 661 2350 statuunt
674 2291 759 2349 notus
775 2286 906 2348 rescindi
919 2305 1021 2366 posse,
1037 2304 1087 2348 eos
1101 2290 1171 2348 ante
1180 2281 1294 2368 judicis
1308 2289 1493 2352 sententiam

218 2398 281 2441 non
295 2377 433 2450 irritant,
450 2383 486 2440 ut
496 2395 534 2438 ex
543 2375 683 2438 terminis
694 2379 791 2457 patet,
808 2382 839 2437 et
851 2375 978 2455 proinde
992 2381 1064 2438 ante
1077 2375 1213 2456 ejusdem
1229 2377 1417 2442 sententiam
1431 2377 1494 2440 rim

218 2485 280 2533 non
296 2466 480 2529 sortiuntur.

259 2558 309 2618 llI.
326 2554 490 2618 Sententiae
512 2559 615 2618 autem
629 2553 743 2637 judicis
759 2553 910 2616 irritantis
925 2554 1071 2617 standum
1087 2559 1133 2615 est
1151 2552 1185 2616 in
1204 2553 1244 2617 iis
1262 2521 1406 2617 omnibus
1426 2573 1496 2635 quae

218 2645 381 2708 intrinsece
399 2663 436 2706 ex
454 2643 627 2708 irritatione
648 2648 829 2718 nascuntur,
849 2643 923 2722 quie
945 2640 1118 2706 auctoritati
1134 2641 1323 2723 praecipienti
1341 2643 1496 2724 obtempe

218 2735 352 2798 randum
366 2737 421 2796 cst.
437 2732 564 2796 Scorez.

341 2887 536 2966 Quaesitae.

262 3036 330 3095 136.
345 3069 384 3077 -
398 3035 499 3108 Quen.
515 3033 566 3094 Aa
582 3033 633 3095 len
646 3035 776 3094 irritans
790 3031 903 3112 odlr'pet
917 3035 949 3092 in
964 3034 1145 3092 conscientia
1158 3029 1200 3092 nd
1212 3041 1312 3092 actem
1321 3032 1497 3096 m'tnndum?
1575 3031 1576 3044 ¹

261 3121 351 3203 Recp.
368 3121 510 3202 Aspim,
527 3121 554 3183 si
577 3121 618 3184 sit
639 3121 732 3184 simul
750 3120 877 3183 irritans
895 3127 925 3182 et
944 3119 1124 3200 prohibens,
1145 3126 1182 3182 nt
1199 3127 1273 3182 sunt
1291 3121 1370 3202 leges
1391 3122 1497 3185 matri-

221 3209 319 3272 monii
345 3209 565 3290 impedimenta
588 3213 770 3286 statuentes;
797 3227 899 3283 scene,
922 3207 950 3270 si
967 3208 1008 3270 sit
1023 3207 1151 3270 irritans
1170 3212 1308 3284 tantum,
1326 3210 1402 3290 quia
1427 3219 1497 3274 tunc

222 3297 294 3360 finis
308 3297 382 3378 legis
401 3299 463 3361 sola
477 3300 562 3362 actus
581 3298 754 3362 irritatione
773 3296 957 3360 sufficienter
976 3296 1140 3372 obtinetur,
1158 3303 1194 3359 ut
1213 3297 1248 3360 in
1267 3299 1412 3378 pluribus
1431 3318 1498 3363 con-

222 3387 371 3450 tractibus
386 3386 538 3450 civilibus.
555 3423 595 3434 -
607 3386 731 3462 Reater,
747 3407 778 3447 n.
792 3389 862 3450 232.

263 3479 363 3552 ann.
375 3479 408 3540 2⁰
421 3477 472 3539 An
487 3477 658 3558 r'pnorantia
672 3474 857 3538 invincibilis
872 3476 1009 3556 effectum
1023 3475 1208 3538 irritationis
1222 3476 1388 3558 impediat?

263 3564 351 3648 Reep.
368 3565 446 3647 Nep.
460 3585 516 3648 per
527 3586 570 3644 ee,
587 3566 660 3648 quie
674 3564 847 3646 ignorantia
861 3583 924 3626 non
940 3565 1060 3646 supplet
1074 3563 1224 3628 deiectum
1240 3566 1284 3628 rei
1298 3565 1499 3630 essentialiter

223 3653 396 3736 requisita,
411 3671 467 3717 nec
489 3655 568 3717 tollit
591 3653 696 3735 gravia
717 3653 1000 3733 incommodaque
1019 3657 1227 3732 sequerentur,
1249 3654 1276 3716 si
1294 3654 1396 3718 lexin
1417 3652 1498 3718 omni

223 3761 296 3806 casu
310 3762 373 3806 non
386 3742 531 3806 irritaret.
549 3743 597 3805 Sic
610 3743 722 3806 mulier
735 3743 847 3805 violata
867 3761 885 3802 a
903 3741 969 3804 viro
983 3741 1154 3821 incognito,
1170 3742 1305 3806 invalide
1322 3743 1416 3806 nubit
1430 3759 1499 3805 cum

224 3833 361 3913 ejusdem
377 3831 479 3906 fratre,
496 3832 708 3895 nonobstante
721 3830 897 3911 ignorantia
910 3828 1084 3891 invincibili
1099 3829 1313 3911 impedimenti
1328 3830 1496 3894 affinitatis.

265 3920 376 4001 Excipe
390 3928 511 3998 tamen,
528 3920 554 3984 si
569 3921 617 3984 len
636 3921 739 3983 irritet
754 3919 844 3981 unice
857 3919 891 3979 in
907 3935 1031 3998 poenam
1044 3923 1076 3980 et
1089 3919 1195 3982 odium
1209 3919 1324 3996 delicti;
1340 3921 1415 4001 quia
1428 3925 1500 3983 tunc

225 4009 321 4072 solam
332 4009 486 4074 malitiam
499 4009 609 4092 punire
622 4008 773 4083 intendit,
792 4012 823 4068 et
838 4006 982 4088 proinde,
998 4013 1134 4070 cessante
1147 4027 1253 4084 carna,
1269 4009 1392 4072 effectus
1407 4009 1499 4072 etiam

226 4115 341 4160 cessare
354 4098 452 4162 debet.
469 4135 508 4144 -
521 4098 648 4161 Suara.
668 4133 708 4142 -
723 4097 872 4172 ίαινοιζτ,
889 4101 945 4158 etc.

267 4189 367 4260 ann.
385 4191 416 4250 3⁰
429 4188 480 4249 An
502 4188 551 4250 lec
569 4187 715 4264 imitans,
731 4205 791 4247 non
810 4183 942 4246 obsonate
960 4185 1144 4249 incommodo
1160 4186 1245 4250 valde
1258 4189 1363 4270 proci,
1380 4187 1499 4248 irritet?

266 4274 355 4356 Iteap.
370 4275 511 4358 Asfinn,
527 4277 590 4339 nisi
604 4281 713 4357 agatur
731 4274 767 4336 de
786 4273 899 4336 damno
917 4274 1089 4350 communi;
1112 4275 1205 4351 ratic,
1223 4276 1297 4358 quia
1314 4276 1363 4344 len
1375 4274 1497 4339 irritans

226 4365 328 4425 actum
343 4365 551 4445 potiusquam
564 4381 726 4447 personam
740 4361 845 4436 afficit,
864 4381 918 4436 nec
932 4363 1034 4443 agitur
1046 4364 1083 4426 de
1097 4363 1280 4445 obligatione
1291 4362 1496 4435 conscientie,

228 4451 280 4514 sed
300 4451 338 4514 de
357 4451 436 4516 bono
456 4455 629 4532 communi;
651 4471 736 4517 secus
751 4451 835 4514 enim
848 4451 989 4516 homines
1003 4451 1123 4517 facilius
1142 4453 1201 4518 sibi
1221 4454 1371 4535 fingerent
1384 4453 1497 4515 incom-
