3206 5024
575 203 613 248 ΒΕ
632 201 835 248 PRAEGEP'HS
854 202 1031 250 oncanoai

674 437 849 514 CAPUT
881 439 920 513 ΙΙ

264 643 310 694 DE
336 643 379 694 118
404 642 486 703 QUAE
511 643 637 694 DIEBUS
663 643 842 694 DOMINICIS
869 643 914 693 ET
939 643 1058 694 FESTIS
1084 643 1337 696 PROHIBENTUR

206 830 362 915 Apendum
376 836 408 893 l⁰
419 831 456 894 de
468 830 609 912 operibus
623 831 731 894 diebus
745 830 832 893 festis
844 829 1022 912 prohihitis3
1039 868 1079 880 -
1093 836 1127 895 2⁰
1138 833 1175 896 de
1193 833 1293 896 causis
1307 833 1345 896 ob
1356 851 1434 914 quas

165 920 328 1003 aliquando
341 919 424 983 licite
435 923 623 984 exercentur.

676 1129 892 1194 ARTIGULUS
912 1132 925 1192 1

346 1329 349 1338 ,
416 1285 455 1330 ΒΕ
476 1285 618 1330 onnmnns
641 1285 707 1338 011AE
726 1285 833 1330 omnus
855 1285 954 1330 ansus
974 1285 1183 1332 rnoumnnnnn

205 1433 272 1494 att.
289 1465 329 1476 —
342 1428 482 1510 Tripliois
497 1429 616 1510 generis
635 1447 724 1512 opera
742 1428 958 1509 distinguenda
979 1433 1069 1492 sunt:
1086 1437 1117 1494 l⁰
1133 1449 1222 1511 opera
1241 1431 1364 1495 servilio
1379 1451 1433 1497 scu

161 1517 308 1600 corporis,
323 1537 391 1600 quae
404 1536 577 1599 percorpus
593 1523 782 1594 exercentur,
799 1523 829 1582 et
845 1518 1028 1581 ordinantur
1050 1518 1227 1582 immediate
1245 1519 1284 1582 ad
1302 1521 1433 1601 corporis

160 1607 339 1682 utilitatem,
353 1606 481 1688 ideoque
494 1625 513 1668 a
527 1606 622 1670 servis
640 1626 694 1670 sou
712 1606 908 1670 mercenariis
926 1607 991 1669 fieri
1005 1607 1117 1683 solent;
1133 1611 1166 1670 2⁰
1185 1625 1276 1688 opera
1292 1608 1433 1672 litoralia

160 1715 217 1760 seu
229 1696 344 1772 animi,
363 1713 432 1777 qum
450 1695 551 1776 potius
570 1695 668 1758 animi
687 1695 806 1758 virilius
820 1699 1018 1777 peraguntur,
1034 1702 1065 1758 et
1086 1697 1124 1758 ed
1145 1695 1287 1758 animum
1301 1697 1434 1760 excolen-

160 1785 237 1848 dum
264 1785 437 1866 pertinent,
466 1786 558 1866 utque
583 1783 694 1847 idcirco
719 1802 737 1846 a
759 1783 897 1864 personis
926 1783 1030 1846 liboris
1054 1784 1208 1848 ordinarie
1232 1792 1430 1863 exercentem

160 1877 194 1939 3⁰
204 1893 294 1956 opera
306 1877 473 1956 communie
489 1891 544 1935 sau
557 1871 731 1946 naturalia,
745 1891 814 1954 qum
833 1872 872 1935 ab
886 1872 1031 1936 omnibus
1050 1871 1325 1936 indiscriminatim
1338 1873 1430 1936 fiunt.

157 1961 403 2043 Distinguuntur
416 1961 511 2024 etiam
522 1978 612 2041 opera
625 1960 766 2042 soeculo,
784 1979 852 2043 qum
865 1962 904 2024 ad
921 1960 1022 2024 iorum
1032 1961 1177 2042 judiciale
1190 1965 1245 2024 eut
1263 1968 1435 2025 mercatum

158 2057 310 2132 spectant.
326 2085 368 2095 —
380 2049 414 2110 S.
433 2050 504 2131 Lip.
520 2069 551 2111 o.
568 2053 638 2113 ate.

200 2140 250 2203 Ad
263 2138 412 2201 rationem
431 2137 529 2219 operis
546 2139 665 2202 servilis
679 2158 737 2221 per
750 2158 781 2201 ce
801 2156 863 2202 non
876 2139 1024 2220 pertinet,
1039 2159 1079 2204 an
1093 2141 1148 2203 flat
1162 2157 1256 2202 neone
1270 2158 1309 2202 cx
1328 2139 1431 2216 lucro,

155 2233 216 2292 aut
239 2244 311 2290 cum
333 2244 444 2307 magna
464 2227 596 2308 corporis
618 2227 848 2308 dedatigatione,
871 2232 926 2291 aut
946 2227 1003 2291 hac
1021 2229 1070 2293 rel
1089 2228 1143 2290 illa
1162 2227 1347 2304 intentione;
1368 2247 1432 2292 non

154 2315 246 2379 enim
267 2314 338 2378 inde
357 2320 495 2378 mutatm
507 2315 611 2398 {operis
630 2319 751 2379 natura.
771 2319 908 2380 Mutatur
926 2321 1030 2380 tamen
1051 2317 1196 2399 operandi
1215 2318 1341 2392 modus,
1358 2317 1428 2398 qui,

154 2404 331 2466 secundum
350 2422 546 2468 communem
562 2404 727 2468 hominum
745 2405 995 2482 estimationem,
1011 2425 1073 2469 non
1092 2423 1203 2487 parum
1223 2423 1300 2486 saepe
1317 2405 1430 2470 confert

152 2491 193 2554 in
210 2490 260 2554 his
277 2491 444 2555 moralibus
466 2493 505 2556 ad
523 2495 696 2574 aagendam
714 2497 769 2557 aut
789 2493 992 2558 minuendam
1013 2494 1197 2576 gravitatem
1218 2494 1347 2576 peccati,
1361 2513 1431 2558 nec·

154 2597 237 2658 non,
253 2579 368 2642 ceteris
391 2580 533 2662 paribus,
552 2583 591 2644 ad
610 2581 730 2646 facilius
746 2587 801 2646 aut
822 2581 974 2646 difficilius
993 2582 1203 2647 excusandum
1222 2589 1429 2663 operantcma

153 2672 284 2749 peccato

279 2821 503 2905 Principia.

199 2968 267 3031 355.
283 3003 322 3014 —-
337 2970 360 3031 l.
377 2967 581 3032 Prohibentur
591 2988 649 3052 per
661 2987 691 3030 ae
704 2967 761 3031 sul)
776 2968 874 3048 gravi,
890 2967 1036 3031 omnibus
1048 2967 1189 3031 fidelibus
1204 2985 1293 3049 opera
1307 2968 1430 3033 servilia

153 3055 277 3136 proprie
291 3055 372 3119 dicta
387 3057 495 3119 diebus
509 3056 677 3121 Dominicis
693 3063 723 3119 et
740 3055 824 3119 festis
838 3055 981 3137 integris,
999 3056 1033 3119 id
1049 3063 1110 3132 cst,
1128 3061 1193 3119 toto
1207 3056 1256 3120 die
1271 3058 1424 3133 naturali,

152 3141 193 3206 de
214 3143 316 3206 media
335 3149 421 3208 nocte
444 3146 483 3208 ad
507 3145 642 3208 mediam
665 3149 796 3208 noctem.
822 3148 946 3208 Constat
969 3164 1007 3208 ex
1024 3148 1098 3208 lure
1116 3145 1276 3222 canonico,
1293 3167 1320 3209 c.
1339 3151 1373 3222 3,
1390 3146 1427 3209 de

155 3230 275 3309 sterile,
291 3251 329 3296 ex
342 3229 562 3297 consuetudine
575 3239 606 3298 et
619 3234 707 3316 praxi
720 3239 865 3316 perpetua
881 3233 1030 3297 Ecclesia.

193 3322 231 3382 11.
249 3321 454 3385 Prohibentur
468 3321 562 3385 etiam
576 3341 666 3405 opera
678 3322 824 3399 forensia,
841 3340 949 3404 nempe
962 3323 1095 3386 actiones
1107 3322 1250 3399 forenses,
1266 3341 1335 3406 quae
1352 3339 1425 3384 cum

151 3413 303 3491 apparatu
313 3411 454 3491 judiciali
471 3410 636 3487 habentur,
652 3417 689 3474 ut
702 3415 803 3493 partes
823 3410 1023 3491 interrogare,
1041 3418 1133 3475 testes
1151 3417 1183 3474 et
1201 3413 1359 3474 advocatos
1373 3428 1428 3473 au-

152 3497 230 3573 dire,
247 3499 431 3562 sententiam
444 3499 531 3575 ferre,
549 3505 606 3562 etc.
620 3501 665 3562 Ita
678 3517 716 3562 cx
729 3499 798 3562 lor.
815 3519 895 3575 cen,
911 3499 987 3562 ibid.
1004 3499 1117 3580 Excipe
1133 3505 1247 3576 tamen,
1264 3499 1427 3580 siquando

151 3602 248 3650 cause
262 3587 432 3652 criminalis
441 3590 508 3670 jem
519 3588 639 3669 incepta
651 3588 836 3670 interrumpi
850 3587 916 3652 sine
934 3588 1020 3668 gravi
1036 3588 1230 3652 incommodo
1249 3587 1296 3651 vel
1310 3587 1424 3651 damno

149 3682 296 3755 nequeat.
313 3711 353 3722 -
366 3675 401 3738 S.
414 3676 485 3759 [ἐς.
499 3697 530 3739 o.
546 3681 617 3742 nst.

193 3763 244 3826 Ill.
261 3765 375 3828 Eodem
391 3767 460 3846 jure
479 3765 680 3846 prohibentur
702 3774 870 3841 mercatae,
892 3765 1056 3842 nundine,
1070 3764 1260 3831 venditiones
1278 3764 1422 3846 publicae,

150 3853 184 3914 et
196 3850 256 3914 alia
269 3852 398 3929 similia,
415 3871 483 3936 quae
497 3873 570 3918 oum
591 3855 723 3936 strepitu
737 3855 827 3918 liunt.
843 3853 1049 3936 Excipiuntur
1068 3859 1190 3929 tumen,
1207 3852 1244 3916 ob
1263 3855 1424 3916 consuctu-

149 3937 258 4004 dinem
283 3941 461 4022 generaliter
484 3949 650 4024 receptam,
676 3943 824 4008 nundine
850 3944 888 4007 ad
912 3950 1030 4007 eertum
1058 3942 1142 4006 diem
1174 3939 1366 4016 constituta,
1395 3941 1424 4005 si

146 4026 188 4092 in
210 4028 292 4093 diem
311 4030 425 4094 festum
443 4031 590 4096 incidant.
605 4067 647 4080 -
660 4031 709 4097 Sic
727 4032 889 4096 declararit
910 4031 1062 4096 Benedici.
1082 4029 1174 4110 XIV,
1197 4027 1301 4092 Conci.
1321 4029 1369 4092 Al>
1389 4047 1424 4093 eo

145 4117 301 4200 tempore,
317 4127 374 4184 etc.
390 4155 431 4166 -
449 4119 524 4183 Vide
538 4119 574 4184 S.
589 4121 660 4205 Lip.
677 4141 708 4184 o.
723 4125 794 4187 286.

191 4205 244 4270 IV.
260 4207 356 4272 Licita
380 4212 453 4272 sunt
473 4227 562 4292 opera
585 4209 742 4289 liberalia,
759 4229 848 4293 opera
867 4211 1051 4287 communie,
1075 4214 1106 4271 et
1126 4227 1216 4292 opera
1235 4207 1338 4289 aliqua
1356 4225 1424 4290 qum

145 4292 297 4360 videntur
307 4297 445 4374 servilio,
460 4299 512 4361 sed
526 4297 731 4379 requiruntur
745 4300 784 4362 ad
797 4300 1014 4382 quotidianum
1029 4315 1138 4376 usum,
1149 4297 1281 4374 victum,
1298 4294 1426 4360 necessi·

146 4387 247 4448 tatem
266 4393 297 4449 et
317 4385 548 4469 dispositionem
569 4387 716 4468 corporis,
738 4389 887 4465 vestium,
908 4388 957 4452 vel
974 4388 1102 4464 domus,
1119 4391 1156 4450 ut
1175 4404 1301 4468 coquere
1323 4384 1421 4460 cibos,

146 4477 285 4538 sternere
306 4475 413 4551 lectoS,
436 4494 555 4540 verrere
572 4476 717 4554 domum,
737 4484 768 4540 et
784 4477 845 4540 alia
862 4495 931 4560 quae
945 4475 1100 4540 commoda
1120 4475 1237 4540 differri
1251 4474 1300 4539 vel
1315 4471 1423 4538 cutici-
