3156 5026
199 210 268 272 tac
729 193 936 244 calarinus

201 331 280 399 tuali
298 329 480 394 versaretur.
498 353 540 366 -
556 316 730 379 11666666.
749 345 789 356 -
808 306 887 370 llinc
907 301 943 365 S.
960 299 1087 382 August.
1110 295 1145 359 in
1164 294 1363 357 tantumodo
1383 292 1480 357 611616

201 422 277 488 dicit
294 439 301 482 :
317 435 382 480 eam
398 411 639 490 marcipores.

244 513 314 574 627.
329 509 372 552 '-
388 504 426 566 11.
441 500 630 577 Preoeptum
647 483 854 554 restitutionis
873 487 919 544 est
933 476 1080 561 primario
1094 476 1281 556 negativum,
1299 471 1481 536 emundarit)

203 606 309 666 autem
325 590 559 676 affirmativam.
576 577 665 648 Ratio
680 579 726 641 l¹¹¹¹
739 580 801 650 est,
818 570 892 653 quia
910 563 1117 631 restitutionis
1135 567 1320 644 praeceptum
1335 577 1390 640 per
1405 579 1438 622 se
1451 566 1482 622 et

203 684 382 755 immediate
400 677 516 758 obligat
531 673 571 735 ad
590 687 652 733 non
668 662 862 729 retinendam
880 675 946 721 rem
965 654 1106 718 61166616.
1125 654 1195 714 Haec
1213 655 1318 712 autem
1335 647 1480 729 obligatio

204 781 248 842 est
262 773 417 856 negativo,
435 772 472 828 ut
485 767 584 845 patet,
600 776 635 821 ac
647 752 773 838 proinde
788 754 877 829 urget
887 763 1001 828 semper
1010 749 1042 805 et
1056 759 1114 824 pro
1128 757 1250 821 semper,
1268 736 1302 800 id
1312 744 1377 812 est,
1392 742 1481 817 urget

206 863 343 950 quolibet
355 859 527 926 momento,
543 847 719 930 usquedum
732 835 890 903 restitutio
904 834 983 898 tacta
996 829 1104 904 inerit,
1120 825 1243 890 etiarnsi
1254 843 1355 888 musa
1369 824 1480 906 aliqua

206 963 433 1032 nonnunquam
451 943 597 1006 excusent
617 935 655 997 ab
674 951 709 994 ea
729 925 934 1006 adimplenda.
949 917 1092 984 -Ratio
1109 917 1222 990 adest,
1240 913 1315 995 quia
1335 912 1481 994 obligatio

207 1061 274 1108 rem
285 1038 418 1102 alienam
431 1050 494 1096 non
505 1022 658 1091 retinendi
671 1037 734 1083 non
746 1020 845 1100 potest
857 1009 994 1093 impleri,
1006 1007 1084 1089 quin
1095 1005 1165 1068 inda
1177 1003 1232 1067 fiat
1242 1003 1321 1066 actio
1332 1001 1480 1083 positiva,

207 1150 270 1216 qua
288 1125 413 1192 domino
431 1120 465 1184 id
484 1116 630 1180 reddatur
648 1107 730 1193 quod
748 1120 841 1168 suum
860 1108 916 1164 ast.
933 1103 1002 1163 Hac
1021 1095 1119 1176 igitur
1132 1093 1226 1167 actio,
1248 1098 1400 1172 tanquam
1418 1109 1483 1152 me-

209 1221 297 1286 dinm
315 1215 469 1278 duntaxat
486 1207 526 1269 ad
544 1204 638 1268 finem
656 1193 853 1280 principalem
868 1187 1086 1260 obtinendum,
1102 1182 1235 1263 adeoque
1251 1179 1433 1242 secundario
1450 1197 1484 1241 ac

126 1389 133 1402 ,
209 1306 307 1376 veluti
320 1323 373 1386 per
386 1298 538 1368 accidens,
554 1287 739 1374 precipitur.
755 1318 796 1328 —
808 1280 916 1361 Lago,
931 1275 961 1339 d.
977 1280 1012 1352 8,
1029 1295 1061 1335 6.
1075 1276 1124 1336 la.

250 1399 301 1461 ΙΙΙ.
322 1397 389 1457 Non
407 1389 498 1450 datur
517 1377 661 1460 obligatio
679 1368 900 1443 restitutionis,
919 1363 981 1428 nisi
1000 1363 1038 1426 ob
1053 1359 1249 1426 violationem
1264 1359 1347 1440 juris
1366 1360 1482 1432 stricti,

211 1506 265 1552 seu
275 1479 406 1567 justitiae
419 1472 656 1537 commatatiaae;
671 1481 756 1527 secus
772 1476 842 1522 vero
857 1456 894 1520 ob
911 1451 1108 1517 violationem
1121 1447 1202 1530 juris
1219 1445 1392 1510 honestatis
1410 1445 1484 1508 sim-

211 1572 340 1658 pliciter.
353 1565 441 1632 Ratio
450 1568 512 1636 est,
530 1557 604 1640 quia
621 1552 778 1617 restitutro
794 1545 883 1609 efficit
897 1549 933 1606 nt
947 1560 996 1604 res
1009 1537 1149 1622 proximo
1162 1535 1266 1599 dehita
1281 1540 1423 1616 exaquei
1434 1538 1485 1616 Jus

212 1663 297 1728 illius
310 1659 426 1740 injuste
443 1650 603 1715 violatum.
621 1649 692 1708 lam
705 1657 777 1704 vero
790 1635 847 1698 hoc
860 1631 927 1696 fieri
946 1628 1070 1712 nequit,
1085 1643 1158 1689 cum
1172 1625 1210 1688 de
1225 1624 1392 1687 violatione
1406 1623 1486 1703 juris

212 1745 382 1817 honestatis
397 1759 496 1806 sermo
507 1740 562 1800 est.
577 1734 609 1797 Si
623 1731 693 1813 quis
705 1727 790 1791 enim
800 1727 853 1807 jus
864 1721 955 1785 ledat
968 1715 1138 1798 Superioris
1152 1713 1201 1776 sui
1214 1713 1261 1776 vel
1275 1711 1426 1793 proximi,
1442 1711 1487 1774 illi

215 1835 390 1919 denegando
404 1824 626 1898 obedientiam,
642 1819 716 1882 huic
731 1811 875 1880 Caritatis
889 1807 1002 1883 officia,
1020 1802 1146 1869 violatio
1164 1801 1217 1864 illa
1231 1801 1336 1864 stricte
1353 1799 1488 1881 reparari

215 1926 338 2010 neqrnt,
354 1920 428 2004 quia
441 1933 540 1981 novus
555 1919 643 1976 actus
661 1901 842 1972 obedientie
859 1898 907 1963 vel
920 1893 1064 1960 Caritatis
1082 1910 1145 1955 non
1160 1897 1314 1971 repararet
1324 1892 1375 1972 jus
1391 1889 1489 1950 riola-

216 2028 301 2091 tum,
318 2013 371 2076 sad
389 2005 576 2072 satisfaceret
589 2005 715 2064 tantum
728 1995 892 2076 precepto,
908 1985 989 2068 quod
1003 1999 1122 2062 semper
1135 1987 1240 2060 urget,
1256 1977 1413 2043 obediendi
1426 1975 1489 2040 sci·

216 2109 286 2172 licet
299 2097 468 2183 Superiori,
484 2099 515 2157 et
529 2089 706 2174 proximum
719 2083 753 2146 in
768 2075 919 2160 angtrstiis
933 2068 1125 2138 sublevandi.

339 2281 537 2366 Quaesitae.

260 2465 330 2528 628.
347 2491 386 2504 -
400 2457 501 2530 Qum.
517 2452 550 2511 1ο
565 2445 616 2508 tn
630 2445 780 2523 impotens
792 2431 949 2495 restituere
963 2447 1002 2492 ex
1016 2425 1101 2488 bonis
1116 2421 1244 2507 ejusdem
1257 2419 1377 2482 ardebis
1391 2429 1495 2480 tenea-

222 2564 274 2615 tur
287 2549 444 2611 restituere
456 2560 494 2602 ea
511 2537 596 2599 bortis
611 2528 728 2594 ordinis
741 2522 878 2588 diversi?

263 2641 351 2720 Resp.
367 2632 445 2713 Nep.
457 2620 660 2712 probabilius.
674 2614 763 2680 Ratio
778 2619 839 2686 est,
853 2607 928 2690 quia
941 2623 1004 2669 non
1018 2604 1111 2666 datur
1120 2596 1298 2678 comparatio
1309 2595 1392 2658 inter
1407 2594 1498 2656 bona

222 2727 336 2796 diversi
349 2719 481 2794 ordinis;
492 2731 563 2796 ergo
575 2728 630 2773 nec
641 2705 707 2770 dari
719 2707 818 2786 potest
830 2692 1046 2778 compensatio.
1058 2695 1099 2754 Et
1110 2706 1178 2754 sane
1191 2684 1309 2750 decerni
1321 2701 1496 2764 nunquam

202 2863 204 2867 -
223 2822 340 2903 posset,
355 2813 509 2893 qnantum
528 2799 719 2863 arithmetice
733 2788 855 2856 restitui
868 2786 1004 2858 deberet,
1021 2779 1174 2862 siquidem
1186 2775 1266 2839 inter
1280 2773 1363 2836 bona
1377 2771 1496 2834 diversi

224 2903 340 2972 ordinis
355 2917 417 2962 non
431 2896 523 2958 datur
537 2904 683 2954 mensura
697 2877 881 2947 communis.
897 2909 937 2924 -
953 2873 990 2936 S.
1006 2871 1075 2953 Lig.
1090 2889 1122 2931 6.
1136 2871 1208 2932 627.
1220 2899 1259 2912 ·—
1272 2861 1421 2936 1666616,
1435 2866 1493 2922 ete.

223 3005 254 3060 et
266 2992 323 3056 alii
334 2983 525 3052 communias.

265 3084 292 3146 A
296 3080 435 3164 (firmant
456 3080 560 3136 tamen
583 3065 710 3147 quidam
733 3059 800 3134 alii,
821 3055 894 3138 quia
915 3047 1096 3135 (inquiunt)
1112 3046 1168 3128 qai
1191 3061 1254 3108 non
1274 3043 1372 3124 potest
1393 3043 1492 3102 totum

226 3176 377 3240 damntun
396 3160 558 3231 resarcire,
579 3157 700 3218 tenetur
722 3149 831 3213 saltem
853 3157 1047 3222 compensare
1066 3143 1188 3218 partem
1209 3149 1305 3214 quam
1326 3133 1435 3210 potest.
1455 3157 1496 3172 —

227 3265 264 3328 S.
282 3259 383 3324 lem.
399 3257 429 3316 2.
447 3255 490 3326 2.,
506 3267 536 3329 q.
553 3249 608 3322 62,
624 3251 684 3304 art.
700 3243 737 3314 2,
754 3235 822 3298 adl
840 3243 869 3295 et
883 3230 924 3292 ad
938 3235 970 3292 2.
984 3230 1123 3290 —Hanc
1137 3219 1323 3286 sententiam
1341 3215 1416 3281 dicit
1427 3232 1495 3295 pro

227 3349 361 3417 hahilem
374 3343 411 3408 S.
428 3339 511 3420 Lia,
527 3334 580 3397 sed
592 3330 727 3412 primam
740 3332 777 3389 nt
789 3319 1024 3404 probabiliorem
1036 3313 1140 3377 habet.

268 3442 415 3504 Attamen
427 3446 481 3511 per
493 3421 649 3508 justitiam
666 3411 886 3482 vindicativam
900 3412 998 3489 potest
1017 3423 1035 3468 a
1047 3401 1151 3485 judica
1164 3399 1212 3462 vel
1230 3395 1424 3478 asaperiore
1436 3390 1496 3454 irn-

228 3528 316 3612 poni,
332 3531 369 3588 ut
383 3519 468 3602 quis,
484 3530 539 3595 pro
552 3506 668 3591 injuria
685 3505 764 3568 circa
776 3516 877 3563 unum
894 3497 1047 3559 bonorum
1066 3507 1177 3572 genus,
1194 3485 1312 3566 aliquid
1327 3486 1450 3565 prestet
1463 3479 1496 3541 in

228 3617 318 3682 bonis
333 3609 459 3676 alterim
476 3598 607 3674 ordinis;
621 3591 810 3678 probabilius
824 3593 927 3649 tarmen
946 3582 1064 3645 ratione
1077 3594 1175 3660 poene
1193 3581 1334 3648 tantum,
1349 3589 1413 3634 non
1428 3585 1497 3630 vero

229 3705 347 3772 ratione
358 3694 500 3782 justitie.
515 3695 618 3754 lasus
631 3684 759 3762 insuper
768 3681 821 3760 jus
835 3675 927 3739 habet
940 3672 1022 3752 apud
1036 3667 1174 3751 Judicem
1189 3659 1396 3726 denuntiandi
1411 3658 1497 3720 illum

231 3811 323 3876 aquo
336 3784 486 3869 injuriam
499 3773 629 3856 accepit,
643 3773 777 3851 adeoque
789 3765 827 3828 ab
841 3764 901 3826 isto
914 3758 1078 3842 pecuniam
1092 3750 1273 3835 accipiendi,
1286 3755 1325 3812 ut
1337 3744 1498 3811 denuntia-

230 3885 346 3947 tionem
362 3873 502 3945 omittat;
517 3865 575 3939 sic,
592 3882 623 3925 v.
637 3879 697 3941 gr„
712 3855 825 3921 mulier
840 3853 878 3914 ab
894 3850 997 3930 aliquo
1011 3845 1158 3910 violenter
1172 3857 1314 3923 oppressa
1325 3837 1499 3900 violatorem

232 3973 271 4036 ad
281 3967 418 4052 judicem
431 3953 606 4037 compellere
617 3951 731 4030 potest,
747 3943 796 4007 vel
808 3939 968 4024 pecuniam
983 3955 1001 3998 a
1014 3934 1166 3998 66661666
1179 3929 1313 4010 exigere,
1324 3933 1362 3990 ut
1370 3923 1435 4007 juri
1447 3939 1500 3984 suo

333 4055 399 4118 tiet.

232 4077 504 4216 Γ6111112111-(16666.
518 4139 552 4197 2ο
564 4131 615 4193 Aa
629 4125 793 4190 inducatur
805 4118 954 4200 obligatio
970 4111 1169 4178 restitutionis
1184 4127 1223 4172 ea
1235 4105 1355 4170 actione
1366 4100 1502 4185 offacias

234 4242 526 4312 contaminarem
542 4220 674 4302 effective
687 4213 775 4296 juris
795 4208 890 4270 alieni
907 4205 1027 4267 besica?

272 4325 362 4406 Resp.
377 4318 454 4398 Nep.
470 4327 610 4395 prorsus,
626 4303 701 4387 quia
716 4299 801 4363 nulla
818 4294 934 4376 iniuria
946 4292 1036 4355 realis
1049 4289 1190 4372 proximo
1206 4285 1348 4358 infertur,
1363 4277 1507 4363 quamms

236 4431 329 4493 agens
343 4405 473 4490 graviter
488 4404 588 4482 peccet
602 4400 673 4458 actu
689 4390 811 4453 interno
825 4390 931 4448 contre
943 4379 1110 4462 justitiam.
1130 4376 1208 4440 Hinc
1224 4374 1262 4438 ab
1275 4390 1366 4436 onere
1382 4365 1508 4432 restitn-

237 4499 331 4567 tionis
345 4492 524 4560 emmendus
537 4492 584 4550 est
593 4483 690 4566 judex
703 4474 869 4544 malevolam
883 4469 1037 4554 proterens
1052 4465 1238 4532 sententiam
1252 4477 1345 4544 quam
1358 4462 1449 4541 putat
1461 4452 1509 4516 in
