3202 5020
200 133 266 194 707
740 143 944 191 amaracus

241 261 372 321 Drvrsrc.
393 258 511 338 Duplex
531 256 735 338 distinguitur
754 275 761 318 :
782 256 842 320 alia
859 255 1046 335 antecedens,
1060 260 1091 319 et
1108 255 1165 318 alia
1181 275 1371 339 consequens.
1392 245 1484 321 Pridr

202 350 249 410 est
268 365 337 428 qua
360 346 466 410 ordine
485 347 670 408 causalitatis
691 345 861 426 quamlibet
881 345 1022 426 praecedit
1040 345 1209 408 voluntatis
1228 345 1481 410 deliberationem
1580 347 1581 374 ³

202 453 257 500 seu
271 451 469 509 consensum,
488 451 616 515 canique
630 435 669 497 ad
686 433 940 497 consentiendum
961 431 1055 495 allicit
1069 451 1103 496 ac
1118 432 1224 496 trabit.
1242 435 1392 498 Posterior
1406 453 1483 498 vero
1580 433 1581 460 ³

202 531 260 598 est,
274 543 343 604 quae
355 523 463 586 ordine
476 522 663 586 causalitntis
677 531 783 586 actum
797 522 966 585 voluntatis
982 521 1131 602 sequntur,
1149 523 1213 586 sive
1225 523 1298 604 quia
1312 523 1483 586 vehemens
1580 517 1581 606 ᾗ

202 613 373 676 voluntatis
386 619 490 676 motus
505 613 657 674 redundat
671 613 705 675 in
719 611 895 674 inferiorem
909 611 1099 691 appetitum,
1116 611 1181 674 sive
1194 611 1267 692 quia
1279 611 1362 675 hunc
1371 611 1480 692 ipsum

201 700 345 763 voluntas
359 700 472 764 directe
487 705 518 764 et
532 702 570 763 de
585 700 740 764 industria
754 700 876 762 excitat.
894 702 967 775 Quae
985 719 1022 762 ex
1039 717 1124 762 mera
1140 701 1346 763 redundantia
1363 703 1480 782 produ-

202 788 293 863 citur,
311 793 447 851 incensa
462 790 625 851 dumtaxat
642 789 816 852 voluntaria
834 796 896 864 est;
913 806 982 868 quae
996 787 1106 851 directe
1123 795 1154 850 et
1172 789 1208 851 de
1227 789 1384 852 industria
1399 790 1483 853 exci—
1580 807 1581 838 ³

202 881 298 952 tatur,
315 877 489 940 voluntarie
503 878 648 940 estense.

325 1031 549 1112 Principia.

244 1175 274 1232 7.
295 1168 544 1249 Concupiscentia
562 1169 741 1232 antecedens
765 1187 827 1231 non
849 1168 944 1242 tollit,
966 1173 999 1230 at
1016 1166 1120 1249 potius
1138 1171 1229 1248 auget
1249 1165 1482 1243 voluntarium,
1580 1163 1581 1214 ἶ

203 1263 295 1340 prout
309 1256 364 1320 hoc
377 1257 503 1320 nomine
515 1256 705 1339 significatur
719 1257 886 1321 voluntatis
901 1256 1074 1333 inclinatio;
1090 1257 1206 1319 minuit
1219 1263 1325 1319 autem
1336 1275 1370 1318 ac
1382 1256 1482 1318 etiarn
1580 1301 1581 1304 ,

203 1346 326 1428 penitus
344 1346 439 1422 tollit,
457 1350 549 1427 prout
568 1346 757 1427 significatur
771 1346 928 1428 judicium
944 1345 1075 1408 rationis
1093 1350 1125 1408 et
1143 1345 1309 1408 voluntatis
1331 1343 1480 1408 delibera-

203 1435 258 1498 tio.
275 1471 315 1480 —
330 1434 418 1498 Ratio
437 1433 532 1516 primi
550 1440 610 1510 est,
632 1435 706 1518 quia
724 1455 777 1517 per
796 1433 1074 1516 concupiscentiam
1093 1433 1235 1497 voluntas
1253 1433 1421 1496 inclinatur
1440 1435 1482 1496 ad

204 1523 369 1588 volendum
389 1523 422 1585 id
444 1525 526 1604 quod
546 1521 746 1605 concupiscit,
767 1527 797 1587 et
818 1523 943 1587 aliunde
965 1542 1027 1586 non
1044 1521 1245 1604 impeditura
1263 1521 1482 1602 cognoscendis
1580 1589 1581 1596 ,

204 1613 312 1676 saltem
332 1611 536 1692 qualitatibus
550 1612 595 1675 rei
614 1612 829 1688 sensibilibus,
844 1612 908 1675 imo
922 1611 1022 1693 magis
1036 1610 1070 1674 in
1084 1611 1128 1674 eis
1146 1610 1374 1674 considerandis
1391 1629 1484 1674 occu·
1580 1611 1581 1678 l

205 1706 295 1783 patur
311 1721 318 1762 :
336 1719 405 1780 ergo
424 1706 508 1764 actus
527 1701 566 1765 ab
586 1722 621 1764 ea
639 1703 817 1782 procedens
833 1699 869 1764 fit
888 1720 941 1782 per
955 1721 987 1764 se
1005 1720 1042 1764 ex
1058 1699 1186 1782 pleniori
1204 1705 1234 1762 et
1251 1701 1350 1780 magis
1365 1699 1485 1763 intrin-
1580 1725 1581 1770 3

205 1808 272 1854 seca
293 1789 463 1853 voluntatis
493 1791 704 1872 propensione.
725 1825 767 1838 -
787 1791 874 1853 Ratio
901 1789 1026 1853 secundi
1052 1794 1114 1864 est,
1140 1787 1213 1869 quia
1236 1787 1485 1870 concupiscentia

206 1883 345 1941 mentem
364 1879 476 1942 avertit
494 1899 512 1942 a
531 1879 760 1942 considerandis
778 1878 887 1961 objecti
901 1877 1104 1942 incommodis
1123 1897 1158 1940 ac
1176 1877 1355 1952 defectibus
1372 1881 1402 1940 et
1419 1878 1483 1940 mi-

206 1965 278 2030 nur‘t
301 1966 543 2031 indifferentiam
566 1968 747 2031 voluntatis.
770 2003 812 2014 -
832 1968 959 2044 Quando
987 1973 1093 2032 autem
1121 1973 1209 2029 tanta
1236 1971 1283 2028 est
1304 1966 1419 2052 passio,
1444 1972 1485 2028 ut
1580 1955 1581 2014 ἐ

206 2073 302 2118 usum
324 2055 452 2118 rationis
477 2057 599 2138 penitus
620 2055 752 2132 auferat,
774 2061 865 2138 prout
884 2056 929 2132 fit,
950 2055 1055 2137 inquit
1075 2057 1105 2118 S.
1128 2056 1277 2130 Thalnae,
1299 2053 1334 2116 in
1354 2054 1403 2117 his
1424 2055 1484 2134 qui

207 2149 330 2225 propter
344 2162 480 2207 amorem
495 2147 543 2208 vel
558 2145 639 2207 iram
655 2145 835 2222 insaniunt,
852 2152 939 2207 actus
953 2151 1000 2207 est
1017 2143 1254 2220 indeliberatus,
1271 2148 1301 2206 et
1314 2163 1348 2206 ea
1363 2143 1486 2206 ratione
1580 2185 1581 2188 =

207 2232 335 2295 omuino
349 2233 490 2297 redditur
500 2235 741 2298 involuntarius.
758 2269 798 2280 -
811 2234 849 2296 S.
871 2234 977 2296 Tiona.
992 2239 1022 2297 l.
1042 2238 1085 2310 7.,
1103 2253 1133 2317 q.
1150 2235 1200 2308 73,
1217 2241 1277 2295 nrt.
1293 2237 1328 2309 63
1341 2239 1372 2296 et
1383 2253 1413 2314 q.
1427 2237 1483 2306 77,
1580 2249 1581 2290 ;

205 2329 266 2384 art.
281 2325 312 2384 7.
329 2326 348 2385 6
362 2325 393 2383 et
405 2328 434 2385 7.

245 2412 284 2472 Π.
298 2412 547 2492 Concupiscentia
560 2431 747 2494 consequens
761 2431 860 2494 neque
872 2415 963 2492 auget
976 2430 1076 2492 neque
1090 2410 1240 2476 diminuit
1253 2409 1484 2484 voluntarium,
1580 2409 1581 2426 ¹

207 2499 259 2562 sed
268 2503 369 2582 potius
384 2499 435 2581 (ut
446 2501 491 2563 ait
506 2501 543 2565 S.
562 2501 710 2578 Thomas,
728 2507 756 2565 7.
771 2506 814 2578 7.,
831 2522 861 2584 q.
879 2507 928 2576 77,
943 2511 1004 2562 art.
1021 2501 1056 2583 6)
1070 2510 1114 2562 cst
1126 2501 1246 2582 sianum
1259 2498 1485 2582 mcpnitadinis

206 2589 288 2672 ejas,
305 2592 337 2650 in
352 2596 496 2670 quantum
509 2589 696 2652 demonstrat
711 2593 909 2652 intencionem
922 2589 1087 2652 voluntatis
1100 2591 1143 2652 ad
1154 2599 1267 2652 actum.
1580 2665 1581 2670 ἵ

249 2678 337 2740 Ρ1071.
361 2682 393 2740 7Ιι
413 2697 499 2760 pars,
522 2679 597 2760 quia
618 2687 706 2743 actus
730 2679 899 2742 voluntatis
920 2678 1079 2742 rationalis
1101 2678 1137 2742 in
1157 2696 1191 2741 ea
1209 2675 1372 2760 hypothesi
1398 2681 1484 2739 ante-

208 2764 287 2828 cedit
300 2771 423 2829 motum
437 2768 705 2848 coucupiscentia,
720 2767 800 2832 sicut
815 2786 907 2831 causa
920 2766 1063 2848 precedit
1076 2765 1228 2830 effectum.
1246 2765 1396 2828 Posterior
1412 2783 1483 2846 ergo

208 2853 336 2916 rationis
366 2857 569 2936 perturbatio,
594 2875 690 2938 quarn
715 2856 960 2937 coucupiscentia
988 2855 1124 2934 inducit,
1152 2873 1215 2920 nou
1243 2860 1344 2935 potest
1366 2853 1485 2916 afficere
1580 2863 1581 2928 g

209 2947 313 3004 actum
329 2943 383 3024 qui
400 2948 468 3026 jam
486 2946 654 3026 precessit,
675 2947 804 3027 ideoque
826 2963 882 3009 nec
902 2945 1071 3008 voluntarii
1088 2944 1241 3008 rationem
1261 2943 1405 3006 minuere
1428 2949 1486 3005 aut
1580 2955 1581 2976 ³

208 3047 337 3182 unffi.
362 3125 394 3183 7·
414 3140 500 3203 pars,
523 3121 611 3204 quia,
632 3127 668 3186 ut
692 3122 785 3186 habet
810 3125 840 3185 S.
869 3122 1004 3186 Thomas
1026 3121 1084 3204 (lle
1104 3123 1179 3184 mal,
1205 3139 1235 3203 q.
1261 3125 1291 3186 3.
1314 3125 1374 3184 art.
1400 3119 1457 3202 77)
1476 3139 1485 3182 ;

212 3207 340 3286 Quando
358 3229 397 3271 ea
410 3211 489 3291 forti
504 3221 586 3273 meta
606 3211 773 3275 voluntatis
792 3219 991 3274 commovetur
1008 3215 1160 3294 appetitae
1176 3211 1337 3314 sensia'pas
1354 3208 1396 3269 ad
1410 3229 1487 3290 pus-
1580 3252 1581 3286 ,

208 3298 338 3377 sionna,
351 3301 457 3381 passio
474 3299 560 3362 addit
575 3303 714 3363 meritum
729 3300 779 3362 vel
786 3300 978 3378 *demeritam
997 3301 1071 3382 qnia
1086 3308 1130 3362 est
1145 3303 1281 3382 sipnnm,
1294 3297 1375 3381 qnod
1388 3307 1487 3359 motas
1580 3307 1581 3330 l

210 3385 377 3450 voluntatis
387 3389 428 3450 sit
437 3387 572 3469 sortior:
585 3401 614 3452 et
629 3391 683 3452 lloc
698 3389 787 3452 modo
799 3391 903 3452 ceram
915 3399 970 3464 ast,
982 3387 1129 3471 quoditie
1141 3388 1197 3471 qai
1207 3407 1274 3450 cnm
1285 3387 1397 3469 majori
1408 3405 1487 3448 rom-

206 3477 348 3558 paasione
359 3476 436 3558 fucit
448 3477 676 3562 eleemosynam,
692 3482 789 3561 acopis
800 3489 946 3554 merctur,
960 3487 989 3540 et
999 3477 1055 3560 qai
1064 3497 1132 3541 cnm
1144 3477 1259 3559 mojori
1269 3476 1394 3538 libidine
1407 3477 1489 3556 sarit
1580 3523 1581 3532 .

204 3574 378 3736 {mitum
399 3568 641 3650 mancipaverit:
656 3571 729 3651 qaia
746 3567 801 3631 toa
820 3576 864 3631 ast
883 3568 1020 3650 nicaen,
1040 3567 1123 3648 qnod
1145 3575 1243 3628 motus
1259 3565 1425 3628 voluntatis
1446 3566 1488 3626 sit
1580 3561 1581 3628 3

225 3665 330 3720 ortior.
1580 3666 1581 3680 ¹

332 3761 544 3827 Resolves.

251 3893 300 3952 ld.
323 3923 365 3936 -
384 3896 417 3953 l⁰
439 3887 690 3971 Concupiscentia
717 3890 898 3952 antecedens
924 3885 1043 3951 minuit
1067 3888 1217 3952 meritum
1242 3891 1271 3950 ot
1296 3882 1486 3950 demeritum

210 3978 295 4039 actus
312 3997 320 4039 :
336 3978 455 4042 minuit
471 3978 556 4042 enirn
569 3978 717 4052 liberum,
732 3995 769 4039 en
782 3995 843 4057 quo
853 3977 950 4054 ,habet
962 3982 1049 4040 actus
1063 3985 1100 4042 ut
1115 3977 1155 4040 sit
1166 3977 1256 4042 laude
1270 3978 1319 4040 vel
1332 3975 1487 4060 vituperio
1580 4025 1581 4058 ,

211 4064 335 4146 dignae,
352 4067 457 4130 meriti
471 4067 519 4130 vel
533 4065 676 4129 demeriti
689 4083 793 4146 capax.
810 4064 889 4129 Hinc
902 4066 948 4129 ait
961 4067 991 4128 S.
1006 4067 1139 4130 Thomas
1153 4067 1194 4148 (7.
1212 4071 1255 4142 7.,
1267 4084 1297 4148 q.
1310 4069 1361 4142 77,
1376 4069 1435 4127 art.
1453 4069 1484 4139 6,
1580 4087 1581 4130 l

210 4153 299 4235 7117)
317 4173 324 4216 :
341 4153 380 4216 Si
395 4156 472 4219 bona
484 4159 589 4239 passio
604 4154 759 4238 pracedat
771 4153 925 4236 judicium
946 4157 1087 4236 rationari,
1104 4165 1140 4216 at
1156 4155 1273 4218 scilicet
1286 4155 1371 4217 homo
1388 4158 1489 4237 anapia

210 4259 248 4305 esc
266 4246 417 4325 passione,
438 4265 529 4328 qnam
551 4265 589 4306 ec:
598 4243 718 4327 jndicio
738 4246 882 4314 rationis,
902 4245 1120 4308 moveaturne
1138 4244 1209 4306 bene
1228 4243 1395 4326 apiacum,
1415 4243 1489 4304 talis
1580 4251 1581 4254 ’

204 4331 310 4413 passio
322 4331 466 4394 diminuit
478 4333 640 4395 bonitatem
652 4343 682 4394 et
692 4331 807 4395 laadan
820 4341 912 4396 actua
922 4332 1003 4396 ilinc
1019 4333 1112 4396 ctiam
1128 4339 1286 4414 pcccatuun
1298 4351 1335 4396 ex
1349 4331 1490 4414 passione
1580 4315 1581 4387 l

211 4418 318 4486 minus
335 4439 425 4501 nave
439 4427 602 4502 reputatur
613 4427 732 4503 peccato
747 4422 829 4504 quod
840 4427 887 4486 est
901 4437 938 4486 ex
953 4438 1037 4486 mera
1051 4421 1181 4484 malitia.
1580 4419 1581 4448 ³
