3206 5024
150 321 153 330 .
210 263 278 325 278
743 273 949 320 ansericus

249 391 287 452 II.
308 393 424 454 Votum
451 386 565 466 obligat
586 386 754 448 secmrdum
775 385 916 450 voventis
938 385 1157 462 intentionem,
1178 387 1205 451 si
1220 387 1270 450 ille
1289 389 1485 471 obligationis

210 480 416 565 quantitatem
429 481 464 544 in
479 483 549 542 actu
563 477 693 542 vorandi
706 477 906 552 determinet,
922 477 967 541 ita
978 482 1014 541 ut
1025 479 1082 541 sub
1097 478 1158 542 leri
1168 482 1291 544 tautum
1305 481 1338 545 iu
1352 485 1487 548 materia

209 569 414 654 quantumvis
430 567 516 649 graui
530 587 561 630 se
572 566 666 647 ligare
677 566 784 646 possit.
799 566 888 630 Ratio
902 572 961 642 est,
979 566 1053 648 quia
1067 567 1148 631 sicut
1160 567 1313 648 legislator
1325 570 1374 634 vel
1388 575 1486 654 Supe-

206 659 272 723 rior
283 661 381 740 pctest
397 657 432 720 in
450 655 578 720 materia
592 655 678 736 graii
697 653 829 735 obligare
845 655 903 717 suh
921 656 981 718 leui
996 663 1136 732 tantum,
1154 656 1200 718 ita
1213 658 1308 721 etiam
1321 659 1486 741 quiverat

209 748 246 810 de
260 765 292 810 re
306 747 408 827 mari,
425 745 524 808 levem
543 749 667 808 tantum
685 743 902 824 obligationem
923 743 984 807 sibi
1001 743 1159 825 imponere
1177 750 1286 827 potest.
1302 753 1423 814 -Nou
1438 755 1486 815 ta.

207 857 281 903 meu
295 837 432 901 vicissim
449 837 582 918 graviter
595 836 630 897 in
645 854 677 897 re
695 835 755 897 leri
766 840 862 915 potest
883 853 914 898 se
935 836 1081 917 obligare,
1098 837 1172 918 quia
1185 841 1314 902 materia
1327 839 1405 904 levis
1420 861 1485 907 110„

207 934 254 992 est
266 926 367 1008 gravis
379 924 572 1006 obligationis
588 943 693 1005 capax.
710 923 816 986 -Ita
832 925 1036 988 communiter.
1051 961 1092 972 -
1109 925 1144 988 S.
1161 927 1232 1010 Liq.
1245 948 1276 990 a.
1293 933 1350 993 ult
1368 939 1399 992 et
1407 935 1482 997 213.

329 1105 527 1182 Quaesitae.

247 1270 463 1343 did-Qum.
472 1267 657 1342 vononem
667 1266 796 1327 materia
805 1283 862 1346 per
875 1283 905 1327 re
919 1273 1072 1328 censeatur
1085 1265 1159 1328 teoe's
1171 1265 1219 1328 cel
1227 1270 1331 1349 praete
1345 1269 1378 1330 ia
1392 1272 1484 1334 acto?

247 1358 336 1439 Resp.
350 1375 364 1419 .·
377 1357 431 1418 llla
450 1353 581 1418 materia
602 1354 702 1434 gravis
721 1358 871 1428 censetur,
886 1371 971 1434 quae,
993 1373 1064 1418 cum
1081 1354 1119 1418 ab
1137 1355 1269 1418 Ecclesia
1288 1357 1480 1439 praecipitur,

204 1445 340 1526 graviter
351 1445 479 1524 obligat,
494 1449 530 1506 ut
537 1443 705 1524 jejunium,
721 1442 822 1518 Missa,
836 1448 907 1518 etc,
920 1443 968 1504 rel
982 1461 1051 1523 quae
1062 1448 1236 1524 comparata
1249 1462 1321 1508 cmn
1334 1446 1394 1509 alio
1404 1466 1482 1530 prae-

206 1537 289 1614 cepto
304 1532 406 1613 gravis
420 1532 551 1607 videtur,
568 1531 616 1593 vel
629 1530 804 1594 notabiliter
815 1532 854 1593 ad
869 1530 962 1595 finem
976 1531 1054 1618 voti,
1071 1539 1127 1595 aut
1143 1533 1183 1595 ad
1199 1532 1252 1594 Dei
1269 1535 1389 1598 cultum
1410 1555 1482 1601 con-

203 1621 273 1685 fert.
288 1658 329 1668 -
342 1622 467 1684 neuter.

244 1713 345 1786 Qunn.
361 1716 395 1775 2⁰
410 1710 462 1772 Ac
474 1709 580 1793 plores
593 1709 727 1772 materia
748 1709 822 1772 lecca
839 1708 1004 1772 coalescant
1020 1709 1062 1773 ad
1080 1711 1242 1773 materiam
1262 1731 1387 1794 precem
1404 1713 1483 1797 effi-

202 1799 360 1862 ciendam?

245 1889 335 1972 Recp.
351 1889 444 1971 Nep,
457 1889 485 1952 si
498 1888 635 1952 materiae
648 1889 728 1951 leves
742 1891 911 1951 voveantur
925 1888 1101 1970 separatim,
1117 1908 1149 1950 v.
1166 1908 1225 1968 gn,
1242 1889 1268 1952 si
1280 1889 1481 1974 uniuscujus-

204 1997 266 2060 que
289 1977 433 2058 obligatio
458 1977 501 2040 sit
517 1977 607 2040 affixa
625 1977 749 2058 praecise
772 1977 904 2059 tempori
925 1979 973 2040 vel
993 1977 1069 2053 diei,
1090 1995 1144 2040 seu
1163 1979 1203 2040 ad
1223 1997 1482 2062 unumquemque

202 2067 290 2130 diem
305 2067 568 2130 sanctificandum.
582 2102 624 2111 -
637 2071 744 2142 secus,
757 2065 784 2128 si
794 2067 932 2130 materiae
945 2067 1025 2130 leues
1038 2084 1092 2147 per
1105 2067 1233 2130 modum
1245 2068 1340 2131 unius
1350 2088 1481 2132 vovean-

205 2162 269 2231 tur,
285 2155 331 2218 ita
344 2163 381 2219 ut
395 2156 457 2218 diei
467 2155 682 2218 determinatio
697 2174 760 2218 non
777 2157 899 2218 accedat
915 2155 977 2218 nisi
996 2157 1035 2218 ad
1048 2155 1276 2219 exsecutionem
1291 2159 1476 2239 urgentiam,

204 2250 243 2308 ut
264 2243 325 2306 fere
345 2245 381 2307 fit
403 2244 437 2305 in
457 2243 538 2306 votis
556 2244 706 2320 realibus,
724 2261 857 2325 quorum
873 2243 1046 2320 exsecutio,
1062 2251 1100 2306 ut
1118 2245 1227 2308 certior
1246 2244 1289 2309 sit
1302 2253 1334 2309 et
1351 2245 1476 2323 facilior,

205 2331 405 2395 distribuitur
416 2331 451 2395 in
465 2333 600 2412 singulos
615 2333 694 2409 dies;
708 2332 812 2412 excipe
824 2337 944 2409 tamen,
960 2332 1022 2396 nisi
1041 2332 1126 2396 aliud
1146 2352 1184 2395 ex
1201 2335 1343 2398 voventis
1362 2342 1479 2400 constet

204 2419 390 2496 intentione,
407 2441 444 2484 ex
457 2441 519 2502 qua
533 2427 598 2484 tota
611 2421 753 2502 obligatio
765 2426 795 2483 ct
808 2422 887 2485 ratio
899 2420 1094 2502 obligationis
1108 2422 1230 2502 pendet.

245 2515 315 2574 327.
328 2545 370 2556 —
383 2513 484 2586 Qunn.
501 2515 534 2574 3⁰
546 2509 595 2572 An
608 2510 718 2592 aliquia
730 2521 796 2572 voto
812 2510 910 2572 alieno
927 2511 1019 2594 ligari
1030 2509 1149 2594 possit?

244 2599 335 2684 Resp.
358 2599 450 2682 Nep,
468 2600 574 2662 saltem
596 2599 715 2662 ratione
730 2599 810 2676 voti;
831 2599 925 2676 ratio,
947 2601 1020 2680 quia
1039 2606 1148 2664 votum
1167 2606 1214 2663 est
1227 2617 1303 2662 onus
1317 2603 1479 2680 personale

204 2688 376 2752 voluntarie
388 2695 580 2770 susceptum,
597 2695 628 2750 et
641 2689 709 2751 ideo
722 2707 813 2750 nemo
829 2707 895 2751 rem
914 2690 962 2752 uel
978 2688 1129 2752 actionem
1152 2688 1281 2751 aticum
1294 2687 1479 2769 promittere

202 2785 313 2859 potest.
327 2813 369 2825 —
382 2777 461 2841 Hinc
477 2783 549 2841 vota
567 2785 731 2858 parentum
750 2776 828 2840 filios
848 2777 1065 2842 devoventium
1086 2776 1220 2858 cuipiam
1240 2775 1403 2857 Religioni,
1420 2785 1480 2842 aut

203 2866 280 2947 ipsis
305 2867 534 2948 imponentium
558 2864 788 2946 obligationem,
811 2885 842 2928 v.
868 2885 927 2945 gn,
952 2865 1043 2930 certis
1070 2865 1178 2928 diebus
1201 2866 1377 2947 jejunandi,
1404 2873 1476 2942 etc,

202 2953 277 3020 istos
298 2956 392 3036 ligare
413 2959 579 3038 nequeunt.
597 2955 680 3017 Licet
697 2961 801 3016 autem
821 2954 877 3017 lilii
895 2973 957 3018 non
970 2958 1133 3017 teneantur
1146 2960 1217 3016 voto
1227 2962 1409 3035 parentum,
1423 2957 1478 3036 qui

202 3040 270 3105 illos
293 3044 448 3124 religioni,
474 3044 521 3106 vel
544 3043 635 3105 alicui
656 3041 835 3122 obligationi
858 3043 1061 3117 devoverunt,
1083 3049 1223 3124 parentes
1242 3049 1347 3106 tamen
1368 3051 1477 3107 votum

203 3131 334 3211 obligat,
348 3138 384 3194 ut
399 3138 553 3214 quantum
564 3131 599 3196 iu
610 3131 686 3212 ipsis
700 3138 762 3206 est,
778 3130 863 3194 salva
880 3132 1015 3194 filiorum
1031 3131 1186 3206 libertate,
1203 3131 1258 3194 hos
1275 3139 1425 3195 moveant
1438 3133 1477 3194 ad

203 3218 252 3295 id,
269 3221 350 3302 quod
369 3238 424 3302 pro
442 3221 518 3303 ipsis
539 3224 705 3296 voverunt,
722 3220 982 3300 amplectendum,
999 3239 1033 3282 ac
1055 3221 1155 3284 multo
1173 3219 1272 3300 magis
1296 3239 1335 3284 ne
1353 3221 1424 3284 liliis
1445 3221 1476 3284 id

200 3308 347 3390 amplecti
361 3309 533 3374 volentibus
545 3310 677 3374 obstent.

244 3399 332 3475 Dixi,
357 3399 463 3461 saltem
487 3401 604 3463 raucae
625 3399 703 3476 voti,
718 3417 793 3462 nam
815 3396 996 3479 exjustitia
1017 3397 1114 3462 haeres
1137 3405 1208 3461 vota
1226 3397 1319 3462 realia
1341 3398 1479 3462 debrncti

203 3489 317 3552 solvere
341 3495 481 3566 tenetur;
497 3495 529 3552 ct
548 3507 585 3552 ex
601 3488 774 3552 ohedientia
792 3488 899 3550 saltem
917 3490 1060 3549 tenentur
1081 3485 1212 3562 subditi,
1228 3493 1299 3550 tum
1317 3488 1372 3568 qui
1392 3505 1479 3552 nunc

204 3576 330 3654 vivunt,
347 3585 417 3642 tum
431 3579 485 3660 qui
497 3579 532 3642 in
543 3585 700 3660 postemm
714 3577 855 3640 membra
867 3574 1098 3639 communitatis
1113 3576 1202 3651 fient,
1218 3575 1386 3658 adimplere
1404 3583 1478 3640 uota

202 3681 308 3729 eorum
322 3668 449 3732 nomine
461 3687 480 3730 a
492 3667 675 3748 Magistratu
688 3665 782 3742 cirili,
799 3664 984 3728 assentiente
993 3664 1150 3745 Episcopo,
1163 3667 1246 3727 auta
1260 3663 1477 3747 Superioribus

201 3753 350 3834 religiosis
371 3757 494 3820 emissa.
507 3791 547 3801 -—
565 3756 601 3818 S.
615 3756 699 3838 Ligu,
713 3755 790 3818 ibid.
804 3791 845 3800 -
863 3754 937 3817 Vide
951 3751 1079 3816 dicenda
1094 3752 1128 3816 in
1144 3753 1246 3816 Tract.
1262 3751 1299 3816 de
1316 3753 1475 3818 Contraet.

200 3839 255 3902 ubi
265 3842 301 3904 de
311 3843 526 3909 promissione.

242 3929 342 4002 Quen.
356 3938 389 3995 4⁰
405 3933 546 4010 woicam
558 3932 668 3995 dileetio
681 3929 1019 4015 praeemineant?

242 4015 331 4098 Besp.
357 4027 410 4084 1⁰:
431 4022 539 4086 Gravis
559 4027 607 4084 est
625 4041 682 4104 per
705 4040 735 4084 ee
760 4021 904 4103 quelibet
922 4019 1026 4084 dilatio
1051 4019 1115 4084 voti
1136 4019 1271 4102 graviter
1293 4020 1476 4102 obligantis,

203 4105 324 4199 quando
348 4110 480 4189 tempori
501 4109 704 4174 determinato
726 4108 853 4172 affixum
878 4116 940 4186 est,
955 4116 993 4173 ut
1011 4116 1058 4173 est
1071 4115 1181 4173 uotum
1194 4109 1356 4192 jejunandi
1372 4111 1408 4173 in
1420 4110 1478 4174 tali

202 4187 316 4266 ugilia,
328 4200 398 4272 etc.;
409 4197 483 4276 quia
491 4199 590 4280 elapso
601 4203 736 4278 tempore
746 4202 842 4261 cessat
851 4198 916 4261 voti
925 4197 1070 4279 obligatio
1077 4217 1146 4280 quat
1154 4198 1346 4280 compensari
1353 4199 1476 4279 nequit.

242 4275 331 4358 Hesp.
346 4285 379 4342 2⁰
394 4303 401 4345 :
417 4285 450 4347 Si
466 4303 537 4350 vero
557 4291 679 4369 tempus
700 4285 938 4349 determinatum
959 4305 1021 4350 non
1039 4286 1147 4362 brerit,
1169 4290 1225 4349 aut
1247 4287 1286 4349 ad
1304 4288 1479 4367 ungendam

203 4363 327 4425 tantum
345 4370 409 4431 voti
425 4376 650 4440 exsecutionem
664 4375 824 4456 praefixum
845 4373 901 4450 sit,
918 4373 1024 4437 dilatio
1042 4375 1186 4438 notabilis
1202 4374 1237 4438 in
1255 4393 1289 4438 re
1303 4375 1389 4456 gravi
1406 4393 1478 4456 pec-

202 4449 306 4544 eatum
328 4470 418 4530 gram
441 4461 514 4536 erit;
538 4464 638 4544 qualis
659 4470 764 4527 autem
786 4462 828 4525 sit
845 4480 932 4525 mora
958 4462 1115 4538 notabilis,
1140 4481 1178 4527 ex
1198 4470 1311 4527 natura
1336 4463 1383 4527 rei
1406 4481 1479 4545 pro-

203 4547 316 4610 missae,
329 4555 366 4599 ex
380 4541 439 4605 dne
452 4551 484 4607 et
497 4549 565 4612 aliis
577 4551 816 4616 circumstantiis
827 4549 1031 4632 jardicandum
1042 4559 1099 4615 est.
1115 4553 1291 4618 Generatim
1303 4553 1473 4634 loquendo,
