3206 5024
516 275 559 319 on
578 273 780 320 raacarrrs
800 273 977 320 oncluocr
1150 327 1160 352 Ι
1317 266 1386 327 303

109 387 295 456 debot.-S.
308 387 378 469 cip.
391 405 423 447 n.
434 388 546 449 ato-
554 383 661 462 Callet,
673 385 845 460 etc.,etciii
854 386 1160 448 commam'tercontra
1172 386 1248 450 clioc
1257 388 1387 455 laxiores

110 479 161 542 vel
175 473 468 558 rigidiores-Vide
482 473 593 535 Bened.
608 472 700 549 XIV,
716 473 752 534 de
766 472 844 555 Syn.
861 473 949 538 dicae.
965 473 988 538 l.
1001 475 1041 538 XI
1052 523 1059 550 ,
1070 495 1096 537 c.
1107 493 1169 550 ιιι,
1183 481 1256 552 no,
1269 483 1318 553 10,
1333 485 1383 544 11.

104 602 109 616 .
152 571 224 632 313.
245 601 284 611 -
304 566 355 626 ΙΠ.
374 563 504 625 Ratione
524 572 630 624 status.
650 563 807 625 Tenentur
827 563 952 626 tandem
972 569 1112 646 parentes
1133 563 1204 627 filiis
1225 583 1385 646 procurare

104 660 231 720 'statum
242 655 277 716 in
291 671 350 734 quo
364 653 488 715 honeste
499 653 588 732 juxta
602 649 806 714 conditionem
822 669 910 714 suam
924 649 1087 734 aliquando
1099 653 1202 716 vivere
1214 655 1387 734 possint-n

111 745 194 808 Hinc
208 742 340 824 graviter
356 746 500 822 peccant:
1123 817 1126 822 1

103 856 112 868 ·
155 837 188 895 10
204 831 266 906 0ιὶ
281 829 472 910 diligentiam
490 828 596 891 saltem
612 827 795 891 mediocrem
814 847 877 891 non
893 827 1056 906 adhihent,
1075 835 1112 893 ut
1132 829 1294 912 acquirant
1307 834 1388 896 bona

104 939 153 984 -ex
169 919 282 1002 quibus
302 918 413 981 liberos
431 917 645 981 convenienter
663 921 852 992 sustentant,
870 923 901 980 et
922 917 1027 981 futuro
1046 919 1140 982 statui
1158 937 1264 982 eorum
1284 923 1386 1002 provi·

111 1011 220 1082 deant,
232 1013 324 1090 juxta
339 1005 417 1069 illud
431 1008 535 1087 Apost.
549 1009 578 1068 'Il
592 1009 658 1069 Gor.
675 1024 735 1080 ιιι,
752 1009 791 1068 11
805 1024 812 1068 :
828 1006 891 1068 Nec
907 1009 985 1069 earne
1005 1006 1111 1070 debeat
1129 1007 1191 1090 filii
1206 1010 1385 1090 parentibus

113 1097 340 1167 thesaurisare,
356 1095 408 1157 sed
419 1103 560 1177 parentes
572 1095 660 1178 filiii.

152 1190 186 1249 2⁰
208 1185 267 1262 Qui
279 1190 378 1248 artem
391 1183 486 1268 statui
500 1189 735 1264 congruentem,
748 1183 869 1246 aliudve
882 1200 978 1264 genus
993 1183 1130 1248 decenter
1139 1185 1263 1250 vivendi
1277 1187 1387 1254 liberos

112 1293 175 1339 non
192 1275 315 1347 docent,
331 1291 388 1336 nec
401 1273 549 1336 docendos
563 1279 683 1335 curant.

155 1367 188 1427 30
209 1363 236 1423 A
256 1362 382 1444 fortiori
401 1361 456 1441 qui
473 1360 611 1442 pigritia,
633 1359 831 1440 negligentia,
852 1360 1077 1441 potationibus,
1099 1365 1385 1444 comessationibus,

111 1451 250 1526 lusibus,
266 1449 397 1530 negotiis
410 1448 662 1531 imprudentibus
676 1467 742 1512 rem
756 1448 940 1511 familiarem
952 1450 1113 1532 dissipant.

156 1545 191 1604 10
211 1539 268 1616 Qui
287 1539 403 1619 absque
416 1557 508 1602 causa
520 1537 660 1618 legitima
672 1538 777 1600 dotem
790 1535 861 1600 filiae
875 1539 1106 1602 convenientem
1119 1557 1174 1621 pro
1189 1543 1387 1608 matrimonio

113 1629 250 1692 ineundo
264 1635 320 1691 aut
332 1627 474 1708 ingressu
488 1626 523 1690 in
536 1625 715 1706 religionem
729 1625 880 1688 obstinate
893 1627 1054 1707 denegant.
1064 1659 1107 1674 -
1119 1627 1155 1690 S.
1166 1629 1238 1711 Ltq.
1251 1651 1282 1692 a.
1295 1635 1366 1695 335.

517 1824 554 1883 Il.
571 1856 612 1866 —
629 1837 778 1884 mammo
800 1837 985 1883 srmrrulms

156 1990 227 2049 371.
246 2021 286 2030 -
304 1988 461 2047 Tenemur
477 1981 628 2064 precipue
646 1985 783 2063 parentes
801 1981 873 2045 filiis
891 2000 1053 2062 procurare
1070 1984 1279 2048 educationem
1297 1987 1388 2067 spiri·

107 2075 245 2142 ¹tualom.
268 2072 357 2138 Ratio
376 2077 424 2134 est
440 2071 515 2152 quia
532 2071 638 2147 homo,
659 2076 769 2151 prater
789 2089 854 2134 esse
872 2071 1028 2134 materiale
1050 2089 1104 2134 seu
1125 2075 1288 2154 corporale,
1307 2078 1390 2156 quod

113 2181 189 2226 cum
203 2161 320 2226 caeteris
335 2160 521 2224 animalibus
534 2177 696 2223 commune
709 2159 816 2234 hahet,
833 2161 965 2224 donatur
978 2163 1067 2224 alteo
1081 2161 1186 2224 anima
1200 2162 1340 2227 rationali
1354 2183 1391 2228 ac

112 2250 326 2323 nobilissima,
345 2250 384 2311 ad
401 2249 579 2312 Divinitatis
597 2248 696 2329 ipsius
714 2247 883 2329 imaginem
901 2253 1016 2324 creata;
1035 2253 1065 2311 et
1082 2250 1223 2314 conditus
1240 2258 1288 2314 est
1306 2254 1389 2318 utin

110 2344 216 2403 Deum
239 2355 293 2400 ceu
314 2337 463 2400 ultimum
482 2337 576 2403 finem
596 2337 859 2418 supernaturalem
879 2339 996 2401 tandm.
1019 2337 1148 2402 Proinde
1170 2342 1389 2420 aparentibus
1411 2388 1414 2394 -

112 2425 256 2490 maxime
271 2426 306 2488 in
321 2426 404 2490 hunc
418 2426 512 2490 finem
526 2418 642 2490 instrui
655 2431 685 2489 et
701 2425 793 2506 dirigi
806 2426 907 2502 debet;
921 2426 989 2489 ideo
1002 2427 1087 2489 euim
1099 2428 1337 2493 matrimonium
1351 2431 1392 2494 ad

110 2513 299 2596 digrritatem
315 2515 502 2578 sacramenti
520 2520 660 2578 erectum
677 2521 739 2589 est,
756 2519 791 2578 ut
806 2519 879 2578 nata
897 2515 994 2596 proles
1007 2515 1042 2578 in
1061 2515 1180 2580 Christo
1198 2525 1387 2596 renascatur,

108 2608 146 2678 ¹ct
161 2603 200 2664 ad
216 2602 312 2666 vitam
328 2608 476 2666 aternam
490 2607 685 2685 preparetur.
702 2603 781 2666 Hinc
796 2605 932 2685 Apostoli
946 2606 959 2666 l
973 2604 1054 2667 Tim
1068 2625 1108 2680 ι,
1124 2610 1165 2669 8:
1184 2606 1225 2671 st
1238 2608 1306 2688 quie
1322 2627 1390 2671 euo-

114 2711 199 2770 rum,
209 2701 238 2752 et
249 2693 381 2754 mamare
391 2691 628 2756 dominicorum
636 2712 739 2756 curam
747 2713 808 2754 uon
818 2693 920 2768 dubet,
929 2692 1019 2775 fidem
1029 2696 1165 2775 negavit,
1178 2705 1208 2757 ct
1219 2707 1263 2757 est
1271 2697 1393 2778 infideli

116 2777 258 2841 deterior.
270 2817 309 2825 —
318 2781 366 2865 Ad
379 2781 540 2844 hanovere
553 2781 764 2845 educationem
777 2781 964 2862 requiritur:
978 2787 1010 2845 10
1019 2781 1173 2859 doctrina,
1186 2787 1221 2846 2⁰
1230 2787 1388 2863 correctio,

115 2872 153 2932 3⁰
167 2869 350 2949 exemplum.

107 3025 111 3034 .
158 2957 182 3017 1.
204 2953 364 3019 doctrina.
383 2961 540 3022 Tenentur
556 2964 695 3039 parantes
706 2978 767 3040 per
781 2977 812 3020 se
826 2958 873 3021 vel
889 2975 942 3038 por
958 2961 1045 3038 aptos
1060 2958 1253 3025 institutores
1267 2961 1389 3028 erudire

107 3041 195 3122 ,filios
208 3045 243 3108 in
256 3045 346 3108 bonis
357 3045 511 3122 moribus,
525 3047 559 3109 in
572 3046 784 3110 observatione
799 3048 1015 3110 mandatorum
1028 3047 1096 3122 Dei,
1108 3048 1142 3110 in
1156 3048 1216 3113 fide
1228 3056 1260 3112 et
1272 3051 1308 3113 in
1321 3069 1391 3114 om-

108 3131 211 3210 nibus
224 3135 263 3196 ad
278 3135 409 3198 salutem
423 3135 614 3211 nocoemriis,
631 3135 705 3217 quia
718 3134 786 3198 illos
797 3135 918 3198 erudire
929 3136 1042 3200 dehent
1054 3135 1089 3197 in
1103 3137 1154 3200 via
1164 3157 1227 3219 qua
1239 3141 1279 3204 ad
1292 3144 1389 3204 Deum

114 3222 308 3302 perveniant.
325 3224 403 3286 Hinc
417 3227 504 3287 Dent.
518 3243 566 3299 ru,
581 3228 620 3288 19
632 3244 640 3286 :
653 3223 765 3286 Bocete
779 3224 860 3306 filios
873 3234 986 3287 cestros
997 3224 1106 3306 (verbo
1118 3228 1203 3310 mea)
1217 3239 1253 3290 ut
1266 3228 1320 3291 itta
1332 3249 1390 3292 me·

114 3307 264 3374 ditentur.
276 3347 316 3356 -—
330 3312 420 3375 Eccli.
435 3330 498 3388 ιιι,
512 3317 552 3376 25
566 3332 573 3376 ι
590 3312 670 3374 Filii
682 3313 740 3374 tibi
751 3314 841 3375 eunt?
853 3312 943 3375 crudi
953 3312 1022 3374 ilios
1035 3319 1199 3396 opueritia
1212 3317 1347 3379 illorum.

159 3399 268 3464 Sedulo
286 3400 383 3482 igitur
398 3407 537 3482 parentes
556 3420 660 3465 curare
679 3401 814 3464 dehent:
837 3408 868 3465 10
882 3408 919 3464 ut
936 3401 992 3465 filii
1011 3421 1106 3484 quam
1128 3404 1266 3485 primum
1289 3403 1388 3484 gratia

114 3487 317 3568 Baptismatis
332 3496 562 3570 regenerentur;
573 3495 605 3554 10
615 3496 649 3552 ut
661 3509 679 3552 a
692 3490 860 3553 tenerrima
873 3490 1006 3571 pueritia
1019 3510 1069 3554 eos
1080 3491 1231 3574 precipua
1242 3491 1389 3556 doctrinm

115 3575 295 3640 christianae
307 3578 404 3658 capita
416 3579 555 3654 doceant,
569 3583 599 3641 et
609 3579 698 3642 corda
709 3597 815 3642 eorum
827 3581 866 3642 ad
876 3581 974 3642 Deum
988 3579 1150 3658 inclinent;
1162 3585 1194 3645 30
1203 3586 1238 3643 ut
1248 3599 1267 3643 a
1277 3579 1388 3661 primis

114 3663 211 3728 annis
225 3683 274 3728 eos
286 3667 476 3730 orationibus
488 3667 653 3731 matutinis
662 3673 692 3729 et
706 3666 861 3743 serotinis,
873 3667 1011 3732 Ecclesiae
1022 3667 1133 3732 Officiis
1145 3675 1176 3731 et
1187 3668 1387 3733 Gatochismis

112 3752 338 3831 assuefaciant,
354 3774 472 3819 necnon
486 3775 503 3818 a
516 3755 674 3820 fallacibus
691 3756 802 3819 mundi
820 3755 982 3833 illecebris,
998 3757 1117 3839 pompis
1131 3761 1162 3820 et
1174 3756 1385 3838 voluptatibus

111 3847 275 3919 avertant3
289 3847 321 3907 10
331 3849 368 3906 ut
380 3844 424 3907 eis
437 3845 604 3926 praeflciant
614 3845 776 3926 magistros
788 3844 924 3908 doctrina
935 3851 965 3908 et
979 3845 1150 3927 praesertim
1161 3845 1310 3926 marinio
1322 3864 1389 3908 mo·

109 3947 191 3993 rum
206 3932 395 4012 conspicuos3
414 3937 445 3997 5⁰
459 3940 495 3996 ut
511 3934 674 4015 invigilent
688 3933 742 3996 diu
756 3939 925 4015 noctuque,
940 3953 978 3998 ne
991 3935 1093 4016 pravis
1107 3934 1211 4011 sociis,
1229 3933 1385 4017 colloquiis

106 4023 148 4082 et
163 4018 344 4084 lectionibus
359 4029 608 4104 corrumpantur.

160 4107 500 4173 375.—11.Correcrt0.
514 4113 671 4174 Tenentur
679 4115 817 4192 parentes
831 4111 908 4175 filios
919 4112 1128 4193 delinquentes
1142 4111 1299 4193 corrigere.
1308 4111 1388 4176 Hinc

110 4202 206 4262 Prov.
223 4215 296 4273 mrr,
310 4201 371 4262 tl:
390 4199 449 4275 Qui
458 4203 561 4282 parcit
573 4201 684 4282 virga,
701 4199 766 4263 odit
774 4201 874 4283 filium
887 4221 985 4263 scum.
1001 4203 1095 4262 -Et
1109 4199 1198 4280 totu,
1217 4219 1311 4277 xxur,
1327 4204 1367 4264 13
1382 4221 1390 4263 :

110 4283 199 4350 Noti
212 4285 385 4350 minatore
403 4308 421 4350 α
436 4307 532 4370 puero
550 4287 759 4372 disciplinam·
777 4291 898 4352 sienim
913 4291 1097 4373 percusseris
1118 4307 1184 4351 eum
1204 4290 1308 4373 uirga,
1329 4309 1393 4350 nort

110 4377 275 4438 morientr.
290 4411 332 4423 -
345 4375 438 4457 ibid,
453 4381 492 4440 lt
508 4396 516 4439 ι
535 4375 580 4440 Tu
593 4381 683 4459 virga
694 4379 843 4459 peronaeo
859 4399 941 4454 eam,
955 4386 984 4440 et
997 4379 1127 4440 animam
1142 4377 1256 4460 ejusde
1268 4379 1391 4461 inferno

113 4461 274 4526 liberabis.
285 4501 326 4512 -
337 4466 447 4546 Ephes
462 4485 512 4541 ιι,
528 4471 548 4529 l
564 4485 571 4528 τ
587 4465 635 4528 Et
648 4485 716 4541 uos,
729 4477 850 4547 potres,
866 4465 959 4528 nolite
970 4466 1013 4529 ud
1023 4467 1213 4529 iracundiam
1224 4487 1394 4550 prouocare

111 4551 203 4636 filios
216 4564 340 4634 vestroe,
356 4561 405 4618 sec
418 4555 539 4620 educate
554 4555 623 4618 ilios
637 4557 672 4618 in
685 4554 860 4639 disciplina,
877 4563 907 4618 et
919 4559 1111 4638 correptione
1125 4557 1258 4622 Domiti.
