3156 5026
191 283 260 344 let
721 295 929 341 reserares

194 425 228 472 eo
242 408 331 471 modo
343 406 409 470 fieri
421 406 546 488 nequit,
562 409 684 488 quando
697 407 787 470 mmm
802 410 966 489 quoquest
980 405 1090 470 honori
1103 407 1294 472 restituentis
1307 410 1472 474 consulen-

194 498 271 560 dum
284 503 339 559 est.

231 589 264 648 ιι
277 588 344 648 Non
357 588 402 648 est
412 584 619 648 necessarium
636 591 672 647 ut
692 583 846 648 restitutio
860 583 914 647 fiat
932 602 985 665 per
1004 584 1109 665 ipsum
1124 585 1309 660 debitorem,
1330 588 1385 650 sed
1403 587 1470 651 lieri

191 693 244 757 per
258 674 354 736 alium
366 680 475 754 potest,
492 674 581 736 modo
593 691 641 736 res
653 673 777 736 domino
791 673 946 735 reddatur.
962 675 1063 735 Potest
1072 673 1237 754 aliquando
1249 673 1315 738 lieri
1326 693 1382 755 per
1393 680 1471 741 Gen·

191 762 367 839 fossarium3
386 779 497 842 magna
510 769 615 824 temen
630 762 748 824 cautela
762 767 836 824 trmc
849 779 926 842 opus
942 767 1004 838 est,
1020 767 1091 824 tum
1102 767 1141 824 ut
1156 763 1292 842 sigillum
1303 764 1469 828 mules'dio

191 852 242 914 nis
255 851 388 915 illesum
402 857 572 926 remaneat,
588 857 657 913 tum
671 856 708 913 ιιι
718 849 870 930 paenitens
883 851 992 914 resciat
1004 850 1146 914 creditori
1159 851 1258 932 reipsa
1271 851 1469 918 satisfactum

192 939 300 1013 luisse,
317 958 357 1002 ne
371 939 432 1002 ulla
448 939 580 1020 suspirio
592 945 697 1002 mntra
708 939 890 1002 confessarii
904 938 1087 1019 probitatem
1100 939 1232 1004 suboriri
1248 947 1353 1022 queat.

199 1043 208 1064 ·
234 1033 267 1093 3⁰
285 1031 351 1091 Non
368 1036 415 1092 est
436 1026 642 1090 necessarium
659 1033 697 1090 ut
716 1027 873 1091 restitutio
896 1027 950 1090 fiat
969 1029 1144 1091 advertente
1163 1029 1303 1106 domino;
1319 1031 1393 1111 quia
1408 1032 1470 1096 boc

192 1136 254 1182 non
269 1117 438 1198 requiritur
451 1123 488 1179 ut
501 1117 551 1179 hic
565 1116 605 1178 sit
617 1116 783 1180 indemnis.
800 1118 886 1182 Unde
903 1116 1024 1180 debitor
1044 1117 1205 1180 restituere
1222 1123 1338 1198 putee,
1358 1139 1389 1182 a.
1405 1138 1466 1200 gr..

192 1208 330 1288 augendo
344 1207 464 1287 pondus
474 1207 521 1270 vel
532 1206 752 1270 mensuremin
760 1206 930 1281 vendendo,
940 1211 998 1269 aut
1008 1205 1149 1270 debitum
1158 1224 1234 1288 opus
1243 1207 1278 1269 in
1287 1207 1466 1285 laborando,

192 1303 223 1358 et
237 1295 386 1358 sexcentis
400 1295 469 1358 aliis
484 1295 594 1357 modis.

313 1433 506 1509 Quaesitae.

231 1565 301 1627 709.
317 1597 358 1608 -
369 1563 469 1637 Ques.
487 1567 519 1624 l⁰
533 1563 586 1623 An
597 1560 698 1624 oalect
710 1561 858 1624 restitutio
872 1561 1020 1644 sootoper
1030 1559 1202 1623 simulatam
1216 1561 1430 1628 danaum!

231 1651 322 1732 resp.
342 1650 484 1733 Aspim„
509 1651 618 1713 saltem
639 1650 838 1732 probabilius.
861 1650 948 1716 Ratio
966 1656 1029 1724 est,
1049 1649 1123 1730 quia
1141 1651 1179 1712 ad
1197 1650 1383 1714 solutionem
1405 1671 1468 1718 uon

192 1741 370 1822 requiritur,
392 1746 429 1802 ιιι
451 1739 569 1802 debitor
587 1745 710 1802 externe
727 1739 860 1802 fateatur
876 1758 907 1802 se
926 1739 1049 1802 solvere.
1069 1739 1147 1801 Hine
1167 1739 1318 1804 satisfecit
1334 1742 1466 1819 debitor,

193 1829 311 1911 quoties
326 1828 417 1892 solvit
430 1827 525 1891 etiam
538 1827 573 1890 iu
586 1827 626 1890 iis
640 1827 896 1904 circumstantiis,
910 1828 950 1890 iu
965 1825 1079 1908 quibus
1092 1827 1223 1892 creditor
1232 1829 1393 1894 existimat
1403 1832 1464 1894 sibi

191 1919 255 1981 fieri
270 1919 398 1980 donum.
409 1951 449 1962 -
458 1918 479 1979 I
480 1927 511 1979 to
526 1918 700 1980 communis.
713 1953 753 1963 -
769 1917 885 1999 Vopler,
896 1937 928 1978 n.
936 1921 1009 1980 eet.
1023 1951 1066 1964 -
1078 1916 1237 1997 camere,
1247 1939 1280 1979 a.
1295 1923 1384 1996 lues,
1392 1925 1461 1996 ete,

191 2013 296 2071 oontm
308 2006 456 2068 Billuert.

229 2098 329 2171 Ques.
346 2099 379 2158 2⁰
394 2094 443 2156 An
456 2098 484 2156 si
502 2095 644 2170 creditor,
662 2094 851 2176 gratitudine
870 2104 981 2170 metue,
999 2095 1087 2158 aliud
1103 2095 1215 2158 donum
1235 2096 1288 2158 illi
1303 2097 1461 2181 rependat,

190 2185 247 2246 boc
261 2185 292 2245 ei
302 2185 517 2246 restituendum
530 2183 590 2246 eit?

230 2274 323 2354 Besp.
343 2272 469 2353 Affirm.
489 2273 577 2337 Ratio
595 2279 655 2346 cst,
673 2272 746 2352 quia
760 2273 881 2336 donatio
897 2273 956 2335 iste
970 2291 1032 2335 non
1051 2271 1172 2334 ridetur
1181 2273 1274 2354 plere
1288 2275 1466 2338 comerio

192 2369 223 2425 et
237 2369 415 2443 spontanec,
429 2367 520 2441 prout
534 2381 599 2424 esse
613 2361 701 2423 debet
714 2361 914 2424 essentialiter
924 2360 1051 2424 donatio
1066 2379 1150 2423 mere
1160 2367 1316 2442 gratuite·
1328 2366 1466 2446 presedit

191 2450 276 2513 enim
289 2469 326 2512 cx
341 2450 483 2530 opinione
493 2449 687 2530 obligationis
700 2449 877 2512 antidoralis
887 2469 941 2514 seu
953 2449 1169 2530 gratitudinis,
1177 2469 1248 2530 que
1258 2451 1335 2515 falso
1350 2455 1467 2518 nititur

190 2537 399 2602 fundamento.
416 2538 518 2600 —lto
531 2537 688 2616 Comere,
703 2537 797 2612 ibid„
813 2545 919 2601 eontra
933 2539 1050 2616 Temb„
1067 2545 1125 2601 etc.

228 2630 328 2703 Quen.
346 2633 379 2692 3⁰
392 2629 456 2704 Quo
472 2628 545 2706 loco,
559 2628 751 2709 etcajcsnam
761 2628 897 2709 expensis
907 2627 1099 2708 [mendacis
1110 2627 1275 2690 restitutio?

229 2717 320 2799 Besp.
339 2724 369 2780 1⁰
386 2738 393 2780 :
410 2717 441 2780 Si
455 2716 598 2796 obligatio
613 2715 795 2779 restituendi
816 2715 857 2778 sit
876 2734 913 2778 ex
930 2735 962 2778 re
977 2715 1129 2779 bonafide
1146 2721 1257 2797 accepte
1272 2724 1303 2778 et
1319 2720 1462 2794 retenta,

188 2806 345 2870 rest'tutio
366 2825 428 2869 non
449 2805 617 2868 necessario
634 2805 771 2868 facienda
788 2810 835 2867 est
854 2803 888 2867 in
906 2803 966 2868 alio
980 2805 1056 2879 loeo,
1072 2823 1167 2886 quam
1184 2805 1217 2867 in
1232 2823 1291 2886 quo
1308 2825 1394 2868 nunc
1411 2825 1467 2870 res

189 2893 324 2968 exsistit;
348 2913 403 2956 nec
425 2893 603 2976 hujusmodi
625 2893 741 2956 debitor
761 2893 795 2955 in
816 2893 913 2955 alium
935 2893 1051 2969 locum,
1071 2893 1127 2957 ubi
1138 2897 1204 2976 jem
1221 2894 1366 2958 domiuus
1384 2895 1468 2960 forte

187 2982 285 3062 degit,
301 3000 367 3044 rem
383 2983 594 3046 transmittere
608 2987 738 3051 tenetur.
754 2981 843 3046 Ratio
863 2988 926 3055 est,
943 2982 1092 3063 quianon
1110 2989 1234 3048 tenetur
1248 2983 1415 3048 dominnm
1431 2984 1463 3047 in

188 3077 306 3132 statum
318 3070 487 3151 pristinum
499 3071 675 3148 restituere,
693 3090 732 3133 ex
751 3089 812 3152 quo
825 3070 915 3134 illum
934 3089 996 3134 nou
1009 3070 1116 3152 dejecit
1134 3091 1188 3152 per
1207 3072 1367 3136 formalem
1381 3075 1464 3155 iuju-

185 3177 276 3221 riam.

227 3249 317 3330 Resp.
331 3252 386 3310 2⁰:
404 3248 435 3310 si
451 3247 594 3328 obligatio
610 3248 793 3311 restituendi
808 3255 875 3311 orta
892 3248 934 3311 sit
956 3267 993 3310 ex
1013 3247 1136 3324 delicto,
1155 3250 1313 3314 restitutio
1326 3251 1464 3316 iacienda

187 3343 233 3401 est
246 3337 281 3400 iu
299 3338 376 3411 looo,
398 3336 433 3399 in
452 3354 513 3418 qno
531 3336 675 3400 dominus
693 3354 760 3398 rem
780 3343 860 3400 essct
877 3355 1071 3418 possessurus
1090 3337 1118 3400 si
1136 3338 1238 3402 ablata
1255 3357 1319 3403 non
1337 3339 1461 3414 fuisset,

186 3425 280 3509 idque
293 3426 438 3489 debitoris
453 3424 640 3504 sumptibus.
652 3425 741 3488 Ratio
755 3431 816 3501 est,
834 3426 908 3506 quia
920 3425 1050 3488 creditor
1061 3426 1150 3489 debet
1160 3426 1319 3491 indemnis
1329 3428 1461 3502 serrari,

187 3521 217 3577 ct
231 3517 353 3578 nullum
367 3535 405 3578 ex
422 3514 587 3595 iniquitate
603 3513 749 3578 debitoris
765 3516 917 3577 damnrmr
935 3515 1014 3596 pati,
1034 3515 1087 3578 sed
1104 3515 1139 3578 in
1159 3519 1277 3578 ¹statum
1291 3517 1463 3597 pristinum

184 3603 317 3666 restitui.
332 3641 374 3650 —
387 3603 424 3666 S.
441 3603 510 3683 Lip.
526 3623 557 3665 n.
574 3607 646 3666 677.

225 3691 317 3774 Resp.
335 3697 368 3756 3ο
382 3711 389 3753 :
406 3691 437 3754 si
450 3710 499 3754 res
513 3710 551 3754 ex
564 3696 723 3756 contractu
737 3692 814 3756 solvi
827 3693 948 3767 debeat,
967 3694 1112 3757 standum
1127 3697 1173 3756 est
1183 3694 1331 3757 clausulis
1341 3699 1462 3758 contra-

185 3780 249 3843 ctui
264 3780 421 3862 appositis
439 3779 465 3842 si
484 3781 521 3841 de
541 3781 603 3842 loco
621 3784 651 3842 et
669 3782 759 3844 modo
779 3782 986 3844 translationis
1004 3781 1097 3845 luerit
1114 3787 1313 3846 conventum.
1334 3783 1462 3858 Quando

184 3875 289 3932 autem
302 3870 388 3932 nulla
399 3869 435 3930 de
446 3869 495 3930 bis
509 3867 669 3931 conventio
684 3867 761 3931 fecte
777 3875 838 3946 est,
857 3870 895 3933 ad
914 3870 992 3950 leges
1014 3870 1154 3951 speciales
1169 3889 1223 3951 pro
1244 3875 1460 3934 contractuum

183 3957 359 4021 diversitate
372 3958 593 4020 attendendum
607 3962 661 4019 est.

222 4050 292 4109 710.
306 4085 346 4093 —
358 4048 459 4122 Quen.
475 4051 508 4108 4⁰
524 4047 574 4108 Aa
589 4045 707 4107 debitor
722 4066 759 4108 ec
771 4045 878 4108 delicto
890 4047 981 4110 etiam
992 4066 1136 4130 expensas
1149 4048 1267 4110 soluere
1279 4048 1387 4110 debeat
1397 4067 1461 4129 pro

181 4153 214 4198 re
228 4135 350 4197 domino
365 4135 559 4211 remittenda,
576 4137 604 4196 si
615 4134 676 4197 illo
689 4153 825 4217 expensor
839 4136 968 4198 valorem
979 4138 1025 4198 rei
1036 4137 1132 4218 ipsius
1146 4135 1308 4218 superent?

221 4225 313 4307 Resp.
336 4230 366 4287 ιο
382 4224 522 4308 Affirm,
538 4224 565 4287 si
583 4241 722 4286 excessus
744 4243 806 4287 non
827 4224 867 4287 sit
887 4225 973 4287 valde
997 4225 1153 4302 notabilis,
1180 4225 1255 4306 quie
1276 4231 1308 4288 et
1328 4226 1461 4299 debitor,

183 4314 400 4377 committendo
416 4313 619 4395 injustitiam,
635 4312 696 4375 tale
709 4330 787 4375 onus
803 4313 836 4375 in
852 4333 884 4378 se
895 4313 1042 4396 suscepit,
1059 4318 1089 4377 et
1102 4313 1248 4378 dominus
1261 4333 1325 4378 nou
1340 4319 1466 4380 tenetur

182 4400 227 4461 rei
241 4420 304 4464 sue
314 4405 467 4484 jacturam
479 4403 554 4485 peti.
568 4402 670 4464 —lta
684 4404 888 4466 communiter.
905 4405 1052 4486 -Leqq
1070 4403 1099 4466 d.
1115 4422 1169 4479 xx,
1186 4424 1217 4466 ιι.
1235 4409 1305 4468 rso.

221 4489 313 4570 Resp.
332 4495 365 4551 ιο
377 4491 455 4572 Nep.
472 4499 576 4554 autem
588 4491 788 4575 probabilius,
809 4492 836 4554 si
850 4492 918 4554 iste
932 4511 1071 4574 expense
1084 4499 1186 4556 essent
1199 4493 1345 4556 maxinme
1360 4511 1465 4574 respe-

183 4583 236 4639 ctu
250 4576 361 4639 valoris
373 4577 417 4639 rei
430 4579 633 4642 remittendae.
648 4583 733 4642 Tunc
743 4585 848 4642 autem
857 4629 864 4657 ,
873 4599 910 4643 ex
922 4587 1109 4662 presumpta
1118 4581 1273 4646 creditoris
1286 4582 1458 4657 voluntate,
