3206 5024
207 171 276 233 338
737 179 946 226 assereres

204 296 303 371 tione,
325 295 377 357 sed
395 312 432 356 ex
452 293 513 356 sola
531 292 703 356 intentione
721 291 906 372 decipiendi,
923 289 998 372 quia
1015 297 1062 354 est
1081 291 1196 356 abusus
1213 292 1390 373 signorum;
1406 297 1439 358 2⁰
1453 296 1481 358 si

203 383 395 464 interrogans
415 381 526 444 habeat
541 384 594 464 jus
615 379 794 462 inquirendi
815 386 870 443 aut
888 380 1062 461 imperandi
1081 379 1221 443 veritatis
1241 381 1480 460 confessionem,

203 481 277 563 quia
294 481 359 562 juri
378 479 422 542 illi
441 479 602 560 respondet
620 477 806 560 regulariter
823 477 858 539 in
877 477 1001 540 subdito
1022 476 1165 558 obligatio
1185 477 1301 541 fatendi
1317 479 1481 544 veritatem
1587 559 1588 564 ἵ

203 570 270 634 ΒῘΠΘ
284 567 496 648 ambignitate·
509 604 549 613 -
563 566 590 630 S
593 615 600 628 ·
614 566 684 650 lig.
701 587 732 628 c.
743 571 813 630 154.
825 566 960 629 -Adde
975 571 1008 630 3⁰
1020 566 1047 628 si
1061 565 1170 630 exinde
1184 567 1333 630 damnum
1346 569 1480 648 proximi

202 663 368 738 emergeret
386 662 491 720 contra
510 661 695 737 praeceptum
715 655 873 731 Caritatis;
893 657 926 718 4ο
946 655 1068 736 qnando
1090 661 1261 718 contractus
1283 656 1389 718 mutui
1408 658 1482 720 cele·
1587 679 1588 710 2

202 747 347 821 brantur;
369 762 429 825 quo
448 744 483 807 in
501 761 573 808 casu
586 743 709 826 justitia
727 743 863 824 postulat
879 749 914 806 ut
935 743 1026 806 verba
1045 744 1127 807 nude
1144 743 1185 806 ad
1204 751 1342 807 mentem
1363 753 1480 808 contra-

200 834 304 898 hentis
318 833 520 915 proferantur.
537 867 577 878 -
591 832 696 909 Scau,
713 833 750 894 de
766 831 867 893 Aetil.
883 830 972 913 reliq.
989 840 1117 901 extera,
1136 851 1163 892 c.
1179 851 1231 907 111,
1247 842 1308 893 art.
1325 837 1356 896 2.

242 927 276 986 2⁰
296 921 504 987 confessarius
519 921 725 1000 interrogatus
745 939 763 982 a
780 925 927 1001 tyranno,
943 939 985 983 an
1002 919 1105 984 Titius
1123 919 1277 983 confessus
1295 921 1338 984 sit
1350 921 1478 986 homici-

202 1012 497 1092 dium,resp0ndere
506 1014 607 1090 potest
615 1014 646 1071 et
655 1007 977 1090 debetzNescio;quia
985 1007 1193 1073 confessarius
1202 1009 1234 1071 id
1246 1009 1344 1072 nescit
1352 1011 1477 1074 scientia
1587 1067 1588 1070 ,

201 1098 461 1165 communicabili.
481 1099 546 1160 lmo
568 1095 689 1160 etiamsi
710 1096 841 1160 instaret
862 1103 1015 1179 tyrannus
1035 1101 1065 1160 el
1086 1097 1198 1159 diceret
1217 1117 1223 1158 :
1243 1097 1292 1158 Aa
1311 1098 1367 1160 boc
1385 1102 1477 1164 aesna

201 1189 327 1252 scientia
342 1185 603 1250 commendabili?
618 1186 808 1266 Respondere
824 1185 924 1248 adhue
940 1193 1065 1266 posset:
1081 1184 1201 1248 Nescio.
1219 1186 1308 1250 Ratio
1327 1195 1388 1263 est,
1402 1187 1475 1268 quia

201 1283 355 1361 tyrannus
368 1277 445 1340 bene
457 1273 609 1356 cognoscit
624 1276 718 1357 sajus
732 1293 795 1337 non
808 1274 919 1336 habere
933 1275 970 1337 de
982 1274 1038 1337 hoc
1052 1274 1275 1354 interrogandi,
1289 1293 1346 1338 nec
1357 1275 1474 1340 Conim-

202 1366 302 1430 sarius
320 1373 358 1428 ut
375 1365 466 1428 bomo
484 1362 633 1444 intelligit
650 1381 681 1426 se
696 1363 788 1438 scire,
805 1363 857 1426 sed
875 1363 924 1426 uti
941 1362 1074 1426 vicarius
1088 1362 1140 1426 Dei
1158 1381 1193 1425 ac
1209 1363 1334 1444 proinde
1349 1364 1476 1428 scientia

201 1453 498 1518 incommunicabili.

182 1539 191 1555 ⁶
241 1548 275 1607 3⁰
295 1547 376 1607 Reus
390 1561 408 1604 a
414 1541 516 1622 judice
527 1559 590 1604 non
596 1539 729 1621 juridice
738 1543 794 1603 dut
805 1558 868 1603 non
879 1539 1012 1622 legitime
1023 1540 1230 1621 interrogatus
1241 1547 1341 1621 potest
1351 1561 1476 1624 respon-

201 1632 271 1694 dere
291 1649 323 1694 se
342 1630 458 1693 crimen
478 1649 541 1694 non
560 1635 712 1710 patrasse,
729 1628 998 1709 subintelligendo,
1015 1630 1051 1692 de
1070 1647 1131 1710 quo
1151 1629 1249 1710 possit
1269 1629 1404 1711 inquiri,
1422 1651 1475 1695 seu

202 1721 284 1802 quod
298 1719 387 1782 lateri
402 1725 553 1782 teneatur.
564 1753 606 1764 ·—
620 1717 657 1781 S.
672 1717 758 1800 leq,
777 1716 800 1778 l.
815 1719 871 1792 lll,
888 1738 920 1778 n.
933 1722 1002 1782 154.

240 1813 273 1872 40
293 1812 426 1872 Possunt
435 1805 669 1888 utihujusmodi
679 1805 871 1870 restrictione
882 1825 988 1870 omnes
998 1825 1133 1887 personae
1143 1808 1273 1888 publicae
1281 1809 1474 1889 intenogatae

200 1898 237 1961 de
255 1898 347 1960 rebus
366 1914 429 1960 sue
447 1895 518 1959 fidei
534 1895 722 1970 commissis,
738 1901 776 1958 ut
792 1901 867 1958 sunt
885 1895 1054 1970 secretarii,
1070 1895 1161 1975 legati
1175 1897 1365 1977 principum,
1382 1899 1471 1960 duces

199 1985 405 2059 exercituum,
422 1984 636 2064 magistratus,
654 1983 807 2059 advocati,
826 1984 953 2058 medici,
969 1982 1119 2064 chirurgi,
1136 1985 1330 2063 obstetrices,
1345 1993 1374 2050 et
1386 1985 1470 2067 quis-

199 2075 270 2156 quis
288 2072 422 2138 officium
444 2078 476 2136 et
495 2071 646 2136 rationem
667 2071 760 2135 habet
780 2073 943 2137 veritatem
967 2071 1103 2152 aliquam
1128 2073 1312 2137 occultandi.
1336 2075 1366 2138 Si
1387 2074 1471 2137 enim
1587 2095 1588 2142 l

199 2170 313 2226 secreta
334 2162 383 2225 his
407 2161 544 2243 personis
566 2160 731 2224 commissa
752 2160 955 2236 violarentur,
978 2161 1161 2241 gravissima
1181 2162 1254 2226 inde
1275 2170 1471 2246 sequerentur

199 2251 393 2314 incommoda
406 2250 441 2312 in
455 2245 606 2312 societate.

239 2343 272 2402 5⁰
290 2341 392 2401 Potest
400 2338 649 2419 lumidus,J'ussu
659 2337 792 2412 domini,
804 2357 915 2418 negare
926 2337 1031 2420 ipsum
1040 2357 1104 2402 esse
1114 2339 1209 2416 domi,
1221 2341 1364 2421 quamvis
1374 2342 1470 2418 adsit;

199 2426 272 2509 quia
285 2426 356 2490 talis
370 2425 482 2490 locutio
494 2427 664 2507 generatim
675 2445 736 2490 usu
750 2433 924 2506 receptaest
937 2429 976 2490 ad
991 2426 1239 2508 significandum,
1252 2447 1322 2490 eum
1332 2448 1397 2492 non
1407 2449 1474 2493 esse

198 2513 299 2590 domi,
316 2521 468 2596 quatenus
486 2515 584 2578 videri
601 2522 657 2578 aut
672 2514 792 2577 visitari
806 2513 913 2595 possit.
931 2517 1065 2579 Attende
1078 2522 1181 2580 tamen
1197 2517 1233 2578 ad
1247 2517 1382 2580 locorum
1396 2535 1471 2580 ccu-

198 2603 406 2668 suetudinem.
419 2638 460 2650 -
475 2602 512 2666 S.
523 2604 594 2686 Lip.
607 2624 639 2665 a.
652 2607 722 2668 165.
736 2639 776 2649 -
796 2603 830 2665 V.
847 2601 958 2684 caea,
974 2626 1007 2665 a.
1021 2609 1080 2669 114
1094 2615 1194 2688 etseq.

715 2864 891 2942 CAPUT
918 2865 959 2940 Il

650 3077 701 3128 brt
730 3075 1024 3128 bernscmoue

399 3251 433 3310 l⁰
444 3249 486 3309 lle
500 3245 576 3311 vitio
588 3245 800 3323 detractionis;
814 3283 853 3293 -
867 3251 901 3309 2⁰
914 3247 952 3310 de
965 3247 1159 3313 restitutione
1170 3247 1272 3314 lame.

711 3432 927 3496 ARTICULUS
946 3434 960 3495 I

644 3589 683 3633 nt
702 3587 785 3632 VITIO
806 3587 1023 3634 DETRACTIONIS

237 3745 308 3804 445.
328 3777 368 3787 -
386 3739 535 3805 Detractio
556 3744 602 3804 est
622 3739 738 3822 injusta
760 3739 883 3803 violatio
909 3759 963 3803 seu
984 3739 1153 3820 denigratio
1177 3740 1267 3803 famas
1289 3741 1398 3804 alienae
1420 3759 1477 3823 per

197 3828 290 3892 verba
304 3829 478 3894 occulta-
488 3830 535 3891 lta
546 3827 581 3890 S.
599 3827 740 3908 Tbomca,
757 3833 786 3891 1.
804 3833 847 3904 4.,
861 3849 891 3910 q.
908 3833 963 3905 73,
977 3839 1037 3890 art.
1050 3829 1232 3892 l.-Verba
1245 3828 1384 3910 intellige
1404 3849 1477 3911 quae

197 3915 263 3980 sint
276 3919 392 3982 occulta
406 3919 453 3982 illi
466 3917 521 3999 qui
538 3917 731 3998 denigratur,
748 3925 779 3979 et
790 3921 946 3998 quantum
959 3924 1006 3980 est
1019 3937 1058 3980 ex
1074 3923 1186 3980 natura
1199 3923 1302 3994 actus;
1319 3917 1394 3998 quia
1408 3919 1476 3982 sive

196 4005 231 4068 in
257 4005 413 4070 absentem
435 4006 641 4088 proferantur,
662 4011 700 4067 ut
722 4005 902 4086 plerumque
924 4005 974 4081 fit,
1004 4006 1068 4069 sive
1092 4005 1203 4081 etiam,
1227 4013 1264 4068 ut
1289 4007 1476 4090 quandoque

196 4093 312 4171 evenit,
333 4095 367 4158 in
393 4100 590 4176 presentem,
611 4111 773 4174 nunquam
799 4094 837 4156 ad
864 4091 969 4174 ipsum
994 4093 1175 4174 diriguntur
1200 4094 1233 4157 vi
1256 4093 1475 4170 detractionis,

196 4201 315 4266 semper
333 4191 438 4247 autem
458 4185 496 4247 ad
515 4183 604 4260 alios;
618 4183 701 4245 unde
717 4200 754 4246 ex
768 4188 880 4244 natura
899 4189 986 4246 actus
1000 4183 1147 4246 dicuntur
1163 4184 1200 4246 de
1218 4190 1368 4264 praesente
1382 4185 1477 4266 quasi

195 4271 305 4336 absens
319 4279 407 4336 esset.
427 4276 522 4338 Fama
534 4279 639 4336 autem
656 4278 703 4336 est
720 4271 802 4334 bona
821 4269 984 4334 estimatio
999 4289 1094 4354 quam
1108 4271 1162 4335 alii
1180 4271 1295 4335 habent
1309 4273 1346 4336 de
1362 4272 1430 4336 vita
1442 4281 1478 4337 et
1582 4313 1583 4356 3

194 4357 335 4423 moribus
350 4361 489 4443 alicujus.

234 4448 380 4512 Detractio
398 4449 512 4512 dicitur
531 4450 708 4534 simpliciter
727 4449 811 4528 talis,
833 4450 860 4514 si
877 4450 960 4516 sama
979 4451 1114 4534 proximi
1135 4452 1267 4518 violetur
1281 4450 1474 4515 revelatione
