3206 5024
483 189 525 234 ns
545 187 747 232 rnecserrs
767 188 945 234 nncaaocr
1287 180 1354 241 335

91 323 138 368 me
161 305 316 384 repugnat.
338 301 435 364 Morte
457 299 644 380 puniebatur
665 297 700 360 in
722 299 785 378 lege
808 299 955 364 Mosaica:
975 301 1036 378 Qna'
1053 321 1119 364 cnm
1137 301 1275 383 jamenta
1301 317 1354 366 ant

89 411 190 477 pecore
202 393 321 460 coierit,
337 397 434 450 morte
446 391 614 466 moriatnr;
625 407 717 470 pecua
731 407 847 470 qnoque
863 389 999 452 occidite.
1012 390 1107 452 Exod.
1124 409 1202 464 xxn,
1219 395 1268 454 19.
1284 398 1354 457 Pec-

91 489 192 544 catum
203 480 284 542 istud
297 484 344 541 est
357 477 450 540 etiarn
462 475 642 540 horribilius
657 475 724 558 ipsa
737 475 882 551 sodomia,
899 483 930 540 et
948 477 1083 560 specialis
1097 481 1163 561 ejus
1177 479 1353 545 deformitas

89 570 123 632 in
140 587 256 633 accessu
266 567 305 630 ad
319 565 449 647 speciem
462 565 616 628 diversam
630 565 782 628 consistit.
795 601 835 612 —
849 565 886 629 S.
902 566 972 648 La'p.
987 587 1019 629 n.
1035 571 1106 632 tre.

127 663 197 723 136.
212 693 251 704 -
264 660 374 718 Tactus
388 653 537 735 impudici
550 672 622 717 cum
636 654 755 730 hestiis,
772 654 915 736 quamvis
929 674 992 720 non
1006 655 1070 718 sint
1087 664 1207 736 peccata
1217 659 1353 723 bestiali-

87 745 160 809 tatis
174 744 288 826 proprie
300 743 392 819 dicte,
404 749 478 805 sunt
492 749 598 805 tamen
611 742 795 817 declarandi,
805 745 927 824 quando
936 744 1040 826 aliqua
1051 763 1179 810 venerea
1193 747 1351 813 delectatio

87 853 123 898 ex
137 835 179 898 eis
191 833 347 916 queritur.
364 836 432 896 Non
444 837 550 894 eutem
564 831 688 894 videtur
699 831 932 895 circumstantia
944 833 1111 897 necessario
1122 835 1310 913 declaranda,
1326 838 1352 901 si

85 922 154 1004 quis
168 923 320 986 mediante
333 920 440 1000 lingua
459 919 611 1001 jumenti,
632 927 688 982 aut
707 920 832 983 alterius
852 920 972 998 bestie,
988 921 1178 1002 voluptatem
1192 943 1353 990 veneream

86 1015 138 1074 aut
147 1011 345 1092 pollutionem
359 1009 394 1072 in
409 1027 440 1072 se
454 1008 576 1072 excitet.
593 1013 652 1072 Nec
663 1015 710 1072 est
722 1027 841 1072 necesse
853 1009 1001 1090 explicare
1012 1011 1047 1072 in
1058 1011 1254 1089 confessione,
1265 1015 1353 1097 cujus

84 1099 187 1180 speciei
201 1099 423 1171 faecilenta,
440 1115 538 1178 neque
553 1104 662 1160 utrum
672 1097 767 1160 larerit
783 1116 850 1160 mas
862 1103 917 1161 aut
931 1097 1059 1161 lemelia.
1074 1099 1176 1164 -Ita
1190 1106 1353 1167 communi-

86 1199 137 1250 ter.
153 1225 191 1234 —
205 1188 242 1252 S.
261 1189 332 1271 Lep.
345 1208 376 1248 n.
390 1191 460 1251 171.

120 1277 173 1340 Hic
187 1282 293 1341 autem
308 1278 439 1350 adverte,
448 1277 536 1339 valde
547 1283 684 1350 cautum,
693 1275 876 1356 prudentem
891 1282 923 1339 et
936 1294 1062 1357 parcum
1076 1277 1183 1341 debere
1196 1299 1260 1344 esse
1274 1287 1351 1346 Con·

82 1365 239 1430 fessarium
255 1366 290 1428 in
303 1363 527 1446 interrogandis
541 1363 762 1446 penitentibus
782 1365 818 1426 de
840 1365 971 1428 luxurie
988 1365 1131 1446 peccatis,
1145 1366 1300 1449 imprimis
1314 1373 1352 1434 de

82 1453 117 1516 iis
131 1473 199 1535 que
211 1455 313 1536 maes
327 1455 479 1518 horrenda
490 1460 522 1516 et
535 1453 714 1516 inconsueta
725 1451 878 1515 videntur.
894 1454 971 1516 Vide
988 1454 1108 1535 regulas
1129 1454 1209 1519 infre
1231 1460 1350 1524 treden-

83 1542 133 1606 das
146 1544 179 1606 in
192 1553 282 1608 tract.
294 1543 332 1607 de
344 1543 542 1614 Paenitentia,
556 1541 611 1606 ubi
625 1543 662 1604 de
676 1540 855 1605 Gorrlessarii
870 1542 1062 1606 muneribus.

328 1768 382 1845 ct
406 1769 465 1845 ttt
497 1767 547 1844 ΕΤ
572 1768 594 1844 Χ
622 1767 833 1846 DEGllssdl
865 1767 1099 1847 cunctere

80 1964 145 2026 Non
158 1967 280 2046 sartam
298 1965 404 2046 socies.
420 1999 460 2010 —
474 1962 546 2024 Non
566 1965 749 2045 concupisces
770 1962 888 2025 domum
902 1963 1046 2045 proceni
1064 1964 1124 2038 tei,
1138 1983 1200 2024 non
1220 1983 1346 2042 seeum,

114 2075 172 2116 non
186 2054 342 2133 ancillam,
350 2073 410 2114 non
426 2053 537 2132 docem,
546 2071 606 2114 non
619 2051 745 2130 acinam,
757 2071 809 2114 nec
822 2056 924 2115 omnia
938 2051 1098 2136 qaoeettias
1107 2061 1185 2114 sunt.
1194 2053 1287 2116 Exod.
1296 2071 1346 2129 xx,

114 2149 165 2220 15,
184 2148 236 2206 lt.

113 2282 291 2362 Septimum
304 2280 440 2362 mcdogi
454 2287 638 2362 preceptum
652 2281 792 2362 prohibet
806 2299 929 2344 omnem
938 2279 1127 2364 injustitiam
1140 2287 1300 2344 externam
1313 2280 1349 2344 in

74 2367 162 2432 bonis
182 2368 314 2432 fortune
332 2369 475 2451 proximi.
492 2405 532 2416 -
544 2370 703 2434 Decimum
718 2389 788 2434 vero
808 2370 904 2433 etiam
923 2376 1043 2451 pecata
1065 2373 1187 2432 interna
1207 2370 1348 2451 concupi-

75 2459 213 2534 scentie,
231 2457 264 2520 id
285 2466 332 2522 cst
352 2459 495 2522 desiderii
514 2459 665 2522 bonorum
686 2459 819 2542 proximi
839 2464 871 2521 et
890 2458 1019 2523 actionis
1039 2458 1179 2540 injuste,
1195 2465 1289 2522 aetat.
1306 2463 1348 2523 De

75 2547 167 2610 variis
179 2547 344 2628 injustitie
358 2548 486 2629 peccatis
499 2546 579 2612 circa
591 2549 671 2612 bona
683 2548 814 2612 fortune
828 2547 964 2612 dicemus
973 2547 1008 2610 in
1019 2557 1150 2610 tractate
1156 2548 1351 2631 particulari

75 2633 107 2698 de
119 2637 251 2699 lustitia
265 2647 294 2700 et
306 2638 392 2702 Jnre.

376 2815 429 2892 ce
452 2779 547 2892 rari
565 2815 779 2893 cccccccr
810 2814 1044 2891 sancceio

97 3011 169 3076 Non
186 3012 320 3096 loqueris
333 3021 438 3076 contra
448 3013 623 3095 proscenium
638 3020 721 3073 neem
729 3010 843 3093 salsam
856 3012 1067 3074 testimoninm.
1084 3011 1179 3074 Exod.
1194 3029 1247 3086 nt,
1265 3016 1322 3075 16.

278 3137 320 3149 -
333 3099 405 3165 Non
417 3101 528 3183 salsam
542 3100 738 3164 testimoninm
754 3099 844 3164 dices.
855 3101 965 3164 Matth.
981 3118 1071 3177 surr,
1086 3104 1138 3165 20.

106 3293 175 3352 137.
190 3324 237 3334 -
247 3292 309 3352 Hoc
322 3294 518 3369 preceptum,
534 3293 687 3368 quatenus
700 3293 747 3350 cst
761 3285 951 3367 negativum,
968 3284 1127 3367 prohibet:
1144 3291 1178 3350 1ο
1188 3290 1344 3370 praecipue

70 3381 97 3436 et
105 3375 457 3459 primarie-nedicatur
471 3376 583 3439 falsum
598 3375 813 3438 testimonium
823 3381 892 3438 tum
903 3375 939 3438 in
949 3373 1064 3457 judicio
1078 3381 1148 3438 tum
1162 3382 1249 3438 extra
1259 3373 1343 3455 judi-

70 3463 163 3542 cium3
179 3470 215 3530 2⁰
233 3465 376 3527 indirecte
386 3471 416 3527 et
429 3464 613 3533 secundario,
631 3482 670 3526 ne
684 3464 812 3527 ledetur
821 3463 903 3527 fama
914 3470 945 3527 et
956 3463 1053 3527 honor
1067 3463 1211 3544 proximi.

106 3555 267 3630 Quatenus
280 3560 385 3616 autem
400 3552 620 3616 affirmativum
632 3559 689 3627 est,
699 3551 789 3634 jubet
802 3559 849 3628 ut,
860 3553 997 3634 qualibet
1012 3551 1133 3616 sublate
1147 3549 1343 3613 simulatione

71 3647 98 3703 et
117 3641 255 3718 fallacia,
276 3642 406 3722 simplex
423 3648 455 3705 et
475 3643 559 3706 nuda
579 3641 691 3705 veritas
714 3639 844 3704 dicatur.
865 3676 906 3687 -
924 3640 975 3703 Ito
993 3639 1116 3705 Catecla.
1136 3639 1236 3718 Rom„
1258 3638 1294 3702 de
1311 3643 1344 3703 8ο

68 3749 173 3812 pree,
192 3753 227 3795 n.
244 3736 274 3794 3.

106 3819 186 3884 Hinc
200 3820 361 3902 prohibet:
377 3826 408 3885 1ο
421 3821 592 3904 perjurium
605 3821 640 3884 in
651 3819 844 3902 proximum3
861 3822 895 3883 2⁰
908 3818 1119 3894 mendacium;
1136 3823 1168 3882 3⁰
1181 3815 1341 3879 detractio-

69 3923 153 3986 nem3
177 3913 212 3973 1ο
233 3909 466 3986 contumeliam
487 3914 520 3974 5⁰
535 3909 689 3993 judicium
712 3907 911 3972 temerarium
933 3913 965 3970 et
987 3907 1190 3988 suspicionem
1211 3903 1342 3986 injurio-

69 4013 144 4058 sam
159 4002 203 4062 De
219 3997 349 4080 singulis
363 3998 537 4077 dicendum,
554 4006 676 4080 excepto
696 3997 845 4080 perjurio,
859 3999 967 4080 dequo
982 3996 1057 4058 satis
1070 3995 1105 4058 in
1119 3993 1249 4058 wando
1264 4011 1340 4074 pre·

69 4092 163 4164 cepto.
