3202 5020
518 207 736 256 penemeos
764 209 925 256 rruuerrs
1313 199 1356 258 9¹1

80 318 330 414 outninvelidum
352 337 437 380 secus
456 337 526 381 rere
545 319 709 382 dicendum
728 320 765 382 de
782 319 934 383 habituali
953 324 983 383 et
1000 320 1245 400 interpretativo,
1266 326 1303 385 ut
1323 341 1360 385 ex

81 425 192 470 corum
209 406 386 470 definitione
397 407 599 491 menifestum
613 408 648 471 fit
657 419 679 469 ⁴.

122 501 157 558 7⁰
169 494 302 558 Omissio
320 501 419 576 potest
439 515 503 558 esse
522 497 699 561 voluntarie
716 497 796 560 sicut
815 502 901 560 ectus
920 497 1073 579 positivus
1092 498 1277 575 voluntatis;
1298 518 1361 562 non

81 594 205 661 tamen,
221 585 337 647 secluso
355 591 517 667 precepto,
532 591 632 666 potest
650 604 714 650 esse
733 587 772 651 ed
792 587 914 668 culpem
934 587 1138 668 imputabilis.
1155 588 1203 650 Sic
1215 588 1361 654 omittens

81 674 212 737 Missam
225 672 274 736 die
285 672 383 736 feriali
394 692 458 737 non
472 679 584 755 peccet.
597 710 636 719 -
652 674 687 736 S.
703 676 775 757 Lip.
791 696 822 738 o.
840 680 890 748 tt,

445 899 462 992 5
482 901 534 973 ΙΙ.·
553 903 599 970 De
616 903 813 970 uoluntario
831 903 872 972 ire
885 904 1004 994 specie.

119 1071 258 1224 lGumdiin
277 1071 393 1134 ceteris
406 1072 572 1135 voluntarii
590 1073 746 1154 speciebus
765 1073 850 1136 nulls
871 1073 1009 1155 specialis
1028 1072 1188 1164 difficulties
1207 1083 1361 1153 occurret,

87 1179 119 1224 so
131 1180 186 1224 um
233 1177 338 1224 cemus

360 1339 408 1406 De
421 1338 617 1408 voluntario
636 1340 817 1416 indirecto,
839 1359 898 1407 seu
916 1339 956 1407 in
974 1359 1093 1408 conso.

211 1493 503 1560 Preenotenda.

129 1654 160 1712 7.
175 1683 215 1693 -
229 1647 450 1710 Voluntariurn
464 1647 651 1712 indirectum
663 1665 718 1710 seu
729 1647 763 1710 in
775 1665 882 1722 cause,
899 1651 937 1709 ut
950 1645 1068 1708 dictum
1080 1653 1141 1722 est,
1158 1665 1222 1712 non
1233 1647 1368 1711 intendi-

93 1741 190 1800 turin
205 1757 250 1812 se,
269 1737 321 1798 sed
337 1755 375 1798 ex
388 1735 446 1802 olio
463 1735 576 1798 directe
591 1735 700 1812 volito,
714 1736 800 1800 velut
818 1735 942 1798 effectus
957 1753 994 1798 ex
1009 1753 1114 1810 reuse,
1131 1734 1267 1798 cernitur
1285 1754 1369 1800 secu-

92 1833 212 1890 turum.
229 1824 441 1889 Nihilominus
459 1829 506 1888 est
518 1841 627 1890 vorum
641 1823 811 1887 voluntatis
830 1823 1000 1904 objectum,
1017 1822 1087 1887 lieet
1098 1822 1299 1900 indirectum3
1314 1824 1370 1906 qui

92 1915 175 1978 enirn
188 1915 257 1977 vult
269 1931 404 1986 causam,
415 1913 482 1976 rull
496 1931 617 1994 quoque
631 1913 773 1976 ellectmn
785 1931 822 1976 ex
835 1931 871 1975 ea
885 1919 1073 1994 sequentem,
1091 1911 1118 1974 si
1129 1911 1272 1976 effectum
1286 1912 1370 1976 hunc

92 2003 268 2084 prevideat.
283 2002 362 2066 Hinc
375 2001 503 2068 elietunr
516 2022 523 2064 :
538 2001 598 2077 (lei
607 2011 651 2063 est
664 2021 751 2064 conse
764 2021 871 2080 ceusu,
883 2011 926 2064 est
938 2019 1029 2065 ecura
1043 2001 1168 2068 causati.
1186 1999 1234 2062 Sic
1248 2002 1370 2084 quondo

92 2092 162 2172 qrris
174 2097 277 2174 peccet
286 2109 389 2157 cerem
401 2090 480 2166 eliis,
490 2090 669 2154 scandalum
678 2109 715 2154 ex
726 2093 791 2171 ejus
804 2095 923 2170 peccoto
937 2089 1119 2174 proveniens
1132 2088 1250 2152 ratione
1262 2090 1370 2157 rotun·

94 2181 165 2247 rarii
178 2180 322 2244 indirecti
335 2179 394 2265 ipsi
409 2179 594 2260 imputetur.

132 2273 236 2333 Causa
247 2275 349 2330 eutem
364 2267 527 2348 multiplex
539 2267 753 2347 distinguitur,
769 2267 902 2330 scilicet:
1357 2345 1359 2352 Α

134 2365 170 2422 l⁰
182 2357 324 2440 Physica,
339 2357 386 2419 rel
397 2356 530 2421 moretis.
544 2357 640 2418 Prior
650 2364 707 2432 est,
719 2376 787 2441 que
801 2355 927 2440 physice
936 2356 1051 2436 egendo
1063 2353 1206 2418 effectum
1218 2355 1369 2436 producit,

91 2453 128 2510 ut
149 2445 236 2528 ignis
254 2443 444 2522 incendium,
461 2446 505 2508 sol
523 2445 633 2510 lucem.
654 2445 821 2526 Posterior,
840 2463 908 2526 quae
928 2444 1163 2512 numerosam
1182 2443 1311 2506 liberem
1333 2443 1372 2506 ed

93 2535 251 2615 agendum
270 2531 425 2598 efficaciter
443 2540 556 2598 moret.
571 2535 620 2598 Sic
632 2535 837 2600 homicidium
851 2534 965 2618 jubens
979 2551 1070 2599 ceusu
1088 2533 1214 2596 moralis
1233 2539 1280 2596 est
1295 2533 1371 2598 occi-

95 2643 202 2687 seems,

135 2717 167 2778 ι’)
176 2712 368 2795 immediate,
382 2713 430 2777 rel
444 2713 586 2776 mediore.
601 2712 697 2774 Prior
705 2731 740 2774 ea
752 2717 808 2786 est,
823 2730 892 2794 que
905 2710 1048 2777 effectum
1060 2708 1202 2790 producit
1214 2709 1298 2775 nulle
1314 2708 1376 2778 elie

95 2801 303 2866 intercedente
322 2821 427 2878 cause,
446 2822 477 2866 v.
494 2821 553 2882 gn,
570 2801 597 2864 si
617 2801 687 2882 quis
709 2800 893 2863 transfodiat
913 2805 1018 2880 pectus
1042 2797 1183 2872 alterius,
1205 2797 1265 2860 erit
1283 2817 1374 2863 cause

93 2890 278 2953 immediate
287 2895 353 2972 ejus
363 2891 483 2954 mortis.
494 2891 663 2969 Posterior,
670 2908 738 2969 quse
751 2877 893 2953 ellectum
904 2905 968 2954 non
979 2885 1130 2972 producit,
1143 2885 1204 2950 nisi
1216 2886 1276 2950 elio
1284 2905 1376 2956 ceuse

95 2979 289 3062 interposite.
304 2979 383 3044 Hinc
396 2999 487 3044 censa
498 2980 623 3046 morulis
635 2985 681 3042 est
697 2996 815 3058 semper
830 2995 920 3042 cause
933 2974 1076 3040 mediate.

137 3073 169 3132 3⁰
181 3069 341 3143 Proetire,
357 3070 405 3132 vel
416 3083 544 3134 remote.
560 3067 678 3135 Dicitur
687 3071 841 3150 proximo,
855 3083 924 3148 que
937 3064 1030 3134 hebet
1042 3063 1261 3128 connexionem
1274 3082 1375 3131 neccs-

97 3157 213 3220 seriam
225 3158 273 3222 vel
288 3157 474 3220 ordinariam
486 3175 558 3224 erun
570 3157 689 3220 effectu.
707 3157 833 3218 Remota
847 3173 929 3232 vero,
944 3172 1012 3234 quae
1023 3151 1093 3217 licet
1106 3151 1249 3214 effectrun
1263 3154 1375 3232 produ·

98 3266 164 3308 cere
177 3247 288 3321 valeat,
303 3245 368 3308 rim
383 3252 487 3309 temen
501 3264 647 3326 magnam
658 3264 721 3308 non
732 3245 835 3320 hahet,
848 3250 879 3306 et
890 3243 924 3308 in
938 3242 1028 3309 illum
1040 3260 1103 3308 non
1117 3240 1222 3304 induit
1234 3239 1376 3305 notabili·

99 3343 160 3412 ter;
178 3336 226 3398 vel
241 3353 276 3396 ee
290 3343 336 3396 est
350 3353 387 3397 ex
400 3353 460 3416 que
473 3334 597 3397 effectus
608 3342 646 3396 ut
659 3333 832 3414 plurimum
844 3351 906 3400 non
920 3329 1072 3413 provenit.

139 3429 171 3488 P
188 3423 353 3506 Ceoseper
366 3444 406 3502 se,
423 3423 469 3488 vel
476 3443 534 3506 per
545 3423 692 3488 recidens.
705 3422 800 3484 Prior
816 3428 877 3498 est,
891 3438 961 3502 quae
978 3438 1016 3482 ex
1034 3423 1146 3481 nature
1160 3437 1216 3480 sue
1233 3414 1334 3479 tendit
1346 3421 1378 3476 et

99 3513 263 3579 ordiuntur
275 3514 314 3576 ad
328 3512 469 3576 effectum
483 3511 724 3594 producendum.
739 3511 788 3572 Sic
803 3517 894 3592 potus
913 3507 1086 3573 excessivos
1105 3513 1152 3570 est
1170 3523 1259 3569 causa
1272 3523 1377 3588 perse

101 3601 270 3664 ebrietatis.
279 3601 438 3664 Posterior
449 3620 530 3678 vero,
540 3619 609 3682 qure
620 3600 690 3662 licet
704 3617 766 3665 non
778 3599 821 3662 sit
832 3617 869 3662 ex
881 3603 992 3662 nature
1006 3613 1061 3661 sue
1073 3595 1213 3661 ordinate
1222 3593 1259 3655 od
1270 3609 1377 3674 qtrem-

102 3689 499 3770 piumeffeetum‚ette1nen
516 3690 691 3772 adquendo,
700 3687 907 3750 intercedente
917 3685 1021 3767 aliquo
1035 3679 1377 3754 circumstantie,ill1nn

103 3781 268 3860 producere
280 3780 371 3842 vulet.
388 3781 437 3842 Sic
450 3779 654 3842 homicidium
672 3795 709 3838 ex
728 3769 873 3839 ebrietate
892 3774 979 3854 sequi
993 3779 1104 3855 potest.
1118 3772 1300 3849 Plerumque
1313 3769 1378 3836 hnc

103 3868 215 3932 ultimo
229 3868 341 3932 divisio
355 3869 390 3932 in
402 3869 623 3949 precedentem
639 3865 758 3928 recidit.

142 3961 172 4020 8.
188 3994 229 4004 -
241 3957 375 4020 Effectus
398 3959 499 4022 melus
516 3975 645 4038 sequens
663 3974 700 4018 er
717 3951 890 4018 voluntario
909 3952 1074 4026 indirecto,
1092 3950 1126 4016 id
1146 3953 1193 4010 est
1210 3965 1248 4010 ex
1266 3946 1381 4012 directe

101 4045 250 4109 r'olitione
263 4065 377 4121 ceusce,
392 4065 455 4110 non
472 4065 591 4126 semper
602 4050 649 4108 est
662 4045 701 4106 od
715 4044 836 4125 culpem
850 4043 969 4124 egentis
983 4037 1200 4122 imputandus,
1215 4035 1267 4098 sed
1279 4041 1379 4103 etten-

102 4135 243 4198 dendum
254 4141 300 4198 est
312 4137 351 4200 ed
363 4135 531 4218 sequentia.

131 4359 142 4394 ²
160 4360 199 4412 dh
210 4375 240 4414 ee
253 4361 345 4426 regula
355 4360 475 4422 minime,
496 4363 526 4408 nt
544 4358 646 4423 putarit
660 4358 801 4424 quispiam,
816 4356 946 4410 receditur
963 4353 1102 4404 intratum.
1123 4351 1146 4402 ll
1160 4365 1205 4401 nn.
1217 4357 1261 4402 ιιι
1282 4355 1307 4403 et
1321 4355 1383 4423 ιιι,

102 4443 167 4482 eum
179 4431 217 4483 ibi
230 4437 324 4498 agatur
340 4433 372 4486 de
387 4429 629 4494 voluntarieque
646 4429 674 4480 in
690 4433 777 4480 ectum
791 4428 886 4480 dheete
901 4429 927 4480 et
940 4438 985 4490 per
998 4422 1105 4476 modum
1118 4435 1202 4476 muse
1216 4438 1268 4476 non
1282 4423 1381 4482 induit,

12 4557 13 4560 ,
104 4502 154 4555 sed
169 4509 209 4555 est
220 4517 294 4558 mere
309 4504 418 4556 mnditia
432 4501 624 4570 prereqrrisne,
638 4505 753 4554 uteretur
767 4499 897 4568 propriam
912 4499 997 4550 exerat
1011 4495 1159 4550 clitorium.

188 4599 260 4646 cerm.
270 4623 299 4634 -
316 4601 375 4646 Ιιὀιι.
389 4601 408 4646 1.
