3216 5020
636 253 679 298 na
701 253 918 298 vtartrraus
1344 241 1411 302 att

129 360 352 442 propositionis
367 368 424 426 l0⁰
437 363 476 424 ab
489 363 594 425 Inane.
611 364 676 440 XI,
694 381 761 443 quae
778 363 822 427 sic
828 366 929 445 jacet:
944 364 1014 426 Non
1029 370 1163 424 tenemur
1174 365 1348 444 proximum
1363 366 1410 428 di-

132 449 233 533 ligere
249 459 318 511 actu
333 451 493 513 interanei
507 453 642 533 formali.

178 538 236 615 Qui
255 557 326 604 vero
346 539 512 603 christiane
534 541 628 617 vivit,
654 541 838 604 sufficienter
857 540 1002 604 satisfacit
1026 539 1099 603 huic
1123 547 1286 622 praecepta,
1310 546 1410 624 quoad

131 631 240 689 actum
260 627 438 702 internum,
460 630 573 692 orando
592 629 626 691 in
648 648 756 710 genere
777 649 831 710 pro
844 630 984 712 proximo
1001 631 1048 692 vel
1064 629 1218 693 recitando
1236 631 1411 695 Orationem

132 715 337 780 Dondnicam.
347 717 451 794 Quoad
459 722 770 798 actusvcroexterncs
781 719 944 792 satisfacit,
957 717 1091 799 proximi
1102 718 1334 782 necessitatibus
1346 721 1411 784 sive

134 805 355 886 temporalibus
367 805 431 868 sive
447 806 660 887 spiritualibus
673 809 885 883 succurrendo,
896 810 987 888 juxta
995 807 1114 887 regulas
1126 806 1207 868 iufra
1221 810 1408 872 statuendas.

176 895 212 955 ll.
229 893 307 956 Orda
321 894 432 976 aliquis
446 894 589 958 Caritatis
602 896 770 959 servandus
785 896 876 958 estin
896 895 1030 976 proximi
1048 895 1219 959 dilectione.
1239 897 1329 960 Ratio
1342 903 1408 972 est,

132 982 210 1063 quia
229 988 260 1044 et
276 1001 411 1063 personae
430 985 591 1064 diligende
611 984 709 1064 magis
727 984 774 1046 vel
794 985 900 1047 miuus
913 984 1051 1065 periectas
1071 990 1162 1059 suut,
1181 991 1236 1047 aut
1252 985 1351 1066 megs
1363 987 1411 1050 vel

133 1070 242 1134 minus
253 1071 342 1134 nobis
357 1075 543 1153 conjunctae,
560 1079 590 1135 et
602 1073 681 1136 bona
695 1073 771 1154 ipsis
783 1074 979 1136 desideranda
991 1073 1038 1136 vel
1049 1074 1238 1154 procuranda
1249 1075 1349 1155 magis
1362 1076 1411 1138 vel

133 1159 242 1222 minus
256 1162 424 1224 necessaria
437 1167 522 1224 sunt.

176 1251 253 1312 ltem
265 1248 391 1312 diversae
404 1257 478 1312 sunt
492 1249 684 1314 necessitates
699 1250 857 1332 inquibus
872 1250 1010 1332 proximo
1025 1252 1265 1314 succurrendum
1280 1257 1335 1315 est.
1352 1257 1410 1317 Ne-

133 1336 259 1400 cessitas
270 1337 356 1400 enim
371 1339 434 1400 sive
452 1337 642 1420 temporalis,
657 1339 722 1402 sive
735 1339 917 1420 spiritualis,
935 1339 1046 1420 triplex
1060 1338 1265 1418 distinguitur
1278 1341 1408 1403 scilicet:

180 1428 212 1487 t⁰
222 1423 389 1502 Ecetranis,
403 1444 474 1488 cum
486 1427 657 1507 periculum
673 1435 794 1491 aeternae
806 1427 1024 1502 damnationis,
1041 1433 1096 1490 aut
1108 1427 1228 1502 mertia,
1246 1428 1410 1492 alteriusve

133 1511 212 1574 mali
232 1513 324 1576 morti
345 1512 407 1576 lere
426 1515 565 1596 aquatis,
581 1516 624 1579 ita
642 1517 781 1598 proximo
799 1515 910 1590 instat,
930 1521 965 1578 ut
985 1516 1049 1593 hic,
1066 1513 1224 1580 moraliter
1243 1517 1408 1598 loquendo,

133 1599 204 1662 siue
218 1601 344 1664 alterius
359 1602 473 1667 auxilio
487 1603 564 1667 illud
578 1605 704 1668 evadere
715 1623 778 1668 nen
791 1605 898 1686 possit.

178 1693 210 1752 2⁰
224 1688 350 1766 Gravis,
367 1710 438 1754 cum
452 1711 490 1754 ex
506 1692 746 1756 circumstantiis
765 1700 879 1756 aeterna
893 1694 975 1755 salus
995 1692 1080 1756 valde
1100 1690 1245 1766 difficilis,
1263 1699 1318 1754 aut
1332 1701 1409 1756 tem-

133 1778 246 1860 poralis
260 1779 326 1842 vita
339 1780 426 1842 valde
440 1781 567 1843 molesta
579 1783 729 1845 redditur.

177 1872 210 1930 30
233 1866 405 1930 Communia
427 1889 480 1932 seu
506 1869 678 1950 mediceris,
706 1870 741 1933 in
771 1889 832 1951 qua
857 1870 928 1951 quis
953 1869 1013 1932 sibi
1038 1869 1195 1950 providere
1220 1876 1320 1951 potest
1344 1870 1410 1932 sine

76 2015 83 2026 ,
132 1973 248 2036 magna
267 1955 454 2020 diffiudtate.
476 1960 512 2020 ln
530 1959 587 2021 bac
606 1966 768 2022 versantur
789 1958 823 2021 iu
845 1958 951 2021 ordine
975 1957 1128 2039 spirituali
1150 1959 1289 2038 vulgares
1309 1977 1410 2040 pecca-

132 2050 228 2118 tores,
244 2045 311 2127 qui,
324 2045 350 2107 si
364 2047 477 2110 vellent
490 2053 635 2109 conatum
648 2047 781 2129 aliquem
794 2047 946 2122 adhibere,
957 2066 995 2109 ex
1005 2065 1098 2128 pravo
1111 2052 1195 2110 statu
1206 2053 1408 2127 resurgerent

130 2132 172 2196 in
186 2133 292 2196 ordine
310 2153 381 2197 vero
403 2135 562 2216 temporali
583 2155 651 2198 eam
668 2136 831 2217 patiuntur
842 2135 1011 2216 generatim
1025 2155 1171 2217 pauperes
1185 2135 1408 2209 mendicantes

131 2220 253 2302 quibus
276 2222 354 2298 vita,
375 2242 429 2304 pro
449 2243 555 2287 eorum
576 2225 763 2301 conditione,
779 2244 840 2288 nou
859 2225 954 2286 nimis
973 2225 1100 2287 molesta
1118 2243 1151 2287 aa
1170 2223 1281 2287 misera
1299 2232 1356 2287 est.
1372 2261 1411 2270 -

133 2309 177 2371 S.
193 2309 264 2392 Lip.
282 2332 312 2372 n.
328 2315 380 2388 at;
396 2312 486 2374 Hom.
504 2323 616 2397 apost,
633 2335 664 2375 a.
680 2318 729 2378 to.

467 2517 590 2562 REGULAE
611 2517 768 2562 srnctttss
789 2518 907 2562 OlllllNIS
929 2517 1086 2562 ntntrarts

177 2663 247 2723 iil.
271 2697 311 2706 -
338 2661 446 2724 Praina
467 2661 586 2744 reputa.
611 2661 746 2742 Quisque
766 2669 889 2724 tenetur
910 2663 1045 2743 seipstun
1067 2661 1165 2741 magis
1193 2661 1318 2742 diligere
1343 2663 1413 2725 sena·

130 2747 261 2830 pliciter
281 2756 312 2812 et
333 2750 479 2828 absolate,
501 2769 595 2832 quam
615 2749 803 2832 proximum.
828 2750 916 2815 Ratio
937 2756 998 2823 est,
1021 2749 1096 2832 quia
1116 2749 1330 2831 unusquisque
1352 2751 1413 2815 sibi

135 2837 236 2918 magis
256 2839 417 2919 proximus
437 2845 498 2914 est,
516 2858 610 2921 quam
631 2839 710 2901 alius
724 2838 866 2920 quilibet.
886 2839 920 2900 Id
934 2839 1050 2901 clanim
1064 2844 1111 2901 est
1124 2838 1251 2917 iusuper
1269 2857 1307 2900 ex
1324 2839 1411 2902 incli-

135 2925 263 2989 natione
278 2927 411 2991 naturali
426 2934 456 2990 et
468 2927 644 2990 invincibili
657 2928 696 2990 ad
714 2926 850 3008 seipsum
868 2927 967 3008 magis
986 2925 1176 3006 diligendum
1195 2944 1289 3007 quam
1310 2927 1412 3008 proxi·

135 3031 242 3090 mum;
259 3016 341 3078 uude
355 3017 479 3097 vulgare
493 3015 632 3079 axioma:
650 3015 772 3078 Caritas
789 3015 859 3078 bene
870 3015 1016 3088 ordinata
1030 3015 1138 3096 incipit
1154 3017 1349 3098 asemetipso.

180 3103 321 3166 Secunda
336 3105 450 3186 regala.
464 3105 613 3168 Debemus
627 3112 733 3167 tamen
744 3123 918 3166 succurrere
931 3103 1081 3184 proximo,
1096 3103 1209 3167 nostris
1222 3103 1316 3168 etiam
1331 3123 1412 3168 com-

134 3192 239 3255 modis
251 3193 450 3273 posthabitiS,
464 3193 571 3256 ordine
585 3193 744 3274 sequenti:

180 3286 213 3343 t⁰
227 3283 263 3342 In
279 3292 416 3344 extrema
429 3286 604 3346 necessitate
620 3281 793 3364 spirituali,
811 3282 1051 3344 succurrendum
1069 3287 1116 3344 est
1133 3281 1287 3362 proximo,
1301 3281 1411 3356 ctiam,

136 3370 311 3448 cumsscerto
333 3371 405 3433 vitae
431 3371 578 3451 periculo,
593 3372 759 3433 dtunmodo
785 3369 827 3432 sit
852 3388 938 3450 aeque
963 3376 1045 3431 certa
1069 3389 1136 3450 spes
1159 3370 1248 3432 illum
1265 3367 1410 3448 juvandi,

137 3475 239 3539 neque
251 3458 332 3521 ullus
346 3459 425 3521 alius
440 3460 481 3522 sit
493 3479 511 3522 a
525 3479 585 3541 quo
597 3459 782 3534 sublevetur,
797 3477 852 3521 nec
863 3457 987 3538 gravius
1001 3457 1072 3520 inde
1093 3458 1211 3521 malum
1230 3455 1411 3530 immineat;

136 3545 214 3627 quia
227 3546 293 3609 vita
305 3555 419 3611 aterna
435 3547 568 3628 proximi
587 3548 704 3610 bonum
721 3553 764 3609 est
783 3545 978 3610 excellentius
991 3547 1056 3608 vite
1068 3553 1173 3610 nostra
1191 3544 1359 3625 temporali.
1374 3579 1413 3589 -

139 3633 179 3697 S.
195 3635 264 3716 Lig.
281 3655 312 3698 n.
332 3641 382 3699 et.

179 3725 214 3785 2⁰
225 3725 262 3786 In
274 3735 413 3788 eatrema
423 3728 598 3788 necessitate
612 3723 783 3808 tenporali,
797 3725 1038 3787 succurrendum
1050 3723 1246 3805 estproximo
1258 3721 1415 3784 ordinarie

138 3829 212 3874 cum
231 3831 344 3893 magno
363 3813 488 3895 quidem
514 3813 722 3888 incommodo,
744 3831 807 3877 non
826 3818 929 3875 tamen
953 3831 1023 3876 cum
1046 3813 1197 3887 maximo,
1223 3811 1312 3892 quale
1334 3817 1413 3872 esset

138 3899 235 3963 etiam
246 3919 301 3982 pro
313 3901 408 3964 divite
424 3921 543 3983 maguae
560 3901 696 3983 pecunia
715 3901 848 3982 largitio.
867 3901 961 3983 (Vide
975 3902 1048 3983 ins„
1067 3922 1099 3964 n.
1113 3905 1188 3973 228,
1204 3899 1239 3975 O.
1254 3899 1312 3980 30.)
1323 3898 1413 3962 Ratio
1475 3921 1479 3928 ·

137 3993 201 4062 est,
215 3989 289 4071 quie
310 4008 347 4053 ex
368 4009 431 4053 una
449 3997 534 4072 parte
555 3991 621 4055 vita
640 3988 774 4072 proximi
791 3991 909 4052 bonum
926 3995 973 4053 est
985 3989 1181 4053 excellentius
1193 3987 1295 4067 aliquo
1309 3993 1412 4050 nostro

137 4075 233 4154 bono;
249 4084 280 4140 et
298 4097 336 4140 ex
357 4077 416 4140 alia
433 4086 519 4161 parte
537 4097 608 4141 cum
622 4097 708 4142 autor
727 4079 777 4141 sui
793 4078 899 4141 ordine
915 4077 1078 4158 pracedat,
1095 4093 1185 4139 nemo
1204 4074 1356 4156 obligatur
1374 4075 1414 4140 ad

138 4171 267 4228 tautum
277 4165 507 4232 incommodum
519 4185 573 4248 pro
586 4166 654 4230 aliis
666 4167 874 4229 subeundum.
883 4203 924 4212 -
938 4165 972 4228 S.
986 4167 1056 4246 Lig.
1072 4185 1104 4224 n.
1120 4169 1170 4228 ot.

180 4258 214 4318 30
233 4256 269 4316 ln
284 4259 375 4336 pravi
392 4256 562 4318 necessitate
575 4256 732 4338 nemusque
749 4255 864 4317 ordinis
883 4273 975 4317 nemo
995 4260 1116 4316 tenetur
1133 4251 1272 4334 proximo
1291 4259 1413 4316 succur-

139 4359 204 4405 rere
223 4359 296 4406 cum
316 4343 402 4424 gravi
421 4362 476 4406 sua
490 4344 698 4418 incommodo,
717 4344 831 4407 seclusa
848 4350 952 4406 nmen
964 4340 1111 4423 justitiae,
1124 4341 1248 4422 pietatis
1262 4343 1310 4404 vel
1323 4340 1413 4405 officii

140 4429 244 4494 titulo.
258 4433 305 4495 Ex
321 4432 410 4496 dictis
427 4431 510 4494 enim
527 4433 677 4514 sequitur,
691 4451 747 4495 nos
758 4431 857 4494 teneri
873 4431 911 4493 ad
926 4447 1014 4510 opem
1035 4429 1172 4511 aliquam
1190 4432 1410 4511 praetendam,

91 4551 101 4564 ·
141 4535 203 4582 non
216 4525 404 4585 tamencum
418 4521 504 4603 gravi
519 4519 633 4603 proprii
644 4520 718 4584 boni
727 4523 857 4602 jactura.
872 4555 911 4566 —
923 4519 959 4581 S.
973 4519 1057 4602 Lig„
1075 4517 1150 4582 ibid.
