3216 5020
530 219 573 264 on
593 217 794 265 rnncnrrrs
816 217 993 263 occacoer
1327 203 1396 266 269

129 336 167 399 ad
180 332 333 406 homines,
350 334 481 412 spectato
495 329 556 392 solo
565 333 636 412 jure
651 336 785 404 naturae,
802 328 898 404 valet,
916 329 1081 392 dummodo
1096 329 1183 410 signo
1196 329 1298 412 aliquo
1312 337 1395 393 exte-

130 422 206 486 riori
220 419 396 484 sufficienter
404 418 608 499 exprimatur,
623 417 687 481 sire
696 417 728 479 id
742 417 797 479 fiat
809 415 926 492 verbis,
939 417 1002 479 sire
1012 417 1176 499 scriptura,
1189 419 1252 481 sire
1263 419 1395 483 nutibus

131 516 186 576 aut
199 509 345 591 gestihus;
362 513 494 589 spectato
507 513 612 570 autem
622 509 691 589 jure
709 505 854 587 positivo,
871 511 970 586 potest
987 512 1102 569 certam
1118 507 1272 587 requirere
1289 507 1398 571 verbo-

131 617 203 662 rum
221 598 395 672 formulam,
417 603 551 660 certosre
573 595 669 672 ritus,
694 613 763 676 quae
784 594 842 658 sub
860 612 950 675 poena
968 594 1133 671 nuditatis,
1153 597 1261 659 saltem
1279 595 1314 659 in
1334 596 1397 660 loro

131 694 268 762 externo,
284 685 470 748 observanda
483 687 567 749 sunt.

119 915 122 922 ,
247 841 457 906 Resolves.

166 991 234 1051 308.
249 1022 289 1031 -
301 992 333 1050 ι’
346 987 415 1048 Non
435 985 516 1048 valet
534 986 749 1066 juramentum
767 982 889 1059 fictum,
911 1001 965 1046 seu
978 1002 1061 1046 mere
1074 989 1251 1060 externum,
1268 983 1306 1049 ob
1319 986 1400 1049 dele-

128 1081 210 1139 ctum
224 1073 392 1138 uoluntatis
407 1091 462 1136 seu
479 1071 662 1136 intentionis
672 1071 810 1156 jurandi.
826 1074 930 1135 Peccat
944 1089 1015 1136 vero
1029 1073 1206 1155 dejurans,
1223 1075 1276 1136 sed
1289 1077 1400 1156 proda-

131 1162 218 1227 titios
231 1163 394 1226 venialiter
407 1168 532 1226 tantum
540 1211 548 1237 ,
556 1179 617 1244 per
628 1180 658 1222 se
669 1160 834 1241 loquenda,
849 1159 993 1241 quianon
1002 1161 1115 1242 profert
1127 1161 1189 1224 nisi
1203 1163 1399 1228 mendacium

122 1270 196 1316 cum
210 1269 290 1315 vana
307 1250 449 1316 Nominis
464 1250 518 1313 Dei
532 1248 741 1331 usurpatione.
757 1281 797 1296 —
809 1247 845 1310 S.
861 1248 930 1331 Liq.
949 1247 1042 1311 Hom.
1059 1260 1174 1332 apost,
1197 1271 1229 1316 u.
1250 1256 1299 1315 lt.
1317 1255 1401 1336 Saepe

128 1347 231 1403 tamen
247 1339 305 1402 hoc
325 1339 453 1403 mortale
473 1343 520 1402 est
538 1337 655 1400 ratione
673 1337 779 1400 damni
797 1338 971 1400 communis
989 1337 1037 1400 vel
1050 1339 1253 1418 particularis.
1269 1342 1402 1405 Attendc

130 1430 167 1490 ad
179 1448 263 1510 prop.
279 1433 320 1492 ιδ
337 1430 442 1491 damn.
458 1427 496 1490 ab
511 1429 614 1489 lunoc.
632 1429 693 1490 XI:
713 1425 789 1489 Cum
803 1445 894 1488 rausa
907 1425 1026 1488 licitum
1043 1435 1086 1488 eet
1094 1428 1208 1508 jurare
1222 1429 1286 1490 sine
1299 1433 1400 1493 animo

122 1516 271 1598 jurandi,
288 1519 350 1580 sive
365 1537 414 1579 rec
427 1519 467 1578 sit
481 1516 567 1589 lecu,
590 1519 651 1578 siue
662 1515 703 1576 sit
715 1517 829 1598 praeis.

165 1609 197 1669 Ξ·
210 1611 279 1671 Non
293 1607 375 1669 valet
384 1604 575 1689 probabilius
586 1607 801 1684 juramentum
819 1602 1053 1684 promissorium
1074 1603 1190 1666 factum
1208 1623 1279 1668 cum
1298 1607 1401 1671 aniruo

129 1694 253 1775 quidem
268 1694 412 1777 jurandi,
429 1695 481 1756 sed
499 1711 563 1756 non
583 1711 615 1756 se
635 1691 791 1772 obligandi
811 1710 848 1755 ex
868 1691 1027 1772 religione3
1043 1692 1117 1774 quia
1133 1693 1190 1756 hoe
1203 1695 1403 1774 nugatorium

121 1789 182 1846 est.
197 1819 240 1832 —
253 1784 344 1846 Valet
357 1789 461 1846 autern
472 1785 686 1863 juramentum
706 1781 821 1843 lactum
839 1799 910 1843 cum
928 1781 1033 1842 animo
1049 1781 1176 1862 jurandi
1194 1781 1334 1862 quidem,
1351 1785 1404 1846 sed

128 1890 189 1934 non
203 1891 235 1936 se
249 1869 407 1952 obligandi
420 1869 589 1951 exjustitia
602 1873 657 1932 aut
665 1887 703 1931 ex
716 1869 872 1932 fidelitate.
888 1905 929 1916 -
942 1869 979 1933 S.
993 1869 1065 1953 Lip.
1082 1890 1115 1930 n.
1131 1873 1201 1934 172.

165 1967 199 2026 3ο
213 1959 305 2023 Valet
324 1963 538 2041 juramentum
558 1955 793 2038 promissorium
818 1957 933 2020 lactum
956 1957 1022 2020 sine
1045 1956 1148 2023 anim0
1169 1959 1331 2041 implendi,
1353 1961 1406 2024 sed

121 2067 200 2113 ¹eum
212 2049 319 2112 animo
327 2047 455 2129 jurandi
469 2053 500 2110 et
514 2066 545 2109 se
559 2046 724 2126 obligandi.
743 2046 801 2122 Qui
818 2053 923 2111 autem
937 2047 980 2109 sic
989 2050 1090 2128 jurat,
1106 2056 1210 2128 peccat
1221 2048 1402 2125 mortaliter,

126 2139 201 2220 quia
221 2141 322 2200 Deum
344 2141 454 2198 testem
474 2136 598 2198 invocat
614 2133 678 2196 ficti
696 2135 844 2216 propositi
862 2153 915 2198 εειι
933 2134 1011 2198 fictae
1024 2136 1253 2217 promissionis,
1271 2138 1405 2218 adeoque

123 2229 212 2308 jurat
226 2230 333 2287 contra
346 2223 520 2286 veritatem.
535 2259 576 2270 -
589 2223 626 2286 S.
642 2222 725 2305 Lip,
744 2223 822 2288 ibid.

167 2313 347 2378 Notandum
364 2317 410 2374 est
429 2315 526 2375 Deum
544 2312 579 2374 in
595 2314 772 2392 juramento
790 2311 987 2393 promissorio
1001 2313 1119 2378 assumi
1134 2321 1284 2397 tanquam
1298 2317 1406 2378 testem

126 2399 278 2485 prepositi
292 2419 345 2463 seu
357 2399 570 2481 promissionis
579 2400 738 2481 praesentis
748 2407 779 2463 et
791 2407 941 2483 tanquam
953 2401 1161 2484 fidejussorem
1172 2405 1305 2486 quodem
1317 2404 1407 2467 modo

129 2488 335 2554 exsecutionis
349 2488 478 2564 futuru,
498 2495 590 2569 prout
606 2487 672 2553 haec
688 2490 796 2552 saltem
810 2491 921 2570 pendet
940 2508 958 2553 a
977 2491 1135 2555 voluntate
1153 2492 1292 2556 humana
1301 2513 1309 2569 ;
1326 2493 1408 2556 unde

129 2579 183 2655 fit,
208 2583 247 2641 ut
267 2576 303 2640 in
326 2577 412 2640 omni
431 2579 610 2660 juramento
629 2577 828 2660 promissorio
849 2577 1025 2642 includatur
1042 2581 1136 2644 etiam
1153 2581 1351 2645 assentorium
1372 2581 1409 2644 de

130 2665 286 2748 prasenti.

170 2761 202 2819 t·
214 2757 271 2818 Est
278 2757 495 2837 juramentum
508 2755 606 2818 dicere
622 2773 630 2817 :
646 2755 724 2816 Juro
730 2773 791 2838 per
801 2752 913 2832 Deum,
925 2775 986 2840 per
997 2757 1127 2820 Sanctus
1132 2805 1141 2836 ,
1159 2758 1304 2842 templum
1310 2805 1319 2836 ,
1336 2778 1411 2820 cru-

133 2863 207 2922 cem,
224 2843 338 2923 altere,
353 2843 583 2927 Ἐυεπρεὶἰιιηι,
601 2843 709 2906 Fidem
724 2841 919 2920 catholicam,
938 2845 1124 2921 Ecclesiam,
1143 2847 1266 2922 coelum,
1283 2857 1407 2910 terram.

131 2934 259 2995 -ltem
273 2932 370 2996 dicere
386 2951 394 2994 ε
410 2930 513 3004 {Deum
531 2941 698 2994 attestor...
716 2930 768 2992 Sit
786 2932 864 2993 mitt
886 2936 971 2995 tectis
994 2933 1110 2998 Deus...
1130 2934 1229 2997 Deum
1249 2937 1353 2998 eiteoeo
1375 2945 1410 2998 ut

133 3029 248 3084 testera.
269 3023 375 3096 Secus,
399 3020 426 3084 si
447 3017 517 3102 quis
533 3023 654 3101 juraret
671 3039 724 3102 per
747 3027 900 3085 creaturas
918 3021 954 3083 in
971 3022 1085 3103 quihus
1102 3041 1165 3087 non
1182 3025 1279 3088 elucet
1295 3025 1409 3109 specia-

103 3125 109 3142 ·
133 3109 203 3173 liter·
230 3109 337 3186 divina
359 3109 479 3172 benitas
506 3115 563 3173 aut
584 3109 734 3190 potentia,
757 3128 788 3171 v.
813 3127 873 3190 gn,
895 3129 949 3192 per
972 3110 1115 3186 herbam,
1142 3117 1199 3176 ete.
1219 3147 1261 3158 —
1277 3115 1314 3178 S.
1336 3114 1409 3195 Liq.

132 3218 162 3261 n.
177 3200 336 3274 43t,138.

170 3294 208 3354 5⁰
221 3291 287 3352 Non
299 3292 345 3350 εει
355 3289 570 3369 juramentum
584 3286 681 3350 dicere
698 3305 706 3350 :
721 3285 817 3350 Novit
827 3287 947 3352 Deus...
964 3289 1075 3353 Coram
1089 3273 1285 3374 Beo'loquor,
1302 3289 1412 3366 etc.,si

133 3377 199 3442 haec
220 3380 378 3439 sanative
391 3376 596 3458 proferantur3
616 3395 701 3439 secus
720 3393 806 3451 vero,
829 3376 856 3439 si
870 3379 1053 3458 inocentiae,
1076 3381 1157 3461 qued
1171 3379 1360 3460 dignoscitur
1374 3397 1413 3444 ox

135 3465 392 3542 circumstantiis,
407 3467 455 3530 vel
469 3464 640 3528 intentione
659 3463 821 3547 loquentis.
842 3469 902 3530 Nec
919 3472 967 3529 est
980 3469 1192 3549 juramentum
1214 3467 1332 3531 dicere:
1351 3465 1413 3530 Est

137 3563 198 3617 tem
220 3574 322 3618 verum
338 3553 412 3630 lior,
428 3575 518 3638 quam
531 3554 649 3616 exsistit
668 3554 797 3628 uena...‚
820 3573 911 3636 quum
928 3575 983 3639 eqo
1002 3561 1163 3632 exsisto...,
1183 3575 1271 3638 quam
1294 3575 1360 3619 sum
1380 3560 1414 3618 in

137 3643 191 3706 dec
211 3644 327 3720 loco...,
343 3644 405 3726 fide
428 3644 499 3706 boni
516 3643 628 3722 viri...,
645 3662 705 3725 per
722 3641 814 3724 fidem
831 3661 978 3720 meum...,
995 3664 1054 3727 per
1071 3645 1334 3720 cmucientiam...‚
1354 3666 1414 3708 mo·

137 3733 254 3812 rto·...,
278 3734 327 3796 vel
349 3731 488 3796 diabolus
504 3751 550 3795 me
567 3731 693 3815 perdat,
714 3735 776 3793 nist
794 3732 848 3794 ιἰα.
866 3734 932 3796 Ime
952 3752 1008 3796 neo
1025 3738 1071 3798 est
1083 3737 1310 3816 juramentum,
1323 3737 1414 3816 juxta

138 3823 168 3884 S.
191 3821 368 3902 Ligurium,
390 3821 488 3885 dicere
505 3841 512 3886 :
528 3822 622 3900 Juro,
639 3820 770 3903 veljuro
783 3821 831 3882 ita
844 3839 919 3897 esce,
939 3820 1002 3884 nisi
1014 3822 1200 3905 precesserit
1215 3821 1413 3903 interrogatio

140 3909 175 3973 de
184 3911 362 3992 juramento
376 3911 557 3992 prestando.
572 3945 613 3956 -
625 3908 661 3973 S.
679 3909 765 3993 Lt‘q„
782 3909 871 3990 ibid,
888 3919 917 3972 et
929 3909 987 3972 alii
999 3911 1099 3974 multi.

354 4131 401 4201 ll.
415 4167 456 4185 -
479 4132 527 4200 De
544 4133 720 4221 requisitis
738 4131 785 4201 ud
803 4133 983 4202 liceitotcm
990 4131 1198 4220 jacueruut.

180 4324 251 4386 309.
265 4356 306 4366 -
318 4318 440 4401 Triplex
460 4317 593 4409 conditio
610 4318 779 4400 requiritur
799 4321 838 4384 ad
858 4317 1023 4383 liceitatem
1039 4317 1211 4399 juramenti
1226 4322 1319 4401 juxta
1338 4320 1416 4385 illud

141 4408 279 4514 dererniat
293 4429 337 4484 rr,
354 4411 373 4472 ἓ
390 4408 536 4471 :Iurabis
550 4427 563 4470 .·
584 4405 666 4470 Vivit
681 4407 845 4486 Dominus,
867 4412 901 4470 iu
920 4409 1061 4484 emico,
1082 4415 1111 4471 et
1132 4409 1315 4491 injudicio,
1332 4420 1362 4473 ct
1381 4413 1414 4471 ire

138 4508 279 4580 justum.
