3168 5002
210 230 230 288 Ξ
529 239 713 285 rumrnvlo
740 242 766 284 r.
795 241 887 286 urar
907 241 952 286 nu
978 243 1163 288 naunounu

208 352 308 423 bilem
331 352 485 436 arbitror,
511 350 734 420 subindicans.
762 353 837 420 Haec
855 351 920 436 via,
947 353 1001 421 bic
1020 353 1100 422 ordo
1120 354 1221 422 totius
1240 355 1479 445 propemodum

206 457 417 528 tractationis.
438 456 641 526 Desiderabis
660 457 835 552 aliquando
856 458 1045 550 uberiorem
1063 459 1228 528 rationum
1248 460 1393 550 copiam
1414 483 1480 531 ma·
1548 482 1552 490 ·

201 565 310 655 jorem
322 563 552 633 auctoritatum
566 564 760 646 numerum,
775 562 957 653 pleniorem
972 563 1068 632 etiam
1083 564 1204 633 alicubi
1219 566 1476 656 explicationem.

204 673 295 739 Tune
313 689 389 738 vero
407 668 546 737 non'abs
561 689 597 736 re
612 667 932 752 sueritmeminisse,
950 669 1013 738 boe
1027 670 1073 737 nil
1089 670 1179 739 aliud
1197 691 1297 759 quarn
1320 674 1480 764 Compen-

204 775 299 844 dium
318 795 405 858 esse,
433 774 468 842 in
489 794 556 863 quo
576 772 602 840 si
621 773 702 862 quid
722 771 804 842 desit
824 773 933 858 exiis,
955 795 1029 863 quae
1048 774 1115 843 suis
1134 796 1205 845 rem
1225 776 1371 846 numeris
1387 779 1481 847 abso

202 881 306 950 lutam
321 863 512 964 reddedent,
534 877 774 947 desiderabitur
786 879 931 970 prolecto
950 879 1034 949 illud
1048 881 1138 969 quod
1153 881 1351 972 Compendio
1366 882 1480 952 deesse

203 987 337 1056 omnino
357 984 465 1054 debet.

246 1092 294 1161 Ad
315 1089 478 1160 scribendi
502 1087 661 1159 rationem
682 1089 770 1178 quod
795 1089 924 1173 attinet,
951 1090 986 1158 iu
1011 1113 1049 1160 ea
1073 1091 1262 1161 brevitatem
1284 1113 1345 1182 pro
1365 1113 1479 1162 rerum

202 1207 320 1267 natura
342 1195 502 1278 invenies,
529 1195 706 1264 siccitatem
726 1215 793 1262 non
816 1215 890 1263 raro
910 1197 1026 1285 procul
1045 1196 1146 1266 dubio
1170 1197 1402 1288 reprehendes.
1431 1199 1479 1266 Ad

200 1301 391 1374 brevitatem
410 1299 499 1390 quod
518 1309 657 1390 spectat,
674 1309 711 1368 ut
721 1299 951 1389 hujuscemodi
968 1322 1051 1391 opus
1070 1301 1271 1391 postulabat,
1291 1323 1362 1370 eam
1377 1324 1480 1392 quam

201 1407 340 1476 manime
356 1415 497 1475 sectatus
516 1425 611 1474 sum:
633 1405 678 1474 ita
696 1415 805 1473 tamen
824 1415 936 1490 utne,
959 1406 1039 1474 dum
1059 1405 1164 1474 brevis
1181 1428 1249 1474 esse
1267 1407 1399 1494 laboro,
1424 1408 1481 1476 ob-

200 1535 316 1582 scurus
328 1512 418 1580 fiam.
434 1511 561 1599 ltaque,
574 1530 634 1579 nec
645 1511 676 1578 vi
683 1511 858 1579 verborum
869 1511 1030 1595 obrueris,
1045 1532 1104 1580 nec
1117 1512 1150 1579 in
1161 1512 1303 1582 tenebris
1312 1533 1476 1602 unquam,

199 1629 238 1687 ut
260 1639 373 1709 spero,
400 1615 592 1686 versaberis
619 1616 668 1685 Ad
693 1616 870 1686 siccitatem
894 1639 970 1686 vero
990 1617 1078 1706 quod
1102 1617 1261 1706 pertinet,
1286 1617 1368 1686 illud
1392 1619 1477 1687 mibi

200 1744 330 1815 semper
348 1732 473 1792 certum
492 1741 754 1813 persuasumque
772 1722 851 1806 luit,
873 1722 1001 1812 lepores
1019 1743 1217 1812 veneresque
1237 1722 1417 1791 dictionum
1436 1725 1476 1793 ab

199 1828 289 1898 bisce
315 1828 413 1898 rebus
434 1849 504 1897 esse
524 1828 734 1896 vehementer
752 1827 883 1896 alienas.
910 1827 1012 1916 Igitur
1031 1828 1210 1897 dummodo
1230 1849 1282 1897 res
1301 1828 1476 1919 perspicua

198 1938 258 2018 sit,
280 1935 340 2004 etsi
359 1934 469 2026 miuus
488 1942 623 2001 venusta
643 1953 680 2000 ac
697 1941 826 2022 compta
844 1944 1014 2024 appareat,
1036 1955 1102 2002 non
1117 1933 1296 2003 admodum
1315 1934 1475 2002 sollicitus

198 2060 284 2110 sum.
306 2039 432 2107 Clavem
447 2039 601 2107 thesauro
620 2038 720 2127 hujus
739 2038 879 2108 scientie
897 2039 1096 2108 recludendo
1115 2059 1229 2128 parem
1249 2038 1306 2107 tibi
1325 2039 1475 2129 praebere

198 2163 291 2212 mens
310 2163 385 2212 mea
398 2152 458 2210 est.
479 2142 607 2226 Attea,
628 2142 774 2232 inquies,
792 2143 888 2212 clavis
902 2143 1008 2214 ferrea
1021 2155 1082 2214 est.
1103 2145 1196 2226 Esto;
1217 2143 1315 2211 modo
1329 2144 1472 2232 aperiat,

197 2248 276 2318 satis
300 2248 372 2317 erit.
398 2247 552 2338 Experire
576 2269 692 2332 usum,
712 2250 790 2318 etsi
813 2251 1006 2319 thesaurum
1030 2249 1205 2318 moralium
1225 2247 1472 2338 disciplinarum

196 2374 343 2423 reserare
369 2353 487 2438 valeat,
514 2353 596 2423 nihil
621 2353 709 2422 aliud
733 2355 813 2423 mibi
842 2355 876 2423 in
898 2354 981 2424 votis
1003 2365 1063 2424 est.
1088 2355 1239 2444 Amplam
1262 2353 1382 2422 laboris
1406 2355 1472 2423 mei

197 2458 380 2528 mercedem
411 2458 582 2549 recipiam,
615 2459 642 2528 si
672 2460 736 2529 boc
764 2460 965 2552 Opusculum
995 2459 1030 2529 in
1058 2459 1217 2550 majorem
1245 2458 1302 2528 Dei
1332 2459 1472 2548 qloriam

195 2575 352 2654 tuamque
377 2564 548 2633 utilitatem
572 2564 676 2634 cedat.
703 2566 813 2636 Unum
836 2577 952 2651 restat,
979 2575 1016 2635 ut
1042 2578 1073 2636 te
1099 2585 1205 2649 orem,
1234 2563 1471 2633 humanissime

195 2671 321 2755 lector,
341 2671 498 2740 benevolo
516 2670 561 2740 sis
579 2671 705 2755 animo;
727 2681 759 2742 et
777 2672 804 2742 si
822 2673 954 2762 quando
967 2671 1059 2742 venia
1077 2669 1186 2760 aliqua
1204 2669 1312 2740 danda
1330 2668 1389 2754 sit,
1411 2667 1471 2739 be·

195 2776 314 2867 nignus
333 2776 531 2869 impertiaris
550 2797 642 2867 rogo.
663 2777 752 2846 Vale.
