3202 5020
622 201 665 244 11
690 199 929 246 conscrrurra
1342 189 1409 249 131

131 308 276 382 sianum,
301 308 481 390 perplexitas
503 309 656 383 fidelitun,
677 316 710 372 et
732 311 881 390 angustiae
904 311 1106 391 ipsorummet
1126 310 1385 374 confessariorum
1399 343 1415 389 ,-

132 396 191 478 qui
206 415 244 460 ex
254 397 400 477 putatitio
409 396 512 478 aliquo
521 397 744 478 probabilitatis
756 417 881 462 excessu
894 399 1090 480 gravissimas
1102 398 1299 478 obligationes
1310 401 1407 482 impo-

133 491 223 548 nent.
239 485 480 548 Probabilismus
495 504 566 550 vero
580 486 656 550 bene
674 486 844 550 intellectus
858 487 1036 569 hujusmodi
1057 487 1280 564 incommodis,
1298 490 1407 554 saltem

130 575 331 654 plerumque,
357 581 448 638 caret.
465 578 530 638 Duo
544 575 628 638 enim
652 581 776 638 tantum
791 582 865 638 sunt
878 575 1085 658 probabilistis
1104 577 1333 656 perpendenda,
1350 580 1406 640 sci-

130 662 204 724 lieet
215 662 416 742 obligationes
430 669 533 738 certa,
549 670 580 727 et
591 664 789 744 obligationes
803 683 886 728 mere
899 664 1079 745 probabiles.
1096 664 1245 741 Quamuis
1260 684 1330 728 roro
1344 685 1406 729 non

130 769 254 832 semper
276 756 393 814 constet
415 752 452 814 de
475 771 546 814 vera
568 751 796 834 probabilitate,
821 772 911 817 nemo
931 761 1035 816 tumen
1054 771 1117 816 non
1136 753 1234 828 videt,
1254 754 1406 816 ordinario

128 839 301 922 loquenda,
326 840 424 902 multo
456 839 575 903 lucilius
598 860 662 904 esse
689 840 858 904 discernere
881 861 922 904 an
943 841 1038 906 solida
1065 841 1144 904 ratio
1171 843 1219 904 vel
1243 842 1407 906 auctoritas

132 933 239 991 contra
266 928 363 1008 legem
386 927 547 1004 habeatur,
562 948 657 1012 quam
680 928 716 992 de
738 949 862 994 excessu
885 930 986 1013 aliquo
1008 929 1233 1012 probabilitatis
1249 931 1406 1012 *judiciuin

131 1016 275 1098 prolerre.
293 1019 409 1098 Ergo...
1007 1032 1012 1038 ·

257 1147 536 1226 objectiones.

173 1280 280 1340 611-
296 1275 388 1357 Objic.
403 1281 436 1338 1ο
449 1296 487 1338 ec
498 1275 663 1358 Scriptura
676 1296 760 1338 suero
769 1323 779 1356 ,
795 1276 886 1340 Eccli.
904 1296 952 1351 111,
973 1281 1032 1339 27:
1051 1279 1110 1354 Oui
1126 1286 1206 1340 cmot
1216 1279 1405 1362 periculam,

132 1365 167 1426 in
190 1365 245 1426 illc
263 1365 390 1447 peribit.
409 1364 505 1446 Atqui
523 1365 728 1447 probabilistae
746 1375 847 1427 amout
864 1367 1034 1446 perieulum
1054 1367 1207 1447 sequendo
1230 1367 1407 1448 opinionem

133 1471 221 1535 aeque
239 1454 286 1517 vel
310 1453 416 1516 minus
439 1453 637 1535 probabilem.
663 1457 778 1534 Ergo...
799 1489 841 1500 -
860 1453 951 1517 Eccli.
977 1473 1099 1530 111111,
1124 1459 1188 1518 101
1210 1456 1290 1517 Acte
1308 1457 1406 1518 omnia

130 1551 288 1625 operatua
305 1541 427 1605 verdum
437 1561 532 1605 cerac
538 1542 691 1625 pracedat
706 1553 744 1606 te.
756 1542 853 1624 Atqui
867 1541 900 1604 in
915 1541 1132 1624 probabilismo
1144 1562 1207 1606 non
1221 1549 1267 1606 est
1277 1545 1406 1608 verbum

131 1651 239 1694 ueros.
257 1635 372 1712 Ergo...
390 1667 429 1676 -
443 1633 456 1693 l
470 1632 574 1694 Thess.
591 1651 624 1706 1,
641 1636 699 1694 111
716 1632 764 1694 11
780 1633 864 1693 omni
874 1635 969 1714 specie
983 1630 1059 1692 moli
1072 1631 1216 1694 abstinete
1232 1652 1294 1692 111.
1311 1633 1404 1714 Atqui

131 1720 339 1800 pmbabilistae
353 1719 540 1801 permittunt
554 1719 640 1802 sequi
653 1722 778 1803 speciem
799 1719 883 1782 mali.
901 1723 1018 1800 Ergo...

172 1809 264 1890 Resp.
290 1814 323 1872 1ο
336 1829 344 1871 :
357 1809 536 1891 detorqueo.
560 1811 630 1871 llas
654 1809 738 1872 enim
760 1810 873 1891 objecta
892 1809 1054 1889 Scriptura
1071 1809 1150 1884 loca,
1172 1809 1215 1872 sic
1238 1809 1404 1884 intellecta,

132 1915 172 1960 ne
186 1897 403 1978 penuitterent
418 1897 544 1978 quidem
563 1914 656 1958 usum
674 1897 943 1979 probabiliorismi.
960 1902 1037 1961 Nam
1056 1897 1090 1960 in
1108 1897 1250 1979 opinione
1266 1896 1406 1979 probabi-

130 1985 202 2049 liori
225 1993 332 2050 contra
353 1985 450 2067 legem
471 1987 557 2048 adest
574 1987 741 2068 periculum
760 1985 924 2067 peccati...‚
947 1986 1070 2048 verbum
1088 2005 1151 2049 non
1169 2005 1315 2066 verum,
1337 2005 1408 2068 rpr-

127 2076 191 2138 1111
204 2075 316 2138 moli...
778 2079 780 2084 ’

172 2163 263 2246 Resp.
289 2169 323 2228 2⁰
349 2163 482 2226 Directe.
510 2163 563 2228 Ad
579 2164 715 2248 primum
732 2184 745 2226 .·
759 2163 863 2246 agitur
879 2163 925 2226 ibi
947 2165 984 2227 de
1001 2164 1230 2246 impoenitentia
1248 2162 1349 2238 finali,
1371 2169 1407 2225 ut

126 2257 219 2333 patet
233 2271 270 2314 ex
284 2259 427 2316 1111111111
440 2274 447 2315 :
466 2253 526 2316 Cor
539 2253 646 2316 durum
659 2253 778 2315 babebit
788 2254 867 2314 mole
881 2253 915 2314 in
925 2253 1105 2331 nouissimo,
1117 2263 1146 2314 11
1161 2256 1214 2334 qui
1231 2261 1313 2313 amat
1320 2254 1407 2334 peri-

125 2340 247 2410 culum,
265 2341 296 2402 ic
310 2341 360 2404 illo
370 2341 498 2426 peribit.
510 2344 638 2424 Insuper
651 2343 773 2405 nullum
787 2343 874 2405 adest
887 2341 1072 2422 periculum,
1094 2339 1149 2404 ubi
1165 2342 1288 2404 nullum
1302 2342 1406 2422 depre-

126 2429 283 2492 henditur
294 2438 461 2511 peceatum.

169 2519 224 2580 Ad
235 2519 394 2582 secuudum
405 2539 418 2582 .·
430 2521 560 2582 verbum
574 2539 668 2584 cerac
682 2521 761 2601 apud
776 2539 832 2583 nos
851 2527 897 2583 est
910 2519 1014 2602 ipsum
1028 2518 1215 2601 principium
1238 2519 1403 2592 reflexum,

128 2608 211 2689 quod
223 2607 307 2689 parit
320 2607 536 2672 certitudinem
550 2608 730 2690 practicam,
747 2615 777 2672 et
791 2609 917 2691 proinde
935 2616 1022 2672 actus
1036 2627 1074 2670 ex
1093 2627 1127 2670 eo
1141 2608 1260 2689 positus
1279 2607 1404 2670 veritati

127 2695 292 2760 conformis
306 2703 363 2760 est.

168 2785 223 2848 Ad
237 2785 359 2848 tertium
370 2805 382 2847 .·
396 2785 531 2849 abstinet
545 2805 563 2848 1
577 2785 674 2867 specie
687 2787 770 2848 mala
784 2787 838 2868 qui
852 2787 909 2849 hoc
922 2785 1054 2867 peragit,
1066 2785 1100 2848 in
1115 2804 1175 2867 quo
1187 2786 1309 2848 nullum
1319 2785 1403 2848 111111

124 2879 299 2956 peecatum;
317 2881 391 2938 tunc
404 2873 489 2938 enim
502 2893 556 2938 nec
565 2875 683 2958 peccati
694 2878 818 2958 speciem
832 2874 939 2938 cernit.

169 2969 219 3028 70.
236 3000 276 3009 -
293 2963 389 3046 Objir.
406 2967 440 3027 2⁰
455 2983 493 3026 ec
509 2966 584 3028 dure
601 2965 755 3026 conoru'co.
772 2966 894 3026 1111111
912 2963 1056 3026 canonico
1078 2963 1142 3026 hac
1161 2963 1264 3042 regula
1285 2963 1398 3045 passim

125 3051 282 3116 traditur:
299 3053 338 3115 Iu
352 3051 453 3114 dubiis
465 3073 540 3136 pars
556 3054 649 3115 tutior
671 3051 809 3134 eligenda
824 3061 877 3115 eet.
898 3052 947 3115 Sic
961 3052 995 3114 iu
1009 3070 1073 3133 cap.
1090 3051 1175 3115 lttud
1186 3051 1348 3130 Dominus,
1364 3053 1400 3115 de

124 3140 199 3204 cler.
216 3161 358 3205 excomm.

166 3230 258 3312 Resp.
273 3236 325 3294 1⁰:
341 3231 519 3315 detorqueo.
538 3230 569 3293 Si
587 3251 635 3295 res
652 3231 698 3294 ita
717 3231 773 3306 sit,
786 3233 853 3312 jam
867 3248 923 3294 nec
940 3229 998 3292 tibi
1010 3230 1136 3311 quidem
1150 3229 1220 3292 licet
1234 3230 1320 3312 sequi
1334 3227 1397 3309 opi-

122 3319 252 3382 nionem
270 3326 344 3382 utut
361 3319 593 3401 probabiliorem
612 3327 716 3384 eontra
734 3319 847 3399 legem,
863 3318 937 3400 quia
955 3336 1018 3380 non
1036 3325 1082 3381 est
1099 3322 1149 3382 viu
1168 3319 1272 3380 111111.
1288 3321 1396 3382 Consc-

121 3411 254 3490 quenter
277 3407 335 3470 tibi
358 3407 594 3490 confugiendum
616 3409 675 3471 erit
699 3410 737 3472 ad
760 3406 986 3471 tutiorismuru.
1011 3408 1067 3470 Sed
1095 3413 1230 3489 systema
1252 3405 1328 3468 illud
1351 3411 1397 3468 est

121 3497 320 3560 damnatum.
336 3497 415 3574 Quid
430 3497 526 3578 igitur
540 3496 649 3561 facies?
663 3501 711 3560 Tu
725 3496 849 3560 rideris.
1229 3575 1231 3580 Ι

164 3585 260 3667 Resp.
274 3589 309 3649 2⁰
322 3585 453 3648 Directe.
469 3585 581 3666 Agitur
598 3584 632 3648 in
651 3585 776 3667 prelata
796 3585 899 3665 regula
917 3583 954 3646 de
973 3583 1066 3647 dubio
1084 3583 1230 3666 practica,
1246 3599 1308 3644 non
1327 3599 1397 3644 vero

120 3675 161 3738 de
175 3674 270 3738 dubio
284 3674 483 3755 speculativo,
499 3675 535 3738 in
548 3694 609 3758 quo
623 3693 677 3756 ope
692 3673 780 3738 solidi
794 3672 904 3736 motivi
918 3672 1102 3736 conscientia
1117 3669 1270 3735 efformari
1284 3675 1394 3749 potest,

122 3763 172 3826 rel
190 3763 285 3826 etiam
304 3763 407 3844 agitur
425 3764 462 3826 do
480 3763 601 3826 casibus
619 3763 654 3826 in
677 3763 792 3846 quibus
806 3762 877 3826 finis
891 3767 937 3824 est
954 3761 1120 3824 necessario
1139 3758 1333 3822 obtinendus.
1351 3759 1396 3819 lta

120 3852 160 3916 S.
181 3852 265 3934 Lip„
285 3853 347 3934 obj.
369 3856 403 3928 l,
425 3853 480 3936 qui
497 3853 637 3916 eamdem
654 3853 806 3934 regulam,
823 3852 922 3933 quoad
941 3849 1036 3914 dubia
1056 3845 1254 3930 speculativa,
1270 3845 1307 3908 de
1325 3863 1394 3908 con-

119 3940 192 4004 silio
221 3947 344 4004 tantum
372 3959 451 4016 esse,
476 3959 539 4006 non
562 3951 667 4006 autem
691 3943 727 4006 de
750 3947 913 4022 precepto,
939 3943 969 4004 S.
995 3935 1145 4002 Antonini
1171 3939 1202 3997 et
1224 3933 1393 3998 multorum

119 4028 256 4093 aliorum
269 4033 433 4093 Doctorum
446 4031 627 4094 auctoritate
641 4031 786 4094 ostendit.
1369 4043 1372 4050 '

166 4117 264 4202 Objic.
281 4117 313 4179 3⁰
326 4137 364 4180 111
376 4118 531 4180 Patribus.
548 4118 745 4183 Prolemntur
761 4119 859 4182 multa
874 4121 1000 4182 Petrum
1014 4111 1270 4194 testimoniaque
1286 4113 1391 4194 proba-

117 4206 292 4270 biliorismo
304 4206 485 4287 patrocinari
500 4207 653 4282 ridentur,
670 4208 750 4290 apud
769 4207 882 4286 Callet,
898 4205 1049 4276 canuno,
1066 4199 1217 4279 1111111111,
1232 4206 1288 4266 111.

160 4295 251 4378 resp.
274 4301 306 4358 1ο
322 4315 330 4357 :
346 4295 461 4359 Eadem
479 4295 520 4358 sit
538 4295 694 4376 responsio
717 4296 881 4376 generalis,
900 4312 935 4356 ac
954 4291 989 4354 11
1012 4287 1176 4371 objectione
1198 4291 1390 4372 precedenti.

117 4386 304 4466 Plerumque
321 4384 406 4448 enim
415 4388 523 4458 ¹Patres
537 4384 706 4466 loquuntur
721 4385 757 4448 de
771 4383 891 4448 casibus
905 4376 1137 4462 particularibus
1149 4379 1237 4444 dubii
1255 4379 1389 4462 practici,

115 4473 170 4539 111
183 4472 238 4536 ubi
251 4473 323 4536 finis
335 4472 502 4538 necessario
516 4471 698 4536 obtinendus
715 4477 770 4536 est.
