3202 5020
196 255 260 316 126
738 263 944 308 raacrarns

237 385 337 458 Quam
352 378 487 441 marime
498 375 665 458 pericnfosa
680 381 725 438 est
742 375 920 438 istiusmodi
934 374 1133 450 conscientia,
1149 379 1186 438 ut
1199 375 1372 438 attendenti
1385 375 1471 440 facilc

195 478 294 554 patet,
310 468 496 550 proindeque
512 464 632 527 animas
644 464 745 546 injicit
758 463 792 526 in
806 465 886 526 vatam
901 464 1009 543 lotam,
1024 483 1090 546 que
1100 464 1185 526 ducit
1196 464 1237 524 cd
1254 465 1468 547 perditionem.
1583 507 1584 520 2

235 557 407 640 'iripiiciter
420 553 571 633 distingui
585 559 699 634 potest,
714 553 845 615 scilicet:
863 558 894 616 1ο
908 552 1094 616 conscientia
1109 552 1181 614 laea
1194 553 1384 635 armplm'ter,
1400 572 1471 634 quae

194 648 293 712 tendit
319 648 357 708 ad
380 644 552 707 libertatem
576 643 646 722 plus
670 661 756 722 aquo
775 643 1014 718 extendendam
1035 647 1067 704 2⁰
1086 641 1270 704 conscientia
1286 645 1468 718 cauteriata,

194 756 264 820 quaa
277 753 314 798 ex
330 735 478 797 diuturno
491 732 634 813 peccandi
647 731 758 808 habitu¹
776 738 898 811 peccata
922 731 1042 812 gravia,
1059 731 1137 811 quin
1155 730 1249 792 etiam
1268 730 1467 810 gravissima,
1583 731 1584 796 1

195 826 286 890 nihili
300 822 422 904 pendit;
436 819 938 902 3011111111111111111111,11111
949 839 1061 900 magna
1070 819 1172 900 parvi,
1185 825 1215 882 et
1224 819 1362 882 vicissim
1374 838 1471 900 parva
1583 871 1584 898 ÷

194 914 300 995 magni
313 912 395 975 facit.
412 915 528 974 Nomen
543 909 629 972 ducit
643 927 679 970 ex
692 908 868 985 PharisaeiS,
881 909 935 990 qui
948 909 1130 989 gratissima
1138 907 1212 986 legis
1227 910 1374 971 mandata
1387 927 1470 989 sper·
1583 899 1584 978 1

193 1005 324 1079 nebant,
341 1003 418 1064 dum
433 1019 493 1062 non
507 999 577 1061 lotis
593 996 738 1059 manibus
754 999 982 1072 manducando,
994 997 1141 1060 inanesve
1153 997 1331 1060 traditiones
1345 1004 1471 1078 praeter-

192 1095 308 1166 eundo,
323 1110 355 1153 se
368 1089 474 1169 magni
487 1087 599 1169 peccati
613 1105 678 1148 reos
692 1086 930 1149 existimassent.

233 1189 283 1246 50.
300 1216 341 1226 -
354 1181 426 1254 Qua
440 1177 479 1240 ad
493 1175 710 1238 conscientiam
723 1175 826 1238 lanam
840 1176 1010 1256 generatim
1022 1174 1254 1256 pertinent‚his
1268 1175 1373 1256 paucis
1385 1195 1470 1240 eom·
1526 1170 1531 1179 ’
1583 1223 1584 1246 1

191 1271 409 1424 Ριῗιέξὲἱῗπ
423 1356 473 1418 ille
486 1360 601 1436 peccat,
618 1353 673 1434 qui
692 1354 821 1416 scienter
836 1354 912 1417 laxae
930 1355 1123 1418 conscientia
1138 1355 1320 1435 obsequens,
1338 1361 1470 1418 temera-

192 1450 238 1512 ria
251 1445 476 1511 inadvertentia
489 1445 585 1524 legem
602 1443 738 1524 aliquam
756 1444 791 1506 in
810 1461 843 1506 re
862 1443 947 1522 gravi
966 1443 1201 1524 transgreditur.
1218 1447 1257 1506 Et
1272 1462 1344 1505 sane
1356 1445 1472 1524 hujus·
1583 1495 1584 1528 q

192 1537 276 1600 modi
297 1534 487 1616 ignorantia,
508 1537 614 1614 utpote
640 1531 827 1607 voluntaria,
851 1531 937 1595 facile
959 1533 1096 1614 superari
1119 1539 1246 1613 potest:
1272 1550 1341 1612 ergo
1367 1531 1470 1613 ipsius

191 1624 372 1706 ignorantiae
385 1628 536 1704 pretextu
550 1640 568 1682 1
582 1626 702 1702 peccato
716 1620 820 1683 lethali
835 1621 974 1684 excusari
988 1622 1107 1703 nequit.

229 1717 266 1776 II.
282 1717 348 1776 imo
363 1712 496 1793 graviter
509 1710 603 1773 etiam
616 1710 652 1772 in
666 1728 697 1772 re
711 1710 771 1773 levi
782 1728 900 1790 peccare
913 1716 1028 1790 potest,
1046 1711 1072 1772 si
1084 1729 1141 1774 sua
1153 1711 1244 1774 illum
1259 1711 1416 1774 temeritas
1430 1713 1470 1774 ad

189 1805 358 1884 agendum,
384 1800 492 1882 quovis
513 1799 679 1862 dictarune
701 1799 907 1878 praetermisso
931 1805 962 1862 et
984 1806 1159 1880 contempto
1182 1801 1331 1880 impellat.
1357 1800 1472 1863 Confer
1583 1885 1584 1888 Ἴ

190 1911 258 1972 quae
272 1891 409 1954 diximus
422 1907 514 1969 supra
528 1879 762 1950 de'conscientia
776 1886 885 1961 11111111,
904 1887 1003 1962 Quoer.
1017 1893 1058 1964 1⁰,
1074 1909 1105 1950 n.
1124 1893 1174 1953 13.

229 1984 332 2057 Quae.
351 1979 494 2054 Quoeoom
508 1978 567 2038 sciat
579 1977 761 2038 conscientie
776 1976 855 2038 lusce
869 1995 978 2052 cause,
997 1977 1117 2057 effectus
1132 1987 1162 2038 et
1176 1977 1325 2040 remedia?

229 2070 319 2150 Resp.
336 2067 377 2130 cd
389 2068 525 2149 primum
544 2085 556 2128 .·
574 2069 678 2129 Causae
697 2072 772 2127 sunt
794 2064 919 2127 omissio
939 2065 1100 2141 orationis,
1118 2066 1215 2130 animi
1237 2074 1331 2148 tepor,
1353 2067 1468 2131 sollici-

188 2159 264 2220 tudo
279 2156 378 2219 nimie
387 2154 618 2236 temporalium,
631 2161 723 2235 atque
730 2153 872 2234 peccandi
883 2155 1083 2229 consuetude,
1098 2173 1167 2237 quae
1179 2155 1292 2236 peccati
1306 2157 1468 2219 horrorem

188 2247 284 2320 tollit,
299 2243 492 2307 familiaritas
507 2261 579 2304 cnm
592 2243 772 2306 hominihus
787 2241 922 2320 vitiosis,
939 2243 1004 2306 vita
1017 2243 1133 2321 mollia,
1150 2262 1218 2326 que
1233 2263 1283 2306 cor
1294 2251 1420 2307 enervat
1435 2253 1469 2309 et

188 2355 207 2396 1
220 2333 311 2398 rebus
324 2331 536 2414 spirituaiibus
550 2332 672 2395 avertit.

228 2423 319 2503 Resp.
336 2421 376 2482 ed
388 2420 557 2484 secondum.
575 2420 707 2483 Effectus
729 2425 803 2483 sunt
819 2419 935 2484 caecitas
955 2419 1083 2498 mentis,
1105 2421 1233 2484 durities
1252 2422 1364 2496 cordia,
1381 2424 1468 2503 quod

188 2511 241 2576 rix
255 2511 327 2574 uilis
341 2509 450 2572 mediis
464 2509 581 2571 mereri
598 2509 688 2586 solet,
704 2509 865 2572 obduratio
874 2510 909 2572 in
922 2511 1001 2572 malo
1011 2529 1079 2592 quae
1091 2528 1253 2572 summum
1264 2510 1370 2573 salutis
1386 2512 1467 2590 peri-
1583 2517 1584 2600 1

187 2602 293 2664 cadum
305 2598 441 2674 inducit,
451 2601 543 2679 juata
556 2597 631 2659 illud
645 2599 750 2679 Apost.
768 2598 854 2660 Rom.
868 2617 909 2673 11,
926 2604 945 2662 ὅ
962 2618 969 2660 :
986 2597 1155 2660 Secundum
1169 2599 1425 2672 duritiomtaom,
1438 2610 1469 2662 et
1583 2645 1584 2662 1

188 2689 372 2772 impaenitens
385 2708 447 2764 cor,
466 2685 650 2748 rtesaereas
664 2687 722 2748 tibi
739 2689 812 2748 irem
827 2688 860 2748 in
873 2688 921 2750 die
935 2691 999 2749 ire.

226 2779 316 2860 Besp.
333 2777 374 2838 cd
388 2779 509 2838 tertium
524 2775 691 2840 :Remedia
706 2775 864 2858 sequentia
877 2775 960 2838 inter
973 2777 1034 2839 alia
1049 2777 1177 2858 proponi
1188 2785 1319 2859 possunt
1335 2779 1467 2840 :humi-

185 2865 224 2928 lis
248 2872 279 2927 et
299 2866 422 2929 assidua
441 2863 554 2940 oratio;
571 2883 656 2926 sacra
673 2865 830 2941 exercitia;
850 2863 903 2945 pia
922 2863 1164 2928 novissimorum
1182 2867 1357 2942 meditatio,
1368 2870 1467 2948 juxta
1583 2901 1584 2924 1

186 2954 263 3016 illud
277 2953 375 3018 Eceti.
391 2971 452 3030 ru,
468 2957 508 3016 10
523 2970 530 3014 :
547 2952 715 3016 Memorare
728 2954 889 3015 1111111111
902 2961 969 3031 tue,
983 2961 1013 3014 et
1029 2954 1062 3014 c'u
1075 2963 1220 3017 aeteruum
1235 2975 1293 3016 non
1308 2955 1468 3037 peccabis;

186 3041 327 3122 frequens
341 3041 464 3122 piorum
474 3041 625 3103 librorum
635 3042 736 3118 lectio;
751 3041 933 3122 quotidiana
944 3042 1134 3106 conscientiae
1143 3043 1307 3119 discussi0;
1319 3063 1465 3107 recursus

185 3130 327 3211 frequens
341 3130 379 3195 ad
393 3128 586 3194 Paenitentia
605 3136 847 3207 sacramentum
866 3131 1019 3193 malorum
1038 3130 1125 3211 fuga,
1141 3139 1172 3195 et
1185 3132 1374 3196 conversatio
1388 3150 1464 3196 cum

184 3219 285 3282 honis.

694 3413 868 3524 carus
900 3411 956 3487 rr

328 3611 379 3662 DE
404 3609 679 3662 CONSCIENTIA
704 3609 932 3661 PROBABILI
957 3611 1007 3662 ΕΤ
1033 3609 1309 3662 IMPROBABILI

220 3799 543 3951 Dlessrlffustagendum
559 3804 620 3872 est,
637 3797 774 3861 scilicet:
793 3803 825 3860 1ο
838 3797 875 3859 de
888 3804 1015 3872 natura,
1034 3802 1066 3860 2⁰
1079 3799 1116 3861 de
1132 3797 1276 3873 efficacia,
1292 3805 1324 3863 3⁰
1344 3800 1381 3864 de
1396 3819 1461 3864 usu

181 3906 235 3968 pro
256 3907 274 3950 a
319 3895 363 3950 ata
379 3907 419 3951 rs·

694 4049 905 4112 ARTIGULUS
929 4034 957 4110 1‘

592 4217 629 4263 DE
650 4215 773 4264 Nareae
792 4219 1039 4265 PROBABILITATIS

216 4372 267 4432 51.
292 4401 333 4414 -
355 4364 463 4448 Opinio
480 4367 516 4430 in
539 4385 647 4448 genere
672 4371 718 4428 est
741 4383 883 4429 assensus
906 4363 940 4428 in
970 4367 1155 4428 alterutrum
1185 4383 1257 4429 curn
1285 4365 1453 4431 formidine

174 4455 321 4610 ἓῆξῖἱεὲιεὴ
338 4475 392 4519 seu
405 4462 451 4518 est
469 4455 601 4520 adhasio
620 4455 760 4519 alterutri
774 4475 790 4518 e
805 4455 926 4519 duobus
941 4453 1184 4518 contradictoriis
1199 4473 1272 4518 cum
1286 4454 1456 4520 formidine
