3206 5024
511 209 555 256 nn
574 209 776 256 rnncnrrrs
796 209 974 256 accursus
1316 199 1384 260 369

147 327 182 386 5⁰
196 322 246 385 Ad
263 321 450 404 quaesitum:
469 319 577 386 Utrum
598 321 635 382 iis
650 324 714 404 qui,
735 323 855 382 ratione
868 321 966 383 etatis
982 329 1012 383 et
1028 321 1159 396 laboris,
1168 321 1311 403 jejunare
1323 343 1385 385 non

103 419 257 489 tenentur,
266 430 301 473 ac
310 418 474 492 propterea
486 412 570 471 toties
584 412 702 492 quoties
713 427 805 472 carne
819 412 899 471 uesci
911 408 1016 472 dicbus
1027 407 1141 471 indulti
1148 413 1280 492 possint,
1290 415 1389 494 equi·

101 498 242 584 parandi
255 502 319 561 sint
332 498 393 582 qui,
410 499 528 560 ratione
541 497 675 581 infirmes
688 497 882 575 valetudinis,
900 498 1047 579 aiejunio
1059 509 1250 578 excusantur,
1265 500 1340 563 adea
1350 507 1386 562 ut

103 588 171 652 iilis
182 607 297 670 quoquc
307 586 429 670 pluries
442 590 475 648 in
486 585 533 648 die
546 590 628 649 uesci
642 587 782 650 carnibus
798 585 905 648 liccatt

148 675 184 741 S.
200 676 433 738 Panitenttaria
446 674 599 756 (iblunii
610 675 707 757 1863)
722 693 816 752 resp:
826 677 894 738 Non
908 674 1100 757 equiperari.

149 767 217 828 Non
235 764 475 847 aequipnrantur,
497 781 531 827 eo
550 763 632 844 quod
652 763 789 827 excusati
812 769 935 844 propter
954 769 1077 827 etatem
1101 770 1131 827 et
1150 763 1286 827 laborem
1306 762 1385 828 cibis

109 851 217 918 vetitis
229 854 275 916 uti
287 852 406 934 possint
420 852 622 926 solummodo,
638 857 731 932 prout
741 870 796 932 per
808 850 967 915 indultum
978 851 1351 932 permittuntur;ind1mi
1368 871 1386 916 e

108 945 233 1017 contre,
251 945 342 1024 juxte
367 944 483 1004 stolum
506 939 635 1022 propriu
656 939 841 1004 valetudinis
864 944 894 1004 et
916 939 1028 1003 medici
1051 939 1216 1022 judicium.
1241 977 1283 988 —
1306 942 1386 1005 Acta

111 1031 151 1094 8.
170 1029 270 1109 Sedes,
285 1031 344 1092 coi.
360 1031 388 1104 Ι,
399 1050 435 1112 p.
451 1033 523 1105 111,
537 1037 600 1090 not.
616 1033 646 1092 2.
663 1027 743 1092 Hine

152 1124 186 1184 6ο
199 1119 247 1182 Ad
258 1117 425 1200 quaesitum
437 1119 505 1181 :Aa
519 1121 545 1179 ii
559 1117 614 1200 qui
626 1120 748 1180 ratione
759 1117 878 1197 affecte
890 1115 1106 1180 valemdinisa
1122 1117 1185 1202 lepc
1193 1118 1315 1201 jejunii
1325 1117 1386 1181 dis·

108 1208 233 1291 pensati
243 1217 326 1282 sunt,
335 1207 454 1290 posunt
468 1207 506 1268 iis
520 1206 637 1284 diebus,
651 1203 762 1288 quitus
772 1225 830 1288 per
843 1205 996 1268 indultum
1009 1225 1075 1269 esus
1088 1211 1225 1270 carnium
1236 1226 1389 1271 concessus

110 1306 168 1374 est,
183 1297 294 1380 saepius
305 1315 362 1379 per
375 1294 454 1358 diem
467 1294 609 1358 canibus
622 1293 720 1358 uesci?

154 1383 190 1448 8.
206 1385 439 1454 Poenitmtiaria
453 1384 520 1464 (die
532 1383 695 1448 leartii
708 1383 816 1464 tuse),
830 1400 926 1466 resp:
935 1381 1137 1447 Affirmative.

157 1479 190 1538 '1⁰
202 1475 250 1538 Ad
266 1473 453 1556 quesitum:
470 1471 579 1536 Utrum
591 1473 630 1547 ii,
643 1475 697 1555 qui
714 1472 833 1534 ratione
850 1472 951 1533 estatis
971 1473 1019 1534 cci
1037 1470 1151 1533 laboris
1167 1471 1308 1554 jejunare
1329 1491 1390 1536 nan

116 1569 270 1639 tenentur,
285 1562 489 1642 subjiciantur
510 1561 571 1644 lcpi
593 1560 629 1624 de
651 1580 713 1624 non
728 1559 945 1643 permisccndis
964 1561 1060 1644 epulis
1078 1561 1179 1622 carnis
1197 1569 1227 1622 et
1241 1561 1373 1643 piscium
1378 1607 1389 1642 ,

116 1671 185 1715 cum
199 1671 258 1734 per
268 1651 426 1714 Indultum
440 1669 545 1713 corrues
556 1647 800 1732 permittuntur?

160 1738 195 1804 8.
209 1740 448 1802 Poenitentiaria
462 1739 527 1820 (die
547 1743 585 1803 13
603 1738 770 1802 Februarii
787 1738 882 1820 1831)
895 1736 1071 1820 respondit:
1082 1737 1225 1802 consulat
1237 1736 1392 1821 (qunque)

122 1829 265 1910 probatos
279 1831 434 1892 Auctorcs.

161 1922 252 1981 Porro
271 1917 329 1980 bne
347 1917 384 1979 de
402 1934 435 1980 re
455 1915 691 1979 controvertitur
707 1915 790 1978 inter
809 1914 974 1994 theologos.
991 1912 1054 1977 Alii
1070 1915 1179 1978 docent
1192 1914 1260 1978 illos
1273 1931 1394 1996 quoque

120 2005 247 2088 subjici;
270 2023 345 2068 num
366 2004 431 2077 lex,
457 2004 633 2086 qualitatem
654 2005 793 2068 ciborum
815 2001 994 2084 respiciens,
1017 2020 1123 2066 omncs
1149 2001 1277 2067 rationis
1300 2021 1394 2066 ustun

120 2096 247 2176 adeptos
260 2093 390 2172 obliget,
403 2093 476 2156 adeo
491 2099 543 2169 ut,
556 2091 583 2155 si
595 2081 756 2156 Indultum
769 2110 832 2156 non
849 2098 938 2166 esset,
957 2091 1053 2154 etium
1065 2090 1110 2154 illi
1121 2110 1140 2154 n
1152 2090 1296 2154 carnibus
1308 2091 1395 2154 debe

119 2190 192 2247 rent
205 2179 358 2244 abstinere
370 2201 378 2243 :
392 2182 474 2245 unde
492 2186 557 2244 tota
577 2181 738 2244 diversitas
759 2199 793 2244 cc
816 2186 941 2244 tentum
958 2180 1096 2261 respicit,
1113 2185 1150 2242 ut
1170 2198 1240 2261 qum
1253 2198 1316 2243 uns
1330 2179 1395 2244 vice

119 2269 277 2336 comedere
297 2275 426 2350 possunt
442 2272 632 2351 jejunantes,
648 2288 683 2332 ee
698 2269 783 2332 ton'es
796 2270 909 2351 quotr'es
923 2268 1086 2343 voluerint,
1103 2267 1225 2330 valeant
1242 2269 1396 2332 comedere

119 2379 141 2422 u
148 2357 268 2440 jejunio
282 2357 426 2438 exempti.
437 2357 499 2420 Alii
509 2376 591 2431 vcro,
601 2356 716 2438 quibus
730 2357 898 2421 subscribit
910 2356 1061 2438 Ripbetti,
1074 2356 1262 2420 contrarium
1276 2363 1394 2433 tenent,

120 2463 198 2510 num
212 2445 376 2528 Encyclicae
391 2446 504 2510 Bened.
519 2446 611 2524 XIV,
623 2446 737 2528 quibus
751 2465 786 2508 es
798 2445 908 2509 mixtio
922 2445 1112 2526 prohibetur,
1125 2445 1163 2508 dc
1174 2445 1246 2508 solis
1253 2447 1397 2527 jejunen-

123 2535 211 2598 tibus
226 2534 415 2615 loquuntur:
428 2552 498 2615 ergo
512 2553 574 2598 non
589 2536 670 2598 ultra
687 2541 761 2598 sunt
772 2535 984 2609 extendendae;
998 2533 1135 2616 alioquin
1147 2533 1174 2597 si
1186 2533 1281 2598 nimis
1295 2540 1397 2598 essent

121 2623 277 2703 urgendis,
287 2641 306 2684 a
313 2622 430 2704 jejunio
442 2623 628 2704 dispensatis
639 2621 673 2686 in
688 2622 779 2686 unica
789 2629 913 2685 tantum
924 2621 1107 2686 comestione
1119 2630 1222 2686 essent
1234 2622 1396 2703 indulgen-

122 2711 170 2774 dae
183 2729 298 2785 cernes,
310 2729 382 2774 cum
395 2713 488 2776 semel
504 2717 628 2774 tantum
646 2711 691 2774 ibi
709 2729 814 2774 cernes
827 2711 1056 2791 indulgeantur.
1065 2745 1106 2760 -
1120 2709 1256 2790 Scauini,
1273 2711 1357 2794 App.
1371 2729 1395 2776 11

121 2800 155 2861 in
168 2799 230 2881 fine
242 2799 302 2862 nol.
317 2802 330 2862 l
347 2809 368 2861 ¹.

164 2891 233 2952 515.
248 2924 287 2933 -
297 2893 331 2951 8⁰
342 2889 390 2952 Ad
405 2887 571 2970 quesitum
583 2907 591 2949 :
611 2887 720 2952 Utrum
732 2887 835 2970 fideles
848 2887 1012 2970 dispensati
1025 2907 1044 2949 a
1059 2887 1122 2968 lepc
1133 2887 1321 2953 abstinentie
1334 2889 1396 2954 die·

120 2976 174 3039 bus
195 2977 314 3040 Veneris
326 2986 355 3040 et
372 2976 513 3054 Sabbati,
529 2975 705 3040 decurrente
724 2997 819 3052 anno,
834 2975 953 3059 mando
971 2995 1032 3038 non
1049 2985 1137 3059 urpct
1156 2976 1396 3062 oblipctiojeju-

121 3065 184 3140 nii,
201 3070 278 3128 uesci
290 3068 411 3148 possint
420 3063 555 3148 piscibus
570 3065 663 3126 simui
674 3075 703 3128 et
715 3063 876 3127 carnibus?
889 3064 951 3146 (Ex
961 3062 1063 3128 itslico
1074 3065 1263 3149 exemplari.)

165 3154 201 3217 S.
215 3154 448 3217 Poent'tcntiaria
459 3153 520 3234 (dic
533 3157 572 3218 15
585 3153 658 3216 Feb.
676 3154 782 3235 1831),
789 3153 950 3236 proposito
962 3152 1053 3215 dubia
1065 3153 1227 3235 dilipentcr
1236 3175 1393 3238 perpenso,

119 3245 265 3326 [actaque
276 3245 423 3306 relatione
438 3241 634 3306 &urendum
647 3240 777 3306 Domino
795 3241 942 3324 Greyorio
956 3240 1047 3322 XVI,
1060 3241 1097 3304 dc
1107 3242 1199 3324 ipsius
1214 3243 1396 3307 Sanctitatis

121 3332 198 3397 Sua
210 3333 366 3410 mandato,
380 3330 560 3414 respondet:
573 3330 727 3395 Permitti.

162 3426 194 3486 9⁰
205 3421 253 3483 Ad
264 3421 450 3502 quesitum:
470 3419 577 3484 Utrum
586 3419 691 3484 diebus
699 3421 817 3500 jejunii
831 3427 961 3502 ternpore
974 3419 1139 3497 Adventus,
1151 3441 1171 3482 a
1181 3419 1240 3482 Pio
1259 3419 1303 3483 VI
1310 3439 1395 3503 prce·

119 3510 244 3593 scripti,
256 3510 413 3592 permissis
428 3518 528 3571 tamen
545 3508 721 3580 lacticiniis,
735 3513 781 3586 ci,
794 3511 843 3572 cui
858 3518 992 3592 propter
1012 3509 1223 3592 infirmitatem
1238 3508 1338 3571 licitus
1351 3518 1395 3572 est

122 3617 189 3662 esus
199 3602 352 3674 carnium,
366 3597 527 3661 interdicta
540 3602 582 3660 sit
588 3599 805 3680 promiscuitus
819 3598 920 3661 carnis
935 3619 971 3662 ac
982 3595 1129 3681 piscium?

165 3687 201 3751 S.
215 3687 447 3750 Poenitcntiam'a
461 3687 527 3767 (die
544 3687 649 3752 blan.
667 3687 762 3768 1831)
774 3687 929 3770 respondit
941 3707 954 3750 .·
971 3683 1178 3761 Affirmntive,
1202 3703 1312 3768 nempe
1333 3704 1395 3750 non

121 3776 213 3840 licere
227 3775 378 3858 ejusmodi
388 3774 661 3857 promisctutstem.
1118 3823 1121 3828 .

152 4011 162 4046 ¹
179 4012 276 4062 Verum
289 4008 429 4075 postulanti
441 4008 523 4074 Epist.
536 4007 685 4060 bolonensi:
702 4009 791 4058 Utrum
804 4007 934 4075 oblipatic
945 4007 977 4058 dc
990 4021 1043 4058 non
1056 4006 1198 4058 miscendis
1208 4006 1327 4073 piscibus
1340 4021 1398 4059 cum

122 4095 204 4133 carne
214 4081 306 4132 dicbus
318 4079 544 4146 Quadrapcsimoe,
559 4081 677 4146 attingat
689 4081 836 4146 omnesqui
847 4081 873 4130 ui
885 4079 988 4130 induiti
1001 4077 1126 4129 carnibus
1138 4079 1205 4128 uesci
1216 4083 1341 4144 passum,
1360 4077 1400 4129 uei

122 4151 285 4203 solummodo
299 4167 342 4202 cos
355 4152 402 4217 qui
409 4151 538 4217 jejunant
549 4151 563 4202 1
574 4153 600 4202 S.
612 4153 642 4202 n.
656 4153 681 4202 st
693 4152 740 4202 Un.
753 4150 865 4216 Inquis,
879 4151 921 4202 dic
942 4156 973 4202 11
989 4151 1048 4201 lun.
1067 4155 1142 4211 1875,
1160 4148 1305 4214 respondit:
1321 4150 1401 4215 Affir-

122 4225 220 4274 mative
232 4223 316 4288 quoad
327 4229 377 4274 tum
390 4227 488 4288 purtem
499 4237 507 4284 3
520 4222 639 4287 necetius
650 4221 735 4288 quoad
747 4227 798 4272 tam
809 4226 924 4287 purtcm3
937 4225 962 4272 et
973 4221 1048 4272 detur
1059 4220 1189 4271 decretum
1201 4227 1230 4274 et
1242 4222 1316 4273 usn.
1329 4225 1400 4283 1811,

122 4307 217 4360 nempe
231 4295 264 4346 ad
275 4293 383 4345 dubium
394 4309 401 4343 ε
413 4295 453 4346 An
468 4291 510 4344 lca
522 4293 554 4343 de
566 4307 620 4344 non
628 4293 819 4359 penniscendis
829 4293 928 4358 epuiis,
940 4307 983 4343 ecs
993 4292 1073 4342 etiam
1085 4293 1225 4358 respiciat,
1237 4293 1283 4357 qui
1293 4291 1331 4343 cd
1341 4293 1403 4344 uni·

123 4381 185 4418 cam
197 4367 375 4416 comestionem
387 4378 440 4414 non
452 4365 587 4426 tenentur,
600 4365 642 4415 uti
647 4365 759 4430 juvenes
770 4366 913 4430 antequam
925 4362 1032 4414 tertium
1044 4361 1231 4428 compleverint
1240 4364 1404 4428 septennium

124 4436 228 4502 aliiqsce
236 4433 438 4487 rationabiliter
446 4434 481 4486 ab
491 4435 582 4486 eadem
590 4437 710 4488 cacuscti
718 4434 749 4486 cb
760 4435 943 4502 impotentiam
953 4434 994 4484 uel
1003 4433 1213 4486 tciuemtnnet
1223 4433 1404 4488 decreverunt:

132 4509 194 4562 Non
206 4507 293 4562 dcere.

208 4605 279 4648 dorm.
290 4625 317 4636 ·-
335 4603 396 4650 'born
411 4603 433 4648 1.
1298 4591 1330 4642 2⁴
