3168 5002
227 187 270 247 38
650 199 774 246 snmus
801 197 1074 244 cuaououocrcs

262 309 307 367 lt.
327 311 400 367 Dare
424 308 578 382 temporale
598 324 648 382 pro
669 307 814 382 spirituali
834 324 891 364 nun
910 309 955 365 est
974 308 1110 378 simonia,
1129 308 1242 381 quaudo
1266 309 1422 382 temporale
1438 327 1500 368 non

227 391 311 448 datur
329 393 465 462 tanquam
486 390 624 462 pretium,
646 389 696 445 sed
715 389 864 445 dumtaxat
884 389 1021 461 tanquam
1039 389 1177 446 motivum
1197 389 1359 446 conferendi
1374 389 1419 447 vel
1436 392 1501 448 effi·
1575 397 1576 450 l

227 470 321 528 ciendi
341 467 507 543 spirituale,
522 467 567 525 vel
582 469 671 525 etlam
684 469 797 541 quaudo
815 466 972 541 temporale
990 469 1029 524 sit
1043 467 1135 525 solum
1156 469 1280 540 gratuita
1301 472 1498 543 compensatio

227 567 277 626 pro
293 547 439 622 spirituali
458 550 508 606 aut
520 566 536 605 e
549 550 657 606 contra.
1575 551 1576 584 ;

261 636 306 694 lo.
326 637 361 694 Et
382 636 411 692 id
433 652 544 710 quoque
561 635 657 693 locum
676 635 775 704 habet,
801 634 916 692 etiamsi
942 634 1097 709 temporale
1117 636 1156 692 sit
1173 636 1331 711 principale
1354 640 1498 695 motivum

226 715 313 774 dandi
329 714 493 790 spirituale,
513 717 570 772 imo
585 715 700 772 etiamsi
714 716 753 772 sit
766 715 833 771 finis
847 715 942 787 ipsius
956 716 997 771 rei
1016 714 1192 789 spiritualis,
1209 717 1251 773 sic
1266 719 1297 774 ut
1312 717 1383 774 illud
1401 717 1498 792 pluris

225 798 385 854 aestimetur
399 813 485 869 quam
499 813 545 854 res
560 794 730 870 spiritualis.
1575 801 1576 832 l

261 885 306 941 ll.
327 885 397 942 Cum
418 883 491 940 dixit
514 882 671 941 Concilium
690 883 888 940 Tridentinum
910 897 959 940 eos
981 882 1085 939 alienis
1104 884 1229 956 peccatis
1251 887 1498 944 communicantes

226 964 385 1021 mortaliter
399 980 530 1038 peccare,
547 964 607 1036 qui,
624 965 681 1020 uisi
697 980 769 1036 quos
783 963 929 1034 digniores
944 965 973 1018 et
985 962 1122 1020 Ecclesiae
1138 964 1231 1035 magis
1246 964 1334 1021 utiles
1349 966 1407 1039 ipsi
1417 967 1500 1038 judi·
1575 971 1576 1033 l

226 1044 366 1114 caverint,
381 1044 416 1100 ad
428 1044 572 1101 Ecclesiae
587 1045 770 1118 promovent;
785 1042 943 1100 Concilium
955 1042 1001 1099 vel
1017 1044 1107 1116 primo
1119 1043 1233 1100 videtur
1247 1061 1297 1119 per
1309 1045 1362 1102 hoc
1377 1045 1501 1118 dipaaa'o-
1575 1047 1576 1116 l

226 1139 347 1180 resnou
366 1123 445 1181 aliud
464 1124 627 1196 significare
641 1124 731 1194 velle,
751 1125 810 1180 nisi
831 1123 1000 1194 dignitatem
1019 1121 1230 1194 eligendorum,
1249 1128 1362 1201 sumpto
1383 1141 1501 1200 compa·
1575 1123 1576 1190 l

227 1205 319 1261 rativo
333 1219 383 1278 pro
403 1204 541 1277 positivo,
556 1205 603 1261 vel
624 1204 749 1262 secundo
767 1204 911 1260 locutione
930 1203 1027 1259 minus
1046 1203 1159 1276 propria
1175 1204 1255 1278 ponit
1274 1204 1445 1278 dipatorcs,
1467 1208 1501 1263 ut
1575 1193 1576 1258 l

228 1284 361 1341 excludat
382 1284 528 1355 indignos,
553 1299 610 1341 non
630 1301 697 1341 vero
716 1284 834 1355 dignos3
851 1283 896 1339 vel
915 1281 1029 1338 taudem
1053 1282 1180 1355 loquitur
1203 1284 1301 1355 tertio,
1326 1286 1440 1358 quando
1466 1287 1501 1345 fit

229 1379 395 1421 concursus.
1575 1373 1576 1404 ³

263 1449 308 1508 f8.
328 1454 397 1509 Tam
415 1451 524 1508 clarum
538 1451 652 1509 ridetur
666 1451 882 1508 fornicationem
897 1448 1054 1507 secundum
1070 1466 1102 1507 se
1120 1449 1230 1507 nullam
1249 1451 1394 1509 involvere
1414 1453 1500 1510 mali·
1575 1461 1576 1518 l

227 1532 312 1602 tiam,
324 1533 353 1588 et
372 1531 464 1588 solum
479 1547 544 1589 esse
560 1530 681 1601 malam,
697 1533 764 1605 quia
776 1530 943 1600 interdicta,
959 1531 992 1587 ut
1005 1531 1180 1588 contrarium
1190 1532 1306 1588 omuino
1319 1532 1423 1590 rationi
1439 1534 1500 1591 dis·
1575 1531 1576 1574 l

227 1627 329 1670 sonum
343 1611 483 1669 videatur.

262 1699 307 1756 f9.
327 1697 462 1757 Mollities
478 1701 543 1772 jure
560 1700 669 1755 naturae
687 1699 831 1772 prohibite
848 1713 904 1755 non
922 1700 976 1754 est.
998 1697 1092 1768 Unde,
1109 1698 1225 1756 sibeos
1247 1715 1311 1756 eam
1330 1716 1386 1756 non
1407 1701 1499 1758 inter·
1575 1679 1576 1774 l

227 1779 364 1849 dixisset,
380 1795 457 1852 saepe
468 1780 546 1836 esset
559 1779 646 1848 bone,
662 1781 690 1834 et
702 1778 855 1851 aliquando
868 1778 1038 1849 obligatoria
1053 1777 1106 1834 sub
1120 1779 1244 1836 mortali.
1575 1775 1576 1814 l

261 1865 305 1924 50.
327 1867 433 1940 Copula
445 1881 511 1923 cum
524 1866 688 1938 conjugata,
701 1867 897 1923 consentiente
912 1866 1027 1936 marito,
1038 1880 1095 1922 non
1107 1867 1152 1923 est
1162 1866 1333 1924 adulterium
1346 1887 1353 1923 τ
1367 1867 1498 1942 adeoque

227 1945 335 2004 suflicit
346 1947 377 2002 in
388 1947 574 2005 Confessione
587 1945 698 2016 dicere,
715 1963 747 2003 se
763 1963 830 2003 esse
843 1946 1023 2003 fornicatum.

262 2043 306 2100 51.
327 2041 478 2112 Famulus,
499 2042 547 2114 qui
568 2040 722 2098 submissis
742 2043 871 2098 humeris
892 2042 1015 2099 scienter
1037 2042 1153 2114 adjuvat
1173 2042 1273 2099 herum
1295 2059 1378 2099 suum
1396 2059 1499 2102 ascen·
1575 2101 1576 2116 ἶ

226 2122 295 2178 dere
308 2137 358 2195 per
373 2122 512 2178 fenestras
527 2121 563 2178 ad
577 2120 762 2196 stuprandum
775 2122 932 2194 uirginem,
947 2123 976 2177 et
989 2122 1138 2178 multoties
1151 2122 1244 2178 eidem
1259 2122 1404 2180 subservit
1418 2123 1500 2182 dele·

225 2201 315 2257 rendo
330 2199 451 2270 scalam,
464 2201 618 2274 apariendo
627 2203 760 2273 januam,
771 2205 821 2258 aut
835 2202 904 2275 quid
919 2201 1016 2258 simile
1030 2202 1221 2276 cooperando,
1237 2217 1292 2257 non
1306 2204 1404 2276 peccat
1420 2220 1499 2261 mor·
1575 2201 1576 2252 l

227 2279 333 2350 taliter,
351 2281 377 2336 si
392 2281 421 2337 id
436 2281 522 2338 faciat
531 2283 610 2338 metu
622 2280 757 2338 notabilis
772 2281 952 2350 detrimenti,
968 2281 1035 2356 puta
1049 2298 1086 2339 ue
1100 2282 1242 2338 adomiuo
1256 2282 1332 2340 male
1345 2284 1497 2355 tractetur,

226 2375 263 2416 ne
276 2360 362 2417 torvis
377 2360 469 2418 oculis
483 2361 649 2434 aspiciatur,
665 2378 701 2418 ue
715 2362 798 2418 domo
810 2361 978 2435 expelletur.

262 2455 307 2512 52.
327 2457 502 2530 Praeceptum
518 2457 649 2514 servandi
669 2457 742 2514 feste
758 2474 815 2514 non
830 2457 938 2530 obligat
952 2457 1005 2515 sub
1020 2457 1148 2527 mortali,
1162 2459 1287 2531 seposito
1303 2459 1456 2531 scandalo,
1473 2463 1498 2518 si
1575 2455 1576 2528 l

226 2534 303 2592 absit
316 2536 507 2610 contemptus.

262 2621 306 2680 53.
327 2623 475 2681 Satisfecit
490 2625 631 2699 precepto
650 2623 786 2682 Ecclesiae
800 2624 836 2681 de
855 2623 998 2682 audiendo
1017 2625 1119 2694 Sacro,
1135 2626 1185 2698 qui
1205 2624 1277 2682 duas
1296 2627 1358 2699 ejus
1381 2627 1496 2700 partes,

227 2701 285 2759 imo
299 2704 430 2776 quatuor,
444 2703 531 2762 simul
545 2721 562 2760 a
579 2704 703 2762 diversis
716 2704 927 2762 celebrantibus
942 2705 1032 2762 audit.
1575 2705 1576 2724 ¹

263 2789 307 2847 tl.
329 2791 384 2860 Qui
405 2808 462 2848 nou
485 2794 580 2866 potest
597 2793 718 2850 recitare
739 2793 910 2852 lfatutinum
931 2795 959 2850 et
980 2793 1108 2863 Laudes,
1132 2793 1226 2866 potest
1247 2795 1342 2850 autem
1367 2794 1497 2866 reliquas
1575 2807 1576 2874 ᾗ

227 2869 332 2941 Horas,
347 2871 382 2928 ad
394 2871 468 2929 uibil
480 2873 608 2943 tenetur,
624 2873 692 2946 quia
703 2873 793 2946 major
807 2889 873 2947 pars
885 2873 972 2930 trahit
986 2873 1021 2928 ad
1038 2889 1070 2930 se
1084 2873 1234 2930 minorem.

226 3044 248 3101 t·
262 2967 308 3023 55.
327 2967 471 3042 Praecepto
487 2968 701 3026 Communionis
717 2984 820 3026 annuae
835 2968 939 3026 satisfit
952 2984 1004 3043 per
1017 2967 1187 3040 sacrilegam
1204 2969 1318 3026 Domini
1338 2969 1497 3027 manduca·

240 3060 343 3103 ionem.

262 3133 306 3190 56.
328 3135 471 3207 Frequens
484 3135 631 3192 Confessio
645 3137 674 3192 et
690 3135 870 3205 Communia,
884 3135 971 3191 etiam
986 3135 1016 3191 in
1031 3134 1078 3190 his
1092 3135 1142 3208 qui
1158 3135 1305 3206 gentiliter
1319 3136 1434 3206 vivunt,
1451 3139 1497 3194 est
1575 3105 1576 3182 Ῐ

227 3213 294 3270 nota
307 3214 577 3286 praedestinationis.

262 3299 306 3357 57.
326 3301 476 3358 Probabile
490 3304 550 3371 est,
566 3302 697 3359 sufficere
709 3303 884 3360 attritionem
901 3302 1075 3371 naturalem,
1091 3302 1175 3359 modo
1189 3303 1350 3359 honestam.
1575 3353 1576 3376 ,

262 3387 307 3446 58.
327 3391 388 3447 Nou
407 3391 538 3447 tenemur
557 3390 735 3447 Coufessario
754 3390 940 3460 interroganti
960 3390 1044 3446 fateri
1065 3389 1173 3464 peccati
1194 3389 1319 3461 alicuius
1338 3392 1495 3446 consuetu·
1575 3381 1576 3408 l

227 3468 335 3526 dinem.
1575 3477 1576 3532 r

261 3555 307 3614 59.
327 3556 404 3613 Licet
417 3555 663 3614 sacramentaliter
677 3556 826 3616 absolvere
839 3557 990 3614 dimidiata
1006 3557 1117 3612 tantum
1135 3556 1297 3629 confessos,
1313 3555 1422 3612 ratione
1439 3571 1499 3612 me·
1575 3533 1576 3590 l

226 3637 275 3708 gni
289 3653 443 3696 concursus
455 3637 669 3710 poeuitautium,
685 3637 778 3710 qualis
788 3638 867 3696 verbi
882 3638 974 3710 gratia
988 3639 1082 3712 potest
1095 3637 1258 3708 contingere
1275 3637 1305 3694 iu
1318 3636 1366 3692 die
1383 3653 1495 3709 magnae
1575 3641 1576 3644 ’

226 3716 349 3791 alicujus
364 3717 530 3774 festivitatis
545 3720 595 3775 aut
608 3717 805 3791 indulgentie.

261 3805 306 3863 60.
324 3805 477 3863 Poeniteuti
498 3804 613 3862 babenti
632 3806 869 3863 consuetudinem
892 3805 1027 3879 peccandi
1048 3807 1146 3863 contra
1164 3805 1257 3879 legem
1278 3806 1346 3874 Dei,
1365 3805 1492 3874 naturm,

226 3885 276 3938 aut
288 3885 437 3955 Ecclesiae,
451 3885 508 3942 etsi
522 3885 730 3944 emendationis
741 3901 806 3960 spes
819 3884 899 3942 nulle
910 3885 1060 3959 appareat,
1075 3901 1127 3943 nec
1141 3887 1186 3943 est
1201 3885 1331 3958 neganda
1344 3901 1398 3940 nec
1414 3884 1494 3941 diffe-
1575 3873 1576 3942 l

173 4017 177 4025 ,
226 3963 314 4020 nenda
330 3966 487 4035 absoluti03
513 3963 666 4022 dummodo
690 3981 738 4022 ore
760 3965 896 4039 proferat,
922 3981 953 4022 se
974 3963 1070 4022 dolere
1092 3967 1121 4024 et
1139 3981 1295 4040 proponere
1314 3964 1493 4022 emendatio·
1575 3991 1576 4054 j

224 4057 301 4099 nem.
1575 4059 1576 4080 t

259 4127 305 4186 or.
314 4131 409 4188 Potest
422 4132 575 4208 aliquando
587 4131 697 4190 absolvi
709 4131 759 4205 qui
771 4132 802 4188 in
812 4131 942 4205 proxima
950 4133 1099 4190 occasione
1107 4131 1243 4208 peccandi
1253 4135 1395 4202 uersatur,
1406 4147 1493 4206 quam
1575 4151 1576 4220 ζ

224 4218 360 4312 potestat
376 4234 432 4275 non
443 4223 504 4280 vult
517 4219 663 4290 omittere,
679 4219 818 4292 quinimo
834 4219 942 4277 directe
955 4221 985 4278 et
1002 4237 1037 4277 ex
1056 4220 1201 4295 proposito
1215 4219 1333 4294 querit,
1348 4221 1399 4277 aut
1412 4219 1439 4276 ei
1459 4233 1493 4274 ee

197 4299 448 4444 qlnllllllroxima
460 4388 572 4446 occasio
588 4388 723 4462 peccandi
742 4405 799 4446 uon
818 4389 863 4446 est
881 4387 1030 4462 fugienda,
1049 4387 1162 4461 quando
1179 4403 1268 4447 causa
1291 4388 1388 4463 aliqua
1408 4385 1490 4444 utilis

223 4469 273 4525 aut
285 4465 406 4524 honesta
417 4481 474 4524 non
486 4468 615 4540 fugiendi
629 4469 760 4528 mcurrit.
1575 4443 1576 4510 l
