3216 5020
195 197 263 259 661
724 207 932 253 anscarius

195 322 312 388 catoris
327 323 419 384 rebus
436 320 546 392 sacris,
565 319 592 381 si
611 318 743 398 excipias
760 318 921 392 beneficia,
938 337 1072 400 quorum
1086 320 1271 400 permutatio
1289 339 1329 382 ne
1346 322 1471 403 propria

195 412 376 476 auctoritate
390 410 458 484 fiat,
475 409 514 470 ab
528 407 661 472 Ecclesia
673 407 865 487 prohibitum
879 415 935 470 est.

235 505 268 564 10
295 505 362 564 Non
389 497 558 560 committit
583 495 770 570 simoniam,
799 497 943 577 quamvis
969 503 1068 578 peccet
1095 505 1199 562 contra
1226 499 1470 579 prohibitionem

193 590 348 664 Eulesia,
372 587 426 668 qui
450 585 556 650 vendit
581 604 679 648 ceram
701 585 906 661 benedictam,
930 585 1045 649 rosaria
1068 587 1115 650 rel
1140 588 1332 650 numismata
1352 589 1471 670 quibus

194 681 318 744 adnexae
329 684 403 740 sunt
414 675 629 756 indulgentia,
642 675 690 737 vel
700 693 798 737 sacras
808 675 953 756 reliquias
964 676 1095 756 capsulis
1106 676 1246 758 pretiosis
1259 677 1408 753 inclusas,
1420 681 1469 747 rel

195 769 254 832 alia
271 766 399 842 similia;
416 765 490 848 quia
504 765 568 826 haec
583 782 645 827 non
659 764 837 826 renduntur
852 763 971 826 ratione
989 763 1033 826 rei
1050 783 1156 840 666666,
1173 766 1226 828 sed
1244 766 1363 830 ratione
1375 767 1468 848 pretii

194 857 239 920 rei
258 855 419 938 temporali
438 853 563 929 adnexi;
586 871 672 914 secus
688 859 809 928 166166,
831 853 857 914 61
876 859 998 933 propter
1015 872 1081 916 rem
1099 853 1199 934 ipsam
1218 872 1335 917 sacram
1356 855 1467 938 majori

194 946 291 1028 pretio
305 947 370 1008 hac
385 943 598 1006 venderentur.

236 1039 268 1098 3⁰
282 1039 349 1098 Non
364 1031 534 1096 committit
549 1029 735 1106 Simmiam,
753 1030 808 1112 qui
822 1031 985 1112 pecuniam
1000 1031 1132 1113 principi
1148 1033 1290 1096 11666116)
1305 1032 1411 1108 solvit,
1427 1052 1468 1096 ne

195 1124 233 1186 ab
251 1124 391 1203 ingressu
406 1120 558 1194 Ecclesia,
579 1137 632 1182 seu
650 1120 812 1182 aetatibus
831 1121 979 1200 religiosis
997 1121 1214 1184 catholicorum
1234 1121 1467 1202 frequentandis

194 1212 398 1293 impediatur;
414 1215 470 1272 aut
483 1209 629 1272 malevolo
640 1207 777 1283 homini,
792 1210 880 1271 66611
894 1209 960 1290 ipso
972 1209 1087 1291 injusta
1099 1209 1286 1284 diffametur,
1300 1218 1332 1272 61
1346 1230 1365 1272 6
1378 1211 1471 1274 benc·

195 1300 278 1375 ficio,
300 1301 338 1362 ad
357 1300 437 1381 quod
452 1300 504 1380 jus
522 1297 615 1360 habet
633 1299 681 1360 rel
700 1297 811 1360 hahere
828 1304 943 1378 potest,
959 1304 1108 1361 arceatur.
1130 1299 1218 1363 Ratio
1237 1306 1298 1374 est,
1317 1300 1467 1380 quiahoc

195 1391 287 1452 modo
302 1408 364 1452 non
379 1390 471 1451 detur
484 1387 648 1467 temporale
666 1405 719 1467 pro
734 1390 804 1468 jure
824 1387 992 1468 spirituali,
1013 1389 1066 1450 sed
1083 1406 1136 1469 pro
1155 1387 1285 1451 tollenda
1303 1390 1351 1452 rel
1371 1389 1468 1470 impe-

197 1479 307 1542 dienda
322 1475 451 1559 injuria,
470 1495 538 1558 quae
552 1480 598 1538 cst
613 1473 688 1557 quid
703 1477 878 1558 temporale.

237 1573 271 1631 10
285 1572 351 1632 Non
366 1571 440 1628 sunt
456 1567 492 1628 de
509 1563 645 1628 Simonia
658 1565 834 1638 accusandi,
849 1563 904 1646 qui
917 1566 1012 1646 gratis
1026 1566 1074 1628 rol
1088 1584 1141 1646 pro
1156 1565 1375 1647 incompetenti
1388 1585 1471 1632 mer-

197 1658 266 1720 cede
286 1655 439 1729 sorsiunt,
461 1659 497 1716 ut
513 1655 570 1716 1166
588 1655 741 1716 occasione
760 1673 850 1716 suam
864 1655 1045 1734 probitatem
1057 1655 1105 1717 rel
1116 1655 1332 1718 dexteritatem
1343 1657 1472 1720 demon-

197 1751 295 1808 strent
310 1763 381 1807 cum
394 1763 446 1824 spe
462 1742 625 1823 aliquando
640 1743 798 1806 obtinendi
813 1743 977 1823 quodpiam
989 1743 1187 1820 heneficium;
1202 1744 1277 1824 quia
1289 1763 1353 1806 non
1365 1765 1471 1826 exspe

197 1841 283 1898 ctant
295 1833 373 1896 illud
387 1833 546 1914 spirituale
561 1832 644 1894 velut
657 1833 792 1912 pretium
805 1833 946 1896 laborum
958 1851 1096 1895 suorum.
1111 1869 1150 1878 —
1163 1833 1270 1910 Ethai,
1288 1855 1318 1894 6.
1336 1838 1408 1898 618.

237 1927 362 1988 616.-
382 1927 415 1986 5⁰
436 1927 496 1986 Nec
516 1927 592 1983 6661
611 1921 755 1984 Simonias
777 1921 956 2002 culpabiles,
978 1921 1033 2002 qui
1054 1941 1090 1984 ex
1112 1921 1301 2002 gratitudine
1321 1929 1471 2003 praetant

197 2013 364 2094 temporale
380 2011 417 2074 cb
438 2009 597 2091 spirituale
616 2017 789 2091 acceptum,
807 2016 837 2072 et
855 2010 920 2073 vice
942 2029 1039 2073 uersa.
1057 2009 1104 2072 Sic
1120 2029 1183 2073 non
1197 2019 1331 2090 peccaret
1347 2013 1475 2092 cappel-

198 2101 287 2164 lanus
302 2101 357 2180 qui
372 2099 499 2162 servitia
510 2097 657 2162 libentius
674 2099 825 2162 tribueret
840 2099 984 2180 Episcopo
1003 2118 1022 2161 a
1040 2117 1101 2179 quo
1119 2099 1302 2162 beneficium
1316 2099 1470 2178 obtinuit,

199 2209 254 2254 nec
268 2189 433 2270 Episcopus
448 2189 502 2268 qui
516 2187 627 2250 Clerico
641 2187 824 2250 beneficium
843 2188 991 2250 conferret
1006 2187 1041 2250 in
1055 2187 1293 2267 recognitionem
1312 2189 1475 2269 obsequio-

198 2296 285 2352 rum;
302 2278 376 2358 quia
387 2277 451 2340 haec
463 2295 525 2338 non
538 2279 721 2357 prestantur
734 2277 819 2338 66161
832 2276 983 2357 pretium;
1000 2275 1126 2356 insuper
1140 2275 1306 2340 honestum
1320 2285 1351 2341 et
1365 2279 1476 2342 lauda-

199 2366 260 2430 bile
274 2371 319 2428 est
332 2385 385 2446 pro
399 2372 518 2445 accepto
532 2365 677 2446 obsequio
690 2383 721 2426 se
741 2372 863 2444 gratum
882 2365 1033 2428 exhibere.
1048 2366 1224 2428 Cavendum
1244 2373 1349 2430 tamen
1368 2367 1476 2432 sedulo

199 2462 255 2532 est,
269 2474 308 2518 ne
323 2455 380 2517 sub
394 2454 485 2517 titulo
501 2453 700 2533 gratitudinis
714 2454 804 2516 lateat
815 2453 952 2516 Simonis
965 2454 1103 2533 palliata;
1117 2455 1174 2517 hoc
1189 2460 1294 2518 autem
1307 2456 1404 2529 lieret,
1415 2455 1475 2520 ubi

198 2543 395 2608 intercederet
408 2550 532 2625 pactum
546 2543 734 2623 implicitum
748 2541 841 2606 dandi
855 2543 1037 2606 beneficium
1051 2560 1105 2624 pro
1126 2544 1284 2624 temporali
1304 2544 1471 2624 obsequio,

197 2634 246 2696 vel
257 2633 322 2696 vice
335 2651 433 2696 versa.

238 2727 271 2786 60
286 2726 374 2785 Esset
387 2728 492 2784 autem
506 2720 643 2783 Simonia
655 2720 828 2784 ministeria
841 2740 923 2784 sacra
937 2721 1021 2784 obire
1032 2721 1155 2802 praecise
1174 2722 1212 2785 ob
1224 2720 1358 2802 pretium
1370 2721 1477 2802 perci·

197 2811 347 2892 piendum
362 2815 508 2890 tanquam
529 2810 602 2885 tale,
619 2829 648 2872 r.
669 2828 727 2889 gn,
744 2809 876 2889 accipere
894 2810 1056 2891 pecuniam
1080 2829 1133 2892 pro
1155 2811 1344 2873 absolutione
1364 2829 1383 2872 a
1402 2829 1477 2891 peo-

199 2899 286 2974 66116,
301 2898 1175 2981 6666666166166611666666116661616161666166616,
1191 2898 1426 2980 irregularitate,
1441 2905 1476 2962 et

198 2987 429 3067 impedimentis
450 2985 657 3064 matrimonii;
681 2987 774 3062 ratio,
790 2988 863 3067 quia
884 2995 932 3051 est
951 2993 1035 3052 actus
1055 2987 1242 3068 spiritualis,
1260 2994 1330 3050 1616
1353 2988 1476 3052 1611666

199 3075 341 3157 principii
358 3094 412 3138 seu
422 3075 578 3156 potestatis
591 3075 775 3156 spiritualis,
790 3082 860 3138 tum
875 3077 993 3140 ratione
1005 3077 1075 3140 finis
1090 3095 1144 3140 seu
1158 3075 1267 3140 salutis
1280 3077 1473 3140 animarum.

200 3163 297 3226 Licita
313 3171 417 3227 tamen
431 3163 579 3246 accipitur
587 3163 715 3245 pecunia
723 3164 876 3228 occasione
886 3165 1158 3246 dispensationum,
1169 3166 1341 3246 praesertim
1350 3165 1478 3246 quando

200 3253 261 3316 alia
272 3258 358 3336 justa
379 3271 469 3316 causa
492 3272 541 3316 eas
560 3254 739 3317 concedendi
763 3273 825 3317 non
844 3255 945 3328 adest,
963 3254 1055 3318 titulo
1071 3255 1184 3318 66111661
1204 3255 1403 3338 eleemosyna
1418 3273 1476 3335 per

200 3344 330 3406 modum
349 3342 599 3406 commutationis
620 3349 675 3405 aut
693 3362 791 3424 poenae
805 3349 927 3424 propter
943 3345 1168 3424 exemptionem
1188 3363 1208 3406 a
1227 3344 1291 3424 lege
1314 3342 1477 3407 communi

201 3430 368 3512 impositae,
386 3432 433 3494 vel
447 3431 536 3494 titulo
551 3431 784 3494 sustentationis
797 3450 927 3494 onerum
941 3433 1153 3508 Pontificatm,
1170 3433 1208 3496 ad
1225 3431 1476 3496 subveniendum

201 3520 340 3584 Ecclesiae
354 3519 595 3594 necessitatibus
612 3541 642 3583 v.
661 3538 719 3600 gr,
741 3521 954 3602 Templorum,
974 3519 1172 3594 Missionum,
1187 3527 1257 3595 etc,
1276 3522 1323 3584 rel
1342 3521 1379 3582 ad
1397 3518 1478 3584 alios

200 3607 267 3689 pios
279 3628 370 3683 usus,
387 3629 418 3671 v.
433 3628 491 3688 gr,
506 3610 545 3671 ad
556 3627 702 3691 pauperes
719 3611 937 3686 sublevandoS,
954 3610 992 3672 ad
1008 3610 1181 3672 nosocomio
1202 3611 1351 3684 dotanda,
1365 3609 1404 3670 ad
1420 3626 1481 3670 ex-

200 3715 308 3778 pensas
322 3697 556 3761 tribunaliuma
570 3697 684 3778 quihus
698 3698 939 3779 dispensationes
958 3699 1176 3774 conceduntur,
1194 3706 1264 3774 etc.;
1282 3697 1477 3778 stipendium

200 3787 285 3850 euim
300 3805 471 3866 congruum
483 3785 577 3849 variis
592 3785 769 3850 officialibus
782 3807 837 3850 seu
853 3787 1006 3850 ministris
1021 3787 1060 3850 ad
1076 3806 1184 3850 causas
1200 3787 1400 3868 expediendas
1419 3787 1479 3850 ad·

198 3873 308 3938 bibitis
324 3875 525 3938 tribuendum
539 3883 596 3938 est.
608 3909 648 3922 -
662 3879 812 3940 Caeterum
824 3881 854 3940 S.
872 3877 961 3940 Sedes
971 3876 1038 3958 ipsa
1050 3877 1084 3937 in
1095 3875 1245 3940 Brevibus
1258 3875 1379 3950 statuit,
1395 3874 1479 3954 quid

199 3963 361 4045 precariis
375 3964 654 4044 dispensationibus
668 3964 871 4027 tribuendum
886 3965 938 4027 sit.
949 4001 989 4010 —
1008 3965 1040 4028 V.
1060 3964 1168 4045 Casus,
1183 3987 1215 4032 n.
1231 3969 1290 4028 285
1306 3975 1334 4027 et
1346 3983 1411 4046 seq.

323 4143 518 4220 Quaeslta.

242 4316 343 4390 (1666.
362 4321 393 4377 10
408 4315 511 4377 116611
525 4313 713 4378 restituendo
727 4335 774 4376 res
785 4314 960 4398 spiritualis
974 4317 1131 4378 simoniace
1146 4316 1316 4397 66661611αὲ

241 4402 332 4484 Resp.
350 4409 381 4466 10
392 4404 524 4486 (1111666,
541 4406 640 4485 quoad
654 4404 812 4480 beneficia;
832 4405 876 4467 ita
894 4404 1067 4468 communis
1084 4412 1115 4467 61
1131 4411 1213 4468 certa
1230 4408 1290 4468 111).
1309 4403 1478 4466 sententia.

199 4490 289 4556 Ratio
302 4490 375 4571 quia
382 4495 455 4573 jura
467 4491 503 4555 in
517 4512 640 4574 poenam
652 4493 753 4557 delicti
768 4493 903 4569 obstant,
917 4493 1084 4574 quominus
1099 4492 1247 4574 recipiens
1265 4497 1319 4556 aut
1336 4491 1477 4574 pretium
