3206 5024
192 191 263 254 989
729 201 934 249 raacranus

317 364 512 442 Quaesita.

238 526 307 586 333.
324 557 365 568 -
378 525 481 598 Quas.
498 527 530 585 l⁰
547 521 692 599 Qetanom
708 521 869 601 sintjusta
882 538 982 584 eausa
996 519 1088 601 bajus
1102 517 1362 601 dispensationis?

238 611 329 694 Resp.
350 630 363 673 .·
388 615 508 674 Bonum
532 609 687 684 Ecclesia,
709 609 877 684 societatis,
902 607 1042 682 familias,
1069 611 1185 688 atejus
1209 607 1304 670 etiam
1326 607 1382 690 qui
1406 617 1478 674 voto

198 700 365 764 obstrictus
378 705 441 774 est,
457 719 487 762 v.
505 719 564 780 gr„
582 698 608 762 si
623 697 791 779 scrupuliS,
807 698 856 760 vel
870 696 1015 779 gravibus
1034 695 1273 770 tentationibus,
1289 697 1356 760 voti
1366 715 1476 773 causa,

197 788 411 870 opprimatur;
428 788 454 851 si
469 787 679 852 difficultatem
698 785 865 850 notabilem
885 785 919 846 in
941 792 1012 848 voto
1030 784 1224 865 adimplendo
1244 784 1430 866 experiatur,
1449 788 1478 850 si

196 884 285 940 actus
298 876 431 939 vovendi
443 895 506 940 non
517 874 578 939 luit
588 875 718 957 perlecto
730 874 932 950 deliberatae,
945 878 1003 936 eto.
1018 907 1060 920 -·
1074 871 1109 934 S.
1123 874 1196 956 Lip.
1214 894 1246 934 u.
1260 877 1331 937 939.
1594 875 1595 904 l

238 967 341 1041 Quina.
354 967 387 1027 9ο
399 965 449 1025 Au
463 963 618 1048 Superior
628 967 728 1047 possit
742 963 966 1046 dispensarem
980 965 1058 1024 uotis
1065 962 1282 1044 principaliter
1295 962 1338 1024 ad
1348 963 1478 1028 utilita-

197 1063 257 1116 tem
267 1053 408 1136 proaimi
421 1053 538 1134 sactis?

238 1143 331 1224 Resp.
346 1143 485 1225 Aspim,
503 1143 650 1206 sinotum
664 1161 727 1205 non
746 1141 841 1205 fuerit
859 1146 1049 1222 acceptatum
1066 1161 1084 1204 a
1101 1141 1251 1223 proximo.
1270 1143 1360 1204 Secus
1378 1143 1478 1225 Nep.;
1594 1209 1595 1214 ,

197 1230 272 1314 quia
285 1237 361 1293 tunc
374 1231 536 1295 intercedit
548 1231 691 1312 obligatio
703 1235 885 1294 contractus.

239 1322 357 1383 Votum
369 1319 404 1382 in
419 1320 567 1384 honorem
582 1319 635 1382 bei
655 1319 872 1400 principaliter,
888 1318 1067 1382 secundario
1080 1324 1183 1382 tamen
1197 1326 1229 1382 et
1243 1320 1348 1383 minus
1360 1320 1476 1402 priuci-

196 1408 309 1491 palitar
326 1407 361 1470 in
383 1407 518 1472 favorem
541 1407 670 1490 alicujus
691 1407 776 1471 tertii
799 1406 931 1484 iactum,
951 1413 1028 1489 puta
1049 1408 1202 1484 Ecclesia,
1223 1410 1401 1472 monasterii
1420 1416 1476 1474 aut

196 1495 356 1579 pauperis,
367 1498 575 1580 probabiliter
586 1503 688 1579 potest
698 1495 923 1578 dispensatione
935 1495 1082 1559 remittis
1096 1496 1270 1580 superiore,
1279 1497 1402 1561 etiamsi
1407 1501 1477 1581 jam

196 1585 293 1650 iuerit
306 1591 511 1667 acceptatum3
524 1587 692 1650 dummodo
701 1584 862 1666 promissio
873 1603 936 1647 non
950 1584 991 1648 sit
1005 1602 1145 1660 anemae,
1156 1586 1189 1648 id
1201 1591 1247 1649 est
1261 1586 1384 1650 nubum
1396 1604 1477 1650 onus

194 1673 338 1757 proximo
352 1675 490 1757 imponat
501 1676 582 1758 quod
593 1675 658 1756 ipse
671 1673 879 1756 acceptaverit.
891 1709 937 1748 ,-
949 1672 985 1735 S.
1001 1673 1071 1756 Lip.
1088 1694 1120 1736 n.
1135 1678 1206 1738 953.

238 1764 339 1839 Quae.
357 1768 390 1826 3⁰
406 1764 549 1840 Quaenam
558 1767 700 1827 sintoota
713 1764 812 1846 Papa
825 1761 1000 1825 reseruata?

241 1850 332 1934 Resp.
349 1857 487 1916 :Praeter
499 1853 737 1916 votaemissain
750 1851 1140 1932 communitatereligiosa,
1154 1857 1241 1933 Papa
1254 1859 1451 1917 reservantur
1466 1875 1476 1917 :
1594 1917 1595 1920 ,

197 1947 232 2005 {⁰
247 1947 356 2004 vottun
372 1942 522 2005 eastitatis
536 1942 674 2024 perfecta
689 1949 720 2005 et
732 1949 900 2024 perpetuae,
916 1959 979 2004 non
997 1959 1068 2004 vem
1086 1947 1194 2004 votum
1216 1941 1404 2024 virginitatis
1420 1963 1478 2007 seu

198 2030 348 2095 castitatis
363 2029 519 2093 exterioris
533 2038 673 2109 tanturm
690 2035 724 2094 90
738 2037 847 2094 votum
868 2029 1059 2111 ingrediendi
1078 2029 1267 2111 Religionem
1287 2031 1325 2095 ab
1344 2032 1478 2095 Ecclesia

196 2119 410 2199 approbatam
440 2124 474 2183 3⁰
499 2125 606 2183 votum
638 2119 892 2202 peregrinationis
920 2119 1205 2200 Hierosolpmitanm
1234 2119 1274 2183 ad
1301 2121 1476 2202 sepulcrum

198 2204 329 2282 Christi;
345 2210 380 2269 p
392 2213 500 2270 votum
514 2208 768 2289 peregrinationis
783 2214 930 2273 Romanae
943 2208 982 2269 ad
1000 2207 1110 2270 limina
1123 2209 1356 2288 Apostolorum
1372 2213 1403 2273 5⁰
1420 2229 1476 2273 vo

198 2299 271 2356 tum
290 2296 544 2376 peregrinationis
560 2297 807 2378 compostellanae
827 2298 865 2360 ad
878 2300 909 2360 S.
930 2297 1086 2360 Jacohum.
1104 2300 1174 2360 Hac
1192 2303 1298 2361 autem
1319 2317 1382 2361 non
1400 2304 1476 2361 sunt

199 2390 372 2461 reservata,
397 2384 459 2447 nisi
480 2385 545 2449 sint
565 2386 718 2461 absoluta,
740 2386 958 2462 determinata,
983 2385 1113 2467 perlecta
1139 2385 1258 2449 ratione
1279 2386 1418 2451 materie
1444 2392 1477 2449 et

196 2471 360 2536 libertatis.
382 2474 460 2538 Hinc
480 2493 543 2538 non
565 2480 638 2538 sunt
660 2480 813 2538 reservata
839 2483 911 2539 rota
933 2473 1134 2556 disjunctiva,
1157 2474 1302 2555 poenalia,
1322 2474 1477 2537 conditio-

197 2567 286 2636 nata,
307 2561 401 2624 etiam
421 2564 618 2645 probabilius
637 2563 804 2644 adimpleta
821 2563 1008 2638 conditione;
1024 2563 1098 2643 quia
1120 2569 1241 2636 votum,
1259 2568 1295 2625 ut
1313 2561 1352 2624 sit
1374 2579 1476 2624 reser-

196 2655 323 2801 gatpm,
339 2653 495 2732 procedere
513 2653 602 2716 debet
621 2671 659 2716 ex
677 2654 738 2715 solo
756 2660 788 2716 et
804 2651 935 2734 perlecto
950 2651 990 2714 ad
1008 2669 1073 2713 rem
1090 2650 1272 2733 promissam
1288 2648 1410 2712 ellectu.
1430 2685 1477 2696 -

225 2783 234 2802 .
279 2743 322 2822 ip.
334 2760 364 2802 n.
379 2744 449 2805 958.
938 2773 941 2781 ’

237 2829 337 2902 Quae.
358 2834 392 2892 4⁰
416 2829 465 2890 An
484 2831 663 2913 Episcopus
680 2835 783 2914 possit
807 2831 985 2913 dispensare
1006 2829 1163 2911 coujupem
1184 2851 1204 2890 a
1227 2839 1297 2892 uoto
1320 2827 1476 2890 castitatis

193 2927 349 3064 perpetim
363 2928 427 2979 tum
441 2929 527 2998 ante,
550 2930 612 2980 tum
629 2930 702 3003 post
719 2923 947 2982 ntatrimonium
963 2921 1085 2994 emisso,
1101 2921 1134 2978 in
1154 2917 1264 2980 ordine
1282 2918 1323 2980 tui
1341 2917 1476 2982 debitum

192 3011 286 3086 peten
308 3024 368 3068 um.

238 3092 332 3174 Resp.
354 3095 494 3178 Affirm„
514 3101 605 3180 juxta
628 3099 814 3162 sententiam
834 3113 1047 3171 communem,
1070 3101 1176 3160 contra
1197 3097 1378 3172 nonnullos;
1402 3095 1476 3177 quia

198 3179 373 3261 dispensare
395 3189 495 3264 potest
518 3186 556 3248 ab
577 3186 663 3250 omni
682 3186 903 3268 impedimento
922 3185 1103 3248 exercitium
1122 3191 1209 3248 actus
1229 3183 1397 3268 conjugalis
1415 3183 1475 3246 im-

197 3271 348 3352 pediente.
364 3305 405 3318 -
418 3271 452 3333 s.
469 3273 576 3356 uapor.
591 3295 622 3337 a.
641 3279 712 3352 aas,
726 3286 755 3338 ei
769 3275 823 3338 uo.
839 3277 890 3350 vl,
904 3295 936 3336 a.
954 3278 1025 3349 esc,
1038 3278 1109 3338 ear.
1124 3309 1167 3322 -
1185 3273 1220 3336 V.
1239 3273 1353 3353 casas,
1366 3295 1398 3334 n.
1415 3275 1476 3337 aas

197 3368 303 3442 etseq.

513 3508 530 3597 ἕ
550 3509 612 3579 111.
638 3512 686 3579 De
704 3509 971 3580 commutatione
988 3517 1160 3578 votoreun.

199 3801 203 3808 ,
240 3737 309 3798 334.
326 3769 366 3780 -
384 3735 592 3798 Commutatio
614 3738 679 3799 voti
700 3742 746 3802 est
766 3737 945 3800 substitutio
966 3736 1094 3817 alicujus
1112 3734 1212 3817 operis
1232 3735 1296 3799 loco
1316 3733 1477 3817 promissi.

197 3822 279 3886 Fieri
292 3829 393 3904 potest
406 3823 520 3905 triplici
533 3825 638 3900 modo,
655 3825 768 3889 scilicet
782 3826 818 3888 iu
831 3826 948 3890 bonum
963 3825 1093 3900 melius,
1109 3823 1145 3887 in
1158 3824 1289 3906 aequale,
1305 3823 1340 3886 in
1353 3823 1476 3886 minus.

200 4063 206 4070 .
322 3978 548 4059 Principia.
1589 4003 1590 4058 l

239 4119 263 4178 I.
277 4117 467 4204 Qiaicumque
480 4123 574 4188 habet
585 4130 768 4206 potestatem
783 4123 877 4187 etiam
896 4123 1075 4206 simpliciter
1089 4123 1258 4204 delegatam
1274 4119 1482 4200 dispensandi

201 4217 220 4260 a
238 4206 336 4282 votis,
351 4209 444 4275 babet
461 4231 495 4276 eo
513 4212 579 4295 ipso
595 4212 770 4277 facultatem
788 4232 824 4276 ea
841 4211 1071 4289 commutandi3
1087 4212 1142 4294 qui
1160 4210 1245 4274 enim
1264 4214 1366 4292 potest
1384 4207 1480 4289 plue,

201 4293 303 4363 potest
323 4297 415 4360 etiam
433 4301 540 4364 minus
560 4302 594 4365 in
612 4303 717 4366 eodem
736 4319 854 4382 genere.
870 4337 910 4348 -
926 4306 993 4366 Non
1006 4307 1112 4365 autem
1125 4295 1365 4378 vicissimque
1378 4297 1482 4377 major
1588 4349 1589 4380 ἶ

203 4377 378 4447 Potestasin
391 4387 509 4452 minore
520 4409 583 4453 non
595 4389 779 4454 continetur.
795 4390 884 4453 —S.
897 4390 970 4473 Lip.
986 4411 1018 4452 o.
1031 4393 1103 4454 tte.
1587 4391 1589 4470 l

244 4457 281 4518 Π·
297 4463 429 4549 Quisque
440 4483 540 4554 potest
550 4479 671 4558 privata
682 4479 876 4556 auctoritate,
890 4485 922 4543 et
933 4479 999 4543 sine
1009 4498 1098 4543 musa
1109 4479 1246 4562 speciali,
1257 4482 1367 4542 votum
1381 4489 1483 4536 suum
