3168 5002
619 155 743 200 saulus
770 151 1045 198 cunonotoalcl

539 371 573 413 Μ
592 370 695 412 aalma
713 368 900 412 minutulum
919 368 953 409 ut
972 367 1122 426 excitam

337 504 379 560 De
397 506 476 575 prot.
491 501 509 574 ἓ
524 498 570 558 ll.

232 594 276 650 il.
288 590 462 664 Proposltio,
478 604 541 660 quae
555 587 661 643 asserit
675 584 779 642 lamen
797 583 917 657 pratia,
934 583 1054 656 quondo
1066 582 1107 640 eit
1119 581 1234 653 solum,
1248 599 1311 641 non
1321 590 1468 658 prestare
1575 563 1576 646 i

196 673 260 730 nisi
273 677 307 728 at
319 684 535 743 copncscamus
556 665 768 740 infelicitatem
787 663 886 720 nostri
904 667 1001 720 statae
1018 667 1047 720 et
1060 663 1241 736 pravitatem
1258 664 1357 720 nostri
1374 665 1470 733 mali,·
1575 665 1576 738 ζ

196 753 333 829 pretinm
350 750 386 806 in
408 749 462 806 toli
485 765 558 806 cosa
577 746 743 820 producere
764 744 904 801 eamdem
924 743 1077 816 effectum,
1097 761 1186 818 qoem
1203 741 1254 800 lex
1268 745 1471 819 produoeb025
1575 741 1576 802 Τ

198 835 264 892 ideo
278 847 394 888 measse
405 846 481 896 esse,
496 835 530 885 at
541 828 621 884 Deae
636 830 712 883 creet
723 825 760 881 in
773 823 861 881 corde
870 829 973 881 nostro
982 829 1122 882 sanctam
1135 841 1280 894 amorem,
1299 831 1327 882 et
1340 824 1472 900 inspiret
1575 819 1576 882 l

197 919 334 973 sanctam
344 908 568 967 delectationem
580 907 770 964 contrariom
783 905 883 962 amori
893 904 930 960 in
942 903 1030 961 nobis
1038 903 1214 961 dominanti
1218 925 1229 974 ;
1239 905 1319 962 hanc
1333 921 1472 962 amorem

198 1000 351 1056 sanctam,
375 989 454 1046 lanc
474 994 612 1046 sanctam
632 984 857 1044 delectationem
874 1001 936 1041 esse
957 985 1082 1058 proprie
1098 985 1233 1059 pretinm
1250 985 1323 1042 Jesa
1341 985 1472 1056 Christi,

199 1071 437 1149 inspirationem
456 1067 628 1133 charitatis,
651 1083 712 1139 qao
734 1064 856 1140 cognita
880 1070 983 1122 sancto
1001 1081 1106 1122 amore
1124 1065 1296 1139 faciamus5
1312 1066 1390 1124 hanc
1409 1083 1474 1122 esse
1575 1103 1576 1130 ,

200 1154 288 1212 illam
305 1149 440 1208 radicem
455 1167 470 1206 e
483 1166 544 1221 qao
561 1145 736 1221 penninont
752 1145 831 1202 bona
845 1161 954 1218 opera,·
968 1143 1047 1202 hanc
1060 1161 1121 1202 cese
1139 1146 1272 1218 gratiam
1289 1145 1362 1203 acci
1376 1145 1475 1204 Testa-
1575 1197 1576 1228 ,

200 1231 310 1301 menti,
327 1247 393 1304 qaae
406 1246 461 1286 nos
475 1227 583 1285 liberat
596 1225 770 1283 enervitate
782 1225 913 1299 peccati,
928 1224 1084 1282 constituit
1098 1224 1176 1299 filiae
1191 1224 1247 1282 Dei
1259 1244 1270 1282 .·

237 1315 385 1382 Quatenus
397 1308 541 1378 intendat,
556 1324 619 1364 eam
636 1305 728 1363 solem
746 1321 810 1362 esse
831 1305 945 1379 proprie
961 1306 1083 1376 gratiam
1094 1307 1163 1362 lesu
1180 1306 1301 1376 Christi,
1317 1323 1381 1380 quae
1394 1310 1476 1363 creet
1575 1281 1576 1360 i

201 1395 233 1452 in
247 1392 331 1450 corde
346 1393 476 1447 sanctum
490 1403 631 1458 amorem,
647 1389 676 1444 et
688 1402 752 1458 quae
764 1386 832 1442 tacit
848 1386 880 1442 ut
892 1386 1043 1454 iaciamus,
1060 1387 1121 1443 sive
1136 1387 1291 1460 etiamque
1304 1386 1477 1444 homclihe-

203 1475 281 1532 ratus
299 1490 316 1529 a
331 1471 468 1528 servitute
481 1469 588 1544 pcccati
608 1467 793 1524 constituitur
809 1465 888 1522 lilius
900 1467 969 1522 Dei:
981 1466 1010 1522 et
1024 1481 1081 1522 non
1095 1467 1134 1523 sit
1147 1467 1234 1522 etiam
1250 1468 1362 1541 proprie
1380 1469 1477 1538 gratia
1575 1455 1576 1530 J

202 1553 307 1613 Christi
327 1567 361 1609 ea
378 1551 485 1622 gratia,
496 1565 553 1622 qua
571 1564 618 1605 cor
632 1547 757 1604 hominis
773 1546 901 1618 tangitur
914 1561 963 1620 per
978 1545 1220 1603 illuminationem
1236 1546 1362 1620 Spiritus
1380 1548 1477 1606 sancti
1575 1549 1576 1602 t

204 1634 292 1707 (Trio.
308 1648 382 1690 sess,
397 1633 448 1699 Vl,
464 1647 526 1704 cap.
546 1627 593 1705 νὴ
604 1645 656 1684 nec
673 1643 741 1684 rara
761 1626 844 1683 detur
863 1625 982 1682 interior
996 1627 1088 1698 gratia
1103 1625 1225 1697 Christi,
1239 1629 1286 1686 cui
1306 1628 1475 1685 resistitur:

238 1715 335 1782 Falsa,
353 1711 495 1786 captiosa,
509 1710 649 1767 inducens
666 1709 696 1764 in
716 1722 840 1764 errorem
852 1706 884 1762 in
899 1706 1025 1764 secunda
1039 1707 1231 1781 propositione
1242 1707 1371 1765 lansenii
1393 1709 1478 1766 dam-

275 1797 373 1851 natum
387 1794 420 1849 ut
435 1791 616 1858 haereticum,
629 1805 752 1860 eumque
767 1802 917 1845 renovans.

615 1987 649 2029 DE
667 1989 733 2030 aton
752 1987 839 2029 VELU'l'
859 1987 945 2029 PRIMA
964 1987 1066 2029 aalma

347 2105 389 2161 De
402 2101 480 2159 Fide
494 2102 513 2175 β
526 2102 552 2157 l.

241 2193 286 2250 it.
302 2189 475 2265 Propositio,
491 2204 554 2262 qum
573 2187 683 2256 innuit,
699 2186 798 2243 Fidem
817 2203 837 2243 a
855 2203 916 2259 qna
936 2185 1047 2260 incipit
1063 2186 1155 2244 series
1169 2189 1358 2261 pretiorum,
1376 2196 1404 2248 ct
1424 2209 1481 2265 per

207 2288 300 2346 quom
311 2269 390 2328 celat
401 2269 539 2343 primam
552 2283 653 2324 vocem
666 2283 811 2323 vocamur
825 2265 864 2322 ad
875 2265 1004 2322 salntem
1016 2273 1044 2322 et
1056 2267 1233 2338 Ecclesiam,
1245 2286 1311 2327 esse
1324 2272 1482 2345 ipsammet

207 2351 394 2409 excellentem
406 2351 541 2406 virtutem
556 2347 650 2414 Fidei,
661 2363 718 2420 qua
729 2346 860 2402 homines
876 2345 975 2403 fideles
989 2347 1173 2405 nominantur
1187 2352 1216 2406 et
1230 2351 1311 2419 sunt;

243 2431 365 2489 Perinde
377 2446 410 2486 ac
426 2429 503 2503 prior
517 2444 574 2486 non
589 2429 667 2484 esset
679 2427 772 2498 gratia
787 2425 848 2496 illa,
860 2442 934 2499 qun,
947 2431 981 2482 at
989 2428 1136 2501 prevenit
1146 2427 1393 2501 voluntatemne
1404 2449 1483 2506 prae

208 2511 290 2570 venit
303 2517 330 2567 et
344 2510 475 2568 Fidem:
1575 2507 1576 2574 i

244 2593 294 2648 Ex.
310 2593 339 2649 S.
356 2591 477 2662 August.
496 2589 530 2645 de
545 2591 623 2646 Dono
638 2604 749 2662 perses.
763 2603 825 2661 cap.
839 2603 902 2658 xvi,
916 2605 995 2644 num.
1011 2588 1060 2659 ll,
1077 2593 1210 2664 suspecta
1224 2591 1259 2648 de
1269 2589 1389 2661 haeresi,
1403 2608 1486 2650 eam·

280 2689 336 2744 quc
348 2671 479 2744 sapiens,
493 2669 567 2726 alias
582 2669 612 2725 in
624 2668 792 2739 Quesnellio
807 2669 956 2738 damnata,
971 2685 1101 2728 erronea.

691 2871 725 2914 DE
745 2871 856 2914 uurutcl
875 2871 969 2914 AMORE

353 2985 394 3042 De
408 2990 486 3058 prat.
503 2984 521 3057 ἓ
536 2983 563 3042 8.
1575 2979 1576 3012 ¹

247 3074 291 3131 t3.
312 3074 446 3130 Doctrina
461 3073 567 3146 Synodi
586 3071 621 3129 de
637 3072 746 3147 duplici
765 3089 861 3131 amore
876 3073 1063 3146 {dominantis
1085 3073 1266 3148 cupiditatis,
1282 3077 1310 3133 et
1329 3076 1488 3136 Charitatis

213 3154 401 3225 dominantis]
414 3154 580 3222 enuntians,
594 3153 738 3209 hominem
754 3155 817 3210 sine
831 3154 925 3226 gratia
938 3171 1003 3210 esse
1018 3153 1072 3210 sub
1087 3156 1224 3212 servitute
1239 3157 1347 3230 peccati
1356 3202 1363 3225 ,
1373 3157 1490 3231 ipsum·
1575 3147 1576 3216 i

213 3253 269 3309 que
289 3236 321 3292 in
338 3251 371 3292 eo
395 3237 472 3290 statu
493 3251 543 3308 per
563 3231 726 3305 generalem
748 3233 915 3308 cupiditatis
937 3235 1112 3292 dominantis
1133 3235 1272 3293 influxum
1293 3253 1394 3294 omnes
1417 3255 1489 3296 suas
1575 3223 1576 3300 i

214 3317 340 3374 actiones
352 3314 468 3370 inlicere
482 3317 512 3370 et
526 3329 719 3388 corrumpere;
1575 3321 1576 3380 i

250 3398 397 3466 Quatenus
421 3394 565 3463 insinuat,
579 3394 609 3449 in
628 3393 754 3462 homine,
770 3391 839 3449 dum
854 3394 899 3450 est
913 3394 965 3450 suh
986 3395 1124 3451 servitute
1142 3395 1204 3452 sive
1221 3395 1251 3452 in
1269 3397 1346 3454 statu
1360 3401 1490 3472 peccati,
1575 3387 1576 3448 Ῑ

213 3477 371 3534 destitutus
387 3475 542 3547 gratiailla
560 3491 617 3548 qua
635 3473 802 3531 liberatura
815 3473 953 3532 servitute
968 3475 1076 3548 peccati
1088 3477 1118 3531 et
1131 3477 1315 3534 constituitur
1330 3477 1409 3534 lilius
1419 3481 1490 3550 Dei,
1575 3483 1576 3550 j

215 3559 258 3615 sic
271 3556 414 3614 dominari
429 3555 626 3629 cupiditatem,
641 3556 673 3611 ul
689 3569 739 3629 per
756 3554 917 3626 generalem
934 3555 1021 3629 hujus
1035 3556 1175 3612 inlluxum
1186 3571 1285 3614 omnes
1299 3556 1381 3614 illius
1401 3561 1493 3616 actio-
1575 3555 1576 3636 1

215 3654 266 3694 nes
280 3637 311 3693 in
326 3653 357 3693 se
373 3635 538 3692 inficiantur
552 3639 581 3692 et
593 3636 824 3709 corrumpantur;
834 3637 884 3692 aut
894 3650 979 3709 opera
988 3637 1093 3706 omnia,
1105 3651 1168 3708 quae
1177 3639 1243 3694 ante
1248 3637 1490 3711 justificationem
1575 3639 1576 3700 Τ

215 3717 302 3786 liunt,
316 3732 493 3788 quacumque
508 3716 619 3772 ratione
631 3715 717 3784 fiant,
733 3716 793 3773 sint
810 3717 940 3789 peccata3
1575 3705 1576 3778 i

251 3797 340 3864 Quasi
352 3798 384 3853 in
398 3795 532 3851 omnihus
548 3795 610 3851 suis
625 3795 737 3852 actibus
752 3797 881 3868 peccator
894 3795 1000 3852 serviat
1010 3795 1170 3853 dominanti
1184 3799 1350 3872 cupiditati,
1366 3837 1368 3842 -
1575 3799 1576 3854 t

251 3875 346 3945 Falsa,
361 3875 533 3951 perniciosa,
544 3874 684 3931 inducens
695 3875 725 3930 in
735 3890 860 3931 errorem
877 3891 895 3930 a
908 3875 1074 3933 tridentino
1086 3876 1252 3935 damnatum
1264 3880 1296 3936 ul
1309 3878 1491 3948 haereticum,
1575 3873 1576 3936 i

286 3955 391 4013 iterum
404 3958 434 4013 in
449 3955 517 4028 Baio
529 3955 710 4023 damnatum,
723 3955 777 4012 art.
795 3953 841 4012 40.

252 4089 298 4147 tl.
314 4092 376 4161 Qua
389 4109 456 4150 vero
474 4094 553 4168 parte
568 4092 642 4148 inter
656 4090 849 4148 dominantem
864 4091 1049 4166 cupiditatem
1064 4097 1093 4152 et
1105 4095 1278 4153 Charitatem
1294 4096 1492 4153 dominantem
1575 4099 1576 4102 ’

217 4171 291 4229 nulli
306 4176 449 4246 ponuntur
461 4173 580 4231 allectus
594 4171 682 4228 medii
694 4187 711 4227 a
725 4173 829 4228 natura
845 4171 909 4246 ipsa
923 4172 1005 4229 insiti
1025 4175 1183 4250 suapleque
1194 4176 1298 4233 natura
1316 4175 1492 4247 laudabiles

218 4253 267 4326 qui
289 4267 347 4309 uua
368 4269 432 4309 cum
446 4270 541 4310 amore
559 4251 748 4310 beatitudinis
765 4252 946 4326 naturalique
964 4255 1154 4329 propensione
1168 4255 1204 4312 ad
1218 4255 1325 4314 bonum
1338 4273 1496 4314 romonae·

217 4335 291 4389 rant
302 4330 380 4389 velat
395 4339 532 4391 extremo
546 4332 728 4390 lineamento
741 4338 769 4390 et
781 4329 919 4406 reliquiae
937 4333 1106 4408 imaginis:

252 4415 293 4471 Ex
307 4414 335 4472 S·
353 4413 473 4485 August.
489 4413 525 4471 de
542 4413 615 4489 Spir.
630 4415 659 4471 et
673 4411 729 4472 litt.
743 4429 805 4488 cap.
819 4429 924 4487 xxru13
