3216 5020
210 223 278 284 252
503 289 506 297 ,
743 235 950 280 rnscrarus

217 373 231 408 «
255 350 389 430 neglecto
403 347 486 411 licito
501 347 603 411 studio
622 347 772 422 scientiae,
788 346 890 428 potius
904 345 1023 409 curiosa
1041 351 1190 410 sectantes
1204 365 1317 427 magna
1331 365 1403 410 cum
1417 345 1481 410 ani-

219 462 234 498 «
262 456 385 500 marum
400 441 535 518 jactura,
552 436 710 518 ipsiusque
728 436 827 498 citilis
847 435 998 498 societatis
1017 435 1215 510 detrimento,
1237 436 1385 499 ariolandi
1404 437 1481 500 divi-

219 551 235 585 «
258 526 415 606 nandique
435 524 622 606 principium
643 525 797 606 quoddam
815 543 846 586 se
864 531 968 586 nactos
987 523 1165 604 glorientur.
1187 523 1264 588 Hinc
1285 525 1482 588 somnambu-

217 639 233 675 «
256 614 342 678 lismi
358 620 389 676 et
403 614 490 676 clarae
508 613 700 688 intuitionis,
717 613 766 675 uti
784 619 907 688 vocant,
924 611 1088 694 praestigiis
1101 613 1288 677 mulierculae
1302 613 1376 688 illa,
1394 613 1484 694 gosti-

215 727 232 762 «
257 702 463 765 culationibus
490 720 552 764 non
581 720 698 783 semper
725 702 903 764 verecundis
930 702 1076 781 abrepta,
1104 719 1134 764 se
1158 701 1329 764 invisibilia
1353 717 1484 784 quaque

213 816 231 852 «
255 791 424 872 conspicere
446 790 607 866 effutiunt,
625 809 659 855 ac
679 793 716 854 de
729 792 795 872 ipsa
815 789 970 870 Religione
990 809 1144 853 sermones
1164 789 1342 865 instituere,
1364 793 1484 855 animas

214 905 229 941 «
260 888 455 943 mortuorum
476 898 613 956 evocare,
635 898 778 960 responsa
797 879 942 960 accipere,
963 879 1068 959 ignota
1087 897 1122 940 ac
1142 878 1309 962 longinqua
1329 881 1481 960 detegere,
1569 927 1570 930 η

214 993 228 1028 «
258 969 377 1050 aliaque
392 969 424 1031 id
439 987 534 1049 genus
547 969 759 1050 superstitiosa
772 986 906 1031 exercere
920 987 997 1030 ausu
1016 967 1177 1030 temerario
1194 975 1402 1049 praesumunt,
1418 988 1485 1032 ma-

219 1083 235 1118 «
258 1075 354 1138 gnum
375 1063 530 1138 quaestum
551 1057 662 1120 sibiae
682 1056 816 1120 dominis
838 1057 902 1118 suis
923 1057 1090 1119 divinando
1110 1063 1190 1120 certo
1212 1065 1428 1120 consecutura.
1449 1060 1485 1120 In

223 1171 238 1207 «
261 1147 342 1209 hisce
357 1146 511 1220 omnibus,
525 1165 717 1226 quacumque
731 1147 857 1209 demum
870 1153 1000 1208 utantur
1013 1151 1078 1208 arte
1092 1145 1139 1208 vel
1151 1145 1303 1218 illusione,
1318 1165 1390 1208 curn
1404 1147 1484 1209 ordi-

218 1259 233 1295 «
258 1243 373 1299 nentur
390 1235 491 1297 media
506 1235 630 1317 physica
648 1235 687 1296 ad
701 1235 825 1297 effectus
839 1252 902 1296 non
920 1234 1089 1308 naturales,
1106 1233 1257 1315 reperitur
1270 1235 1406 1315 deceptio
1420 1254 1484 1298 om-

225 1349 239 1384 «
263 1324 337 1387 nino
349 1323 469 1400 illicita,
486 1330 517 1386 et
529 1323 724 1398 haereticalis,
741 1328 771 1385 et
786 1323 962 1385 scandalum
977 1329 1081 1384 eontra
1094 1322 1286 1384 honestatem
1301 1339 1436 1386 morum.

261 1413 390 1493 «Igitur
410 1413 449 1475 ad
471 1418 594 1474 tanturn
614 1413 698 1474 nefas
719 1419 749 1474 et
769 1411 918 1492 Religioni
939 1417 970 1473 et
988 1410 1070 1474 civili
1090 1411 1226 1474 societati
1247 1411 1484 1474 infestissimum

223 1527 239 1562 «
261 1501 418 1565 efficaciter
438 1501 656 1576 cohibendum,
678 1500 803 1563 excitari
822 1519 916 1581 quam
936 1500 1071 1562 maxime
1089 1501 1177 1563 debet
1195 1500 1353 1580 pastoralis
1376 1501 1485 1564 solliei-

220 1615 237 1650 «
259 1592 348 1666 tudo,
369 1591 529 1670 vigilantia
547 1610 580 1653 ac
601 1592 681 1653 zelus
702 1590 919 1671 Episcoporum
940 1589 1091 1652 omnium.
1113 1592 1309 1670 Quapropter,
1331 1597 1486 1671 quantum

224 1704 239 1740 «
262 1680 368 1743 divina
388 1679 535 1761 adjutrice
556 1679 654 1759 gratia
674 1685 819 1760 poterunt
838 1679 974 1742 locorum
991 1677 1160 1754 Ordinarii,
1177 1697 1239 1760 qua
1257 1684 1392 1759 paternae
1410 1679 1487 1740 cari-
1593 1695 1594 1704 ¹

226 1793 240 1828 «
265 1768 337 1831 tatis
358 1768 578 1848 monitisque
597 1769 709 1830 severis
728 1767 1007 1849 objurgationibus,
1023 1785 1084 1848 qua
1103 1767 1229 1829 demum
1244 1767 1325 1847 juris
1343 1767 1487 1830 remediis
1593 1799 1594 1802 κ

224 1882 242 1917 «
264 1857 427 1932 adhibitis,
450 1864 543 1937 prout
564 1857 690 1919 attentis
710 1858 859 1930 locorum,
883 1873 1096 1936 personarum,
1118 1863 1351 1936 temporumque
1379 1857 1488 1937 adjun-

227 1971 243 2006 «
266 1947 339 2022 ctis,
357 1945 497 2027 expedire
523 1945 557 2007 in
576 1945 705 2008 Domino
724 1944 946 2027 judicaverint,
963 1962 1086 2007 omnem
1106 1945 1289 2025 impendant
1308 1961 1431 2024 operam
1450 1945 1488 2006 ad

219 2059 235 2094 «
255 2035 433 2117 hujusmodi
447 2034 645 2115 magnetismi
660 2035 775 2098 abusus
789 2033 997 2114 reprimendos
1011 2039 1041 2096 et
1055 2034 1240 2109 avellendos,
1261 2039 1298 2095 ut
1311 2033 1486 2095 Dominicus

221 2149 236 2185 «
259 2145 330 2206 grex
344 2125 524 2187 defendatur
538 2123 575 2186 ab
591 2123 716 2186 inimico
730 2123 870 2197 homine,
887 2122 1060 2203 depositam
1073 2122 1158 2186 Fidei
1173 2129 1292 2184 sartum
1311 2128 1486 2202 tectumque

222 2237 237 2272 «
260 2213 459 2288 custodiatur,
477 2220 507 2276 ot
521 2213 621 2275 fidelos
637 2212 696 2275 sibi
710 2211 816 2274 crediti
831 2231 849 2274 a
863 2229 986 2274 morum
1000 2211 1192 2292 corruptione
1205 2217 1438 2291 praeserventur.

261 2366 274 2400 «
292 2345 404 2404 Datum
426 2347 544 2418 Romae,
561 2343 595 2405 in
616 2343 799 2406 Cancellaria
821 2345 850 2404 S.
871 2340 967 2403 Officii
988 2341 1068 2422 apud
1089 2339 1289 2414 Vaticanum,
1313 2338 1363 2403 die
1384 2345 1403 2403 l
1424 2341 1485 2403 Au-

220 2455 236 2490 «
258 2429 341 2512 gusti
363 2436 451 2494 raso.
521 2433 526 2444 '

1001 2549 1016 2584 «
1033 2529 1069 2587 V.
1086 2526 1173 2589 Gard'.
1190 2531 1316 2590 Mncclll.
1336 2549 1350 2582 11

714 2763 925 2819 APPENDIX
948 2761 992 2818 lll

477 2933 511 2973 bh
531 2932 750 2974 consummeris
767 2931 934 2984 SPIRITUM,
954 2931 1003 2972 SEU
1024 2929 1058 2972 DE
1077 2931 1234 2972 srlntrlslto

260 3089 329 3149 282.
347 3121 386 3130 —
406 3085 454 3147 En
476 3103 592 3160 recens,
611 3086 662 3148 sed
684 3085 826 3147 omnium
847 3085 979 3166 pessima
1000 3083 1189 3164 superstitio,
1208 3101 1276 3165 qua.
1297 3084 1353 3145 hoc
1374 3102 1440 3146 aevo
1459 3083 1491 3146 in

222 3173 388 3256 perniciem
402 3173 579 3236 animarum
593 3175 631 3236 ab
645 3176 718 3236 Orco
732 3181 837 3236 exorta
851 3179 907 3234 est.

266 3265 313 3326 ab
332 3263 450 3343 integro
470 3263 529 3325 lere
549 3263 656 3326 saeculo
674 3281 727 3344 per
745 3268 847 3324 totum
866 3262 969 3324 orbern
985 3267 1118 3342 grassata
1138 3261 1237 3324 ficerat
1258 3261 1409 3326 immanis
1428 3281 1491 3332 ma-

228 3351 373 3432 gnetismi
388 3353 463 3414 lues.
480 3351 614 3414 Subinde
628 3351 764 3432 prodiere
779 3356 808 3413 et
821 3350 1015 3431 percrebuere
1035 3350 1209 3413 tabularum
1224 3351 1396 3414 rotantium
1412 3352 1492 3433 phae-

224 3459 365 3515 nomena,
377 3459 444 3524 qnae
459 3440 555 3502 variis
567 3441 702 3503 motibus
717 3439 939 3522 quaestionibus
954 3439 1013 3501 sibi
1028 3438 1187 3521 propositis
1202 3437 1342 3502 derebus
1355 3441 1491 3515 occultis,

223 3537 254 3592 et
273 3531 366 3592 etiam
386 3530 422 3593 de
441 3536 525 3592 statu
544 3528 720 3592 animarum
738 3530 966 3602 defunctorum,
984 3547 1125 3609 responsa
1145 3529 1269 3591 dabant.
1287 3529 1404 3593 Siluere
1423 3547 1494 3592 mox

232 3619 352 3694 tabulae,
366 3619 417 3681 sed
432 3620 520 3700 paulo
533 3622 611 3700 post,
629 3637 682 3680 seu
696 3619 810 3680 nostris
824 3617 903 3680 hisce
917 3617 1117 3698 temporibus,
1130 3617 1167 3680 ab
1182 3635 1263 3681 anno
1278 3615 1392 3681 scilicet
1403 3622 1491 3693 lssdil,

223 3708 394 3783 daemones,
411 3708 466 3788 qui
479 3707 618 3770 homines
636 3725 689 3788 por
707 3705 852 3769 vaticinia
872 3706 1095 3769 somniantium
1114 3711 1144 3767 et
1162 3713 1265 3787 postca
1283 3724 1336 3786 per
1350 3725 1494 3788 responsa

226 3796 401 3858 tabularum
416 3797 606 3877 deceperant,
623 3795 713 3877 ipsis,
730 3813 782 3878 per
796 3795 945 3877 pythones
965 3813 1018 3858 seu
1032 3813 1174 3876 personas
1190 3794 1385 3856 intermedias
1401 3797 1493 3878 (quas

228 3885 356 3946 mediam
371 3885 510 3966 vocant),
527 3884 664 3946 illudunt
677 3891 707 3946 et
721 3883 918 3946 insidiantur.

264 3974 312 4036 Sic
326 3981 431 4037 autem
446 3973 613 4055 spirituum
628 3971 809 4036 consultatio
822 3974 954 4036 habetur
968 3992 975 4033 :

267 4062 342 4126 Adis
355 4063 534 4146 pythonem,
544 4062 594 4124 eui
609 4062 760 4142 significas
770 4061 803 4124 id
815 4062 897 4142 quod
911 4061 986 4124 scire
1000 4061 1085 4143 cupis
1100 4062 1241 4124 derebus
1256 4061 1382 4124 omnino
1398 4063 1495 4125 occul-

229 4149 285 4223 tis,
303 4152 473 4230 prasertim
488 4153 526 4215 ad
540 4152 667 4214 alteram
683 4149 781 4212 vitam
796 4147 1013 4232 spectantibus.
1028 4151 1076 4213 Ab
1091 4168 1124 4212 eo
1138 4151 1354 4232 interrogatur,
1370 4157 1401 4213 te
1420 4169 1494 4232 pra-

227 4246 313 4301 sente
327 4245 358 4302 et
371 4241 529 4317 audiente,
546 4239 657 4322 aliquis
677 4238 819 4320 spiritus,
836 4239 924 4320 quasi
941 4237 982 4300 sit
998 4238 1103 4300 anima
1116 4239 1284 4320 quapiam,
1302 4258 1370 4325 qua
1387 4259 1427 4303 ex
1440 4239 1495 4304 hac

229 4326 294 4388 vita
311 4331 377 4409 jam
395 4330 589 4412 migraverit,
613 4349 643 4392 r.
660 4347 719 4410 gr„
743 4328 848 4389 anima
873 4326 968 4408 patris
989 4327 1052 4402 tui,
1074 4327 1199 4403 matris,
1222 4328 1347 4402 sororis,
1369 4335 1427 4391 etc.
1450 4331 1495 4390 Ex

231 4417 398 4495 responsis,
415 4438 482 4501 qua
502 4420 625 4491 dantur,
642 4417 772 4480 minime
791 4415 930 4478 dubitare
943 4433 1046 4496 posses
1061 4421 1090 4479 te
1104 4435 1173 4479 rere
1192 4432 1262 4480 cum
1280 4415 1432 4482 defunctis
1449 4435 1494 4478 ca-

231 4503 363 4567 rissimis
378 4507 561 4588 eolloquium
575 4507 695 4570 habore.
712 4505 767 4568 Isti
781 4503 865 4568 enim
879 4504 1013 4586 plurima
1027 4498 1085 4568 tibi
1100 4505 1244 4582 referunt,
1256 4511 1285 4568 et
1297 4505 1424 4587 quidem
1437 4504 1493 4569 tihi
1591 4567 1592 4604 ,
