3136 5034
205 259 276 320 480
738 267 945 315 anscausus

205 389 354 458 tractum,
373 383 462 446 modo
481 381 548 463 ipsa
566 381 638 444 laesa
655 384 687 442 et
700 381 821 460 decepta
834 399 898 443 non
911 379 1015 443 luerit.
1032 381 1150 461 sapius
1169 386 1271 446 autem
1287 381 1410 447 ratione
1423 386 1482 449 doli

205 492 224 536 a
236 471 381 536 beneficio
395 471 470 552 lagIs
484 470 671 533 excludenda
685 473 741 532 est.

245 567 278 625 t⁰
297 566 388 636 Uxor,
403 578 472 642 quae
486 559 524 622 ab
540 558 599 621 alio
613 557 774 638 pecuniam
788 565 933 620 mutuam
946 559 1023 639 petit
1036 578 1091 641 pro
1106 559 1231 636 marito,
1244 580 1276 624 se
1289 562 1432 643 obligans
1446 566 1483 628 ad

205 669 274 715 eam
284 650 508 712 restituendam
521 648 556 710 in
567 645 674 710 mariti
686 645 821 722 defectu,
835 646 996 710 restituere
1008 652 1139 721 tenetur,
1152 648 1179 712 si
1191 650 1240 712 vir
1253 651 1485 716 restitutionem

205 740 301 804 lacere
315 757 379 801 non
392 737 505 820 possit,
521 741 577 798 aut
590 733 688 798 nolit:
705 733 764 798 luit
778 735 863 798 enim
876 753 968 798 causa
980 735 1117 800 absolute
1135 738 1346 802 determinans
1364 745 1484 804 conua-

205 836 283 892 ctus.
301 829 380 908 Ergo
396 824 613 906 obligationem
627 822 719 886 libere
735 829 906 905 susceptam
923 824 1088 906 adimplere
1101 825 1206 902 debet,
1225 828 1401 908 prasertim
1418 830 1484 892 siro

205 917 362 992 deiunoto;
380 934 465 980 secus
481 915 569 977 malas
584 911 654 976 fidei
668 913 819 974 evaderet.
835 914 862 974 A
879 914 1009 994 fortiori
1022 933 1099 977 uxor
1113 914 1272 980 restituere
1286 915 1379 980 debet
1391 937 1485 998 pecn-

205 1006 291 1068 niam
312 1024 330 1067 a
352 1023 384 1068 se
405 1004 438 1067 in
459 1001 614 1084 propriam
634 1000 818 1076 utilitatem,
841 1000 937 1064 inscio
962 1002 1088 1078 marito,
1111 1010 1298 1068 mutuatam.
1324 1006 1375 1068 Sic
1397 1007 1483 1070 enim

205 1095 316 1157 clamat
330 1093 480 1156 naturalis
495 1091 634 1174 aequitas.
650 1125 691 1136 —
711 1089 745 1152 V.
764 1088 872 1170 Casus,
889 1111 921 1152 n.
938 1095 997 1156 773
1012 1100 1116 1174 etseq.

586 1281 604 1364 ἓ
625 1277 686 1346 lll.
708 1279 755 1345 De
772 1278 916 1346 ciuiliter
931 1279 1093 1348 mortuis.

245 1431 315 1492 7¹10.
325 1425 487 1490 —Mortui
503 1424 633 1488 civiliter
646 1424 802 1497 dicuntur,
814 1423 869 1506 qui
882 1425 921 1486 ad
935 1431 1082 1500 mortem,
1095 1425 1134 1488 ad
1148 1424 1288 1488 triremes
1301 1435 1478 1508 perpetuas,

205 1517 253 1580 vel
262 1517 300 1579 ad
308 1514 549 1596 deportationem
560 1513 698 1576 damnati
710 1511 838 1576 fuerint.
850 1511 890 1576 lli
903 1519 1008 1576 autem
1018 1521 1093 1577 sunt
1101 1513 1245 1596 precipui
1256 1516 1370 1579 mortis
1382 1517 1480 1580 civilis

204 1605 352 1669 effectus:
372 1609 404 1667 l⁰
417 1602 558 1666 amittere
576 1601 793 1683 proprietatem
811 1601 978 1678 bonorum,
999 1621 1067 1684 quae
1087 1602 1126 1664 ad
1145 1603 1278 1666 harenas
1298 1611 1480 1682 transeunt,

204 1693 282 1776 quin
298 1693 396 1757 valeat
416 1696 652 1766 testamentum,
670 1690 695 1752 si
714 1691 797 1770 quod
814 1689 957 1767 iecerint;
972 1695 1003 1753 2⁰
1016 1709 1080 1754 non
1096 1709 1183 1772 posse
1200 1692 1333 1773 accipere
1351 1695 1481 1758 haeredi-

204 1787 300 1845 tatem
312 1789 367 1844 aut
377 1779 570 1855 donationes,
584 1785 694 1860 praeter
707 1779 739 1841 id
754 1779 835 1859 quod
847 1779 885 1841 ad
899 1797 1005 1842 eorum
1016 1780 1271 1843 sustentationem
1284 1781 1478 1858 destinatur;

204 1875 237 1934 30
257 1889 320 1934 non
338 1887 424 1950 posse
443 1869 555 1931 donare
572 1868 667 1943 bona,
689 1885 757 1948 quaa
778 1866 991 1948 acquisierint,
1012 1868 1077 1930 sive
1094 1867 1177 1931 inter
1195 1869 1281 1932 sivos
1301 1869 1367 1934 sire
1388 1875 1479 1934 testa·

204 1965 319 2023 mento.
342 1995 381 2004 -
402 1960 471 2021 Haec
494 1956 638 2020 ridentur
656 1956 825 2037 generatim
845 1955 988 2019 effectum
1008 1956 1120 2019 habere
1137 1955 1172 2020 in
1193 1957 1256 2020 foro
1274 1959 1475 2022 conscientiae.

204 2050 352 2112 Attamen
375 2049 466 2128 juxta
490 2063 687 2108 communem
716 2043 1000 2126 interpretationem
1027 2063 1090 2108 non
1118 2045 1325 2126 prohibentur
1346 2047 1478 2111 ciriliter

205 2137 320 2200 mortui
347 2134 385 2198 ab
414 2134 595 2215 accipiendis
625 2133 841 2196 donationibus
869 2133 1066 2196 manualibus
1094 2133 1298 2214 quibuslibet.
1323 2135 1478 2199 lnhabiles

204 2227 288 2289 enim
307 2225 434 2288 suntad
452 2243 487 2286 ea
500 2224 678 2298 dumtaxat,
695 2239 764 2303 quae
778 2222 841 2303 lege
860 2222 1122 2297 determinantur,
1139 2224 1221 2286 unde
1235 2223 1390 2306 plerosque
1403 2243 1479 2288 con-
1563 2241 1564 2246 ’

204 2314 425 2378 tractusvalide
435 2313 595 2387 incantet
604 2311 712 2392 agendi
722 2309 895 2374 commercii
906 2329 968 2373 non
979 2310 1478 2392 suntincapaces.-Itoluellom.

244 2405 320 2482 Lege
334 2408 370 2466 31
387 2401 459 2467 Maii
474 2405 553 2466 test
567 2421 647 2462 mors
659 2401 756 2462 civilis
767 2401 800 2461 in
814 2399 909 2464 Gallia
921 2398 1034 2462 abolita
1048 2405 1109 2478 est3
1125 2400 1339 2464 interdictione
1352 2410 1480 2466 tantum

203 2491 387 2573 plectuntur,
406 2489 460 2571 qui
475 2497 565 2554 antea
578 2488 671 2552 morti
688 2487 772 2551 civili
785 2494 872 2550 erant
886 2487 1020 2551 obnoxii.

537 2667 552 2756 ἓ
573 2665 631 2734 lV.
649 2665 700 2735 Dc
713 2665 902 2734 interdictis
920 2669 952 2734 et
969 2665 1139 2755 prodipasss.

244 2835 313 2896 tlt.
331 2865 369 2874 -
383 2827 540 2892 Interdicti
558 2835 634 2892 sunt
651 2828 714 2903 illi,
730 2828 785 2910 qui
801 2826 916 2908 judicis
935 2827 1087 2890 sententia
1106 2827 1260 2908 incapaces
1278 2826 1480 2890 declarantur
1562 2807 1563 2876 ἶ

203 2927 290 2983 actus
303 2917 408 2982 civiles
422 2917 579 2980 exercendi
594 2918 632 2981 ob
644 2923 762 2980 statum
775 2915 1011 2991 imbecillitatis,
1023 2923 1079 2979 aut
1091 2915 1269 2992 dementia,
1282 2921 1338 2978 aut
1348 2915 1477 2979 luroris.

203 3009 385 3088 Designatur
402 3011 507 3069 autem
525 3006 587 3069 illis
606 3005 717 3087 aliquis
736 3012 773 3068 ut
792 3013 887 3081 tutor,
904 3022 1069 3086 omnesque
1088 3022 1195 3068 eorum
1214 3011 1300 3067 aetus
1315 3007 1387 3086 jura
1403 3013 1478 3068 srmt

202 3097 303 3174 irriti;
321 3115 383 3158 non
405 3102 509 3158 tamen
528 3094 666 3158 absolute
682 3095 759 3157 nulli
774 3093 949 3157 aestimandi
967 3099 1042 3156 sunt
1055 3099 1126 3156 ante
1146 3093 1333 3156 sententiam
1347 3093 1476 3176 judicis.

203 3188 307 3248 Cessat
321 3183 511 3258 interdictio,
530 3189 666 3246 cessante
680 3201 784 3258 causa;
804 3187 891 3264 cujus
909 3182 1035 3246 cessatio
1055 3182 1199 3245 declarari
1219 3182 1340 3245 debeta
1356 3182 1475 3265 judice,

204 3279 241 3336 ut
264 3271 445 3334 interdictus
466 3271 562 3354 possit
585 3272 699 3334 iterum
726 3270 856 3334 civiliter
882 3290 979 3352 agere.
1005 3271 1125 3351 Prodigi
1143 3270 1276 3353 juridice
1300 3270 1475 3335 denuntiati

203 3359 355 3424 inhabiles
380 3366 455 3423 sunt
479 3360 518 3422 ad
541 3363 635 3422 certos
659 3360 810 3423 ineundos
833 3367 1006 3424 contractus
1024 3361 1087 3440 lege
1106 3357 1343 3436 determinatos,
1360 3360 1476 3441 absque

202 3449 377 3514 assistentia
391 3447 587 3511 consiliariis
600 3449 702 3528 judice
716 3449 887 3512 constituti.
1561 3445 1562 3506 l

241 3539 370 3602 Nullitas
393 3555 482 3617 porro
502 3541 715 3601 contractuum
736 3537 887 3600 initorum
909 3538 946 3601 ab
964 3537 1134 3601 interdictis
1154 3542 1185 3601 et
1207 3538 1345 3619 prodigis
1365 3537 1475 3620 opponi

202 3627 326 3708 quidem
341 3625 379 3688 ab
395 3623 470 3706 ipsis
489 3630 656 3706 potestant
673 3625 712 3689 ab
732 3626 894 3706 agentibus
913 3627 1036 3690 illorum
1057 3645 1195 3702 causam,
1215 3645 1279 3690 non
1295 3645 1369 3692 vero
1386 3627 1425 3690 ab
1440 3626 1477 3688 iis

202 3715 256 3800 qui
274 3733 344 3778 cum
361 3712 421 3776 illis
436 3720 669 3790 contraxerunt,
687 3715 768 3778 sicut
784 3715 821 3777 de
837 3715 1010 3779 minoribus
1028 3717 1147 3780 dictum
1163 3723 1219 3780 est.

700 3892 917 3956 ARTIGULUS
937 3893 977 3954 Ill

633 4047 671 4092 ns
698 4047 847 4093 cosssssu
873 4047 1028 4100 asoursrro

569 4171 601 4230 {⁰
611 4169 685 4249 Ejus
699 4167 798 4242 dotes;
817 4171 851 4230 2⁰
866 4165 943 4230 vitia
956 4165 1102 4249 opposita.

505 4304 564 4396 §t
586 4308 633 4374 Dc
647 4305 781 4374 dotibus
801 4305 947 4394 lepitc'ma'
964 4325 1156 4376 consensus.

199 4537 220 4600 b
240 4454 310 4600 773.
327 4485 366 4498 -
380 4453 552 4516 consensus
566 4470 630 4516 esse
644 4452 733 4516 debet
750 4458 908 4524 externus,
923 4449 1083 4528 internus,
1097 4455 1246 4528 mutuus,
1263 4449 1343 4516 liber
1355 4459 1388 4516 et
1401 4450 1474 4515 deli-
1559 4423 1560 4436 ἵ

222 4555 272 4602 era
286 4557 335 4602 us.
