3202 5020
206 174 273 232 lit
632 237 635 244 ¹
734 182 939 227 reserares

244 303 275 360 4⁰
290 296 430 374 Marciis,
450 299 504 356 aut
522 293 664 376 pacatae,
689 296 737 356 uel
757 297 869 372 mictu,
892 297 983 374 prout
1001 295 1058 358 sub
1076 296 1137 357 sola
1153 297 1255 376 culpa,
1272 297 1320 359 vel
1339 297 1396 360 sub
1416 299 1478 360 sola

204 405 309 470 paena,
326 385 374 448 vel
389 384 445 446 sub
461 390 591 464 utreque
603 383 699 445 simul
708 383 832 462 obligat.

247 480 279 539 5⁰
293 479 319 536 Α
323 474 507 556 ffimaatica,
524 472 571 533 vel
588 473 745 554 negativa,
764 475 854 552 prout
866 471 1003 553 precipit
1016 478 1102 535 actus
1116 473 1314 552 positionem,
1332 475 1379 536 vel
1392 475 1478 536 illam

205 564 356 646 prohibet.
373 562 451 622 Hinc
466 560 577 622 dicitur
587 560 680 622 etiam
693 560 888 642 praeceptiva,
904 561 950 624 vel
962 561 1162 643 prohibitiva.

246 657 277 715 60
290 650 458 711 Protibcas
472 649 660 729 simpliciter,
676 650 723 711 uel
737 650 880 724 imitans,
897 657 953 712 eut
963 651 1156 730 permittens,
1173 656 1262 732 prout
1275 655 1378 714 actum
1391 651 1479 714 illici-

206 747 275 803 tum
290 745 431 813 tantum,
447 745 502 800 aut
516 737 690 800 invalidum
704 738 816 812 reddit,
836 739 883 800 vel
897 743 1035 817 agentem
1049 738 1188 817 prohibet
1200 739 1376 820 inquietari.

248 835 279 891 7⁰
297 827 504 906 Fauoradilis,
521 828 569 891 uel
591 826 710 904 odiosa,
732 833 824 906 prout
844 826 1025 889 beneficium
1045 845 1098 889 seu
1114 827 1249 890 fanonem
1267 828 1417 903 concedit,
1435 830 1481 890 vel

208 936 286 980 onus
301 923 355 978 aut
366 934 532 996 gravamen
546 915 647 978 infert.

250 1011 282 1070 8⁰
295 1005 429 1088 Scripta,
440 1005 486 1067 vel
500 1023 556 1065 asa
568 1015 699 1082 servata,
711 1010 800 1085 prout
812 1005 957 1068 mandato
972 1004 1082 1084 scripto
1096 1003 1202 1082 fertur,
1221 1006 1270 1070 vel
1283 1007 1346 1070 sela
1359 1023 1486 1070 consue·

208 1095 316 1157 tudine
330 1094 534 1156 introducitur
548 1099 579 1154 et
592 1101 742 1156 servatur.

250 1188 300 1247 89.
317 1219 356 1228 -
369 1184 470 1258 Quae.
488 1181 598 1257 Quales
609 1182 668 1243 sint
681 1183 941 1263 proprietatesseu
952 1182 1132 1244 conditiones
1146 1183 1217 1264 lepis
1228 1177 1389 1248 tamena?

252 1273 341 1354 Hesp.
359 1291 369 1332 :
384 1272 463 1332 Sunt
479 1273 651 1350 sequentm,
670 1289 739 1350 quae
753 1270 786 1332 in
805 1269 871 1350 ipsa
887 1271 962 1350 legis
981 1270 1157 1334 delinitione
1173 1273 1386 1346 includuntur,
1403 1271 1485 1335 scili-

211 1368 272 1435 cet,
290 1361 377 1424 dehet
397 1377 460 1422 esse
476 1360 642 1441 posseditis,
663 1359 798 1438 dococta,
817 1360 916 1438 cutilia,
925 1360 1028 1441 jacta,
1046 1379 1225 1444 permanens
1239 1381 1292 1423 seu
1305 1361 1440 1436 stabilis,
1457 1365 1486 1422 et

207 1451 413 1533 promulgata.
429 1451 528 1511 —Ita
543 1447 942 1530 caprimcpcrteltecca,
959 1449 999 1510 D.
1018 1453 1050 1523 l,
1067 1469 1134 1510 aaa.
1151 1454 1181 1512 t.

252 1545 283 1600 10
301 1537 470 1610 Possidilis,
497 1538 596 1600 idest
619 1538 842 1600 accommodata
869 1537 1008 1600 moribus
1031 1542 1061 1598 et
1084 1537 1322 1601 circumstantiis
1343 1557 1487 1620 persona-

210 1646 300 1703 rum,
322 1634 378 1691 eta.

253 1721 284 1780 2⁰
298 1715 447 1792 Honesta,
464 1716 556 1778 idest
572 1715 650 1778 nihil
665 1719 817 1790 statuane,
831 1717 912 1798 quod
922 1716 1122 1778 inhonestum
1135 1715 1189 1791 sit,
1198 1734 1233 1778 ao
1244 1716 1332 1778 bonis
1347 1717 1488 1780 moribus

214 1825 267 1869 seu
281 1813 370 1868 rectae
385 1805 495 1868 rationi
510 1810 565 1867 aut
579 1805 693 1868 divina
706 1804 765 1885 legi
780 1806 918 1886 positiva
932 1821 1120 1884 repugnans;
1138 1805 1333 1886 nequeenim
1348 1806 1488 1868 adactus
1584 1817 1585 1890 g

214 1897 310 1958 malos
324 1899 353 1956 et
370 1894 479 1956 ultimo
492 1892 629 1956 hominis
643 1893 699 1956 fini
713 1895 855 1956 adversos
868 1893 1056 1972 obstringere
1070 1892 1119 1956 lex
1133 1900 1242 1974 potest.

253 1989 285 2047 30
303 1983 409 2060 Utilis,
426 1983 505 2045 bona
523 1981 702 2044 communi:
723 1989 753 2044 1⁰
771 1981 844 2062 quia
857 1982 975 2044 bonum
990 1982 1220 2046 communitatis
1234 1989 1279 2046 est
1296 1984 1367 2046 finis
1385 2001 1488 2046 essen-

213 2073 295 2135 tialis
314 2077 344 2134 et
361 2071 527 2152 primarius
545 2071 635 2150 legis;
649 2075 681 2133 2⁰
701 2070 773 2151 quia
793 2072 841 2133 lex
861 2076 907 2133 est
930 2077 1017 2133 actus
1036 2071 1165 2150 publica
1185 2074 1341 2153 potestatis
1363 2091 1431 2153 quae
1453 2073 1487 2134 in

215 2160 446 2223 solumbonum
461 2177 625 2222 commune
638 2159 783 2222 instituta
797 2167 853 2221 est.

255 2254 286 2312 4⁰
299 2249 404 2327 lucta,
425 2249 521 2311 idest
543 2249 712 2310 secundum
735 2266 877 2311 normam
894 2249 1024 2330 justitia
1048 2248 1267 2325 distributiva,
1288 2251 1360 2313 adeo
1380 2254 1414 2312 ut
1433 2250 1489 2312 alii

216 2357 278 2400 non
288 2338 386 2418 magis
395 2355 491 2418 quam
503 2337 603 2400 caeteri
613 2343 789 2417 graventur,
802 2338 855 2399 sed
864 2338 997 2401 subditis
1005 2357 1077 2400 cum
1089 2339 1260 2418 aequalitate
1267 2339 1487 2419 proportionis

216 2425 357 2507 spectatis
377 2443 483 2488 eorum
502 2425 620 2490 viribus
639 2433 670 2488 ct
693 2425 903 2502 facultatibus,
925 2427 1127 2507 imponatur:
1148 2445 1232 2490 secus
1251 2427 1286 2489 in
1304 2428 1492 2491 conscientia

216 2534 278 2578 non
291 2515 414 2594 obligat.

256 2609 288 2668 5⁰
304 2604 488 2666 Permanere
493 2651 502 2682 ,
519 2623 573 2666 seu
586 2605 705 2666 stabilis
711 2653 720 2684 ,
741 2605 775 2667 id
796 2610 842 2667 est
862 2611 979 2669 statuta
998 2606 1064 2668 sine
1083 2611 1219 2685 tempore
1237 2604 1374 2677 definito,
1391 2604 1439 2666 ita
1455 2612 1492 2666 ut

216 2695 310 2756 semel
329 2693 402 2768 lata,
428 2692 489 2756 nisi
510 2693 681 2774 abrogetur,
704 2694 751 2756 vel
775 2694 867 2757 noxia
889 2694 997 2756 evadat
1021 2699 1075 2755 aut
1096 2693 1231 2768 inutilis,
1257 2693 1375 2757 tamdiu
1398 2694 1493 2756 duret

216 2782 366 2864 quamdiu
381 2787 441 2844 stat
454 2783 660 2845 communitas
670 2782 720 2844 cui
731 2782 915 2863 imponitur,
927 2785 974 2846 vel
988 2780 1139 2863 quamdiu
1153 2787 1347 2862 perseverant
1359 2783 1493 2844 circum-

217 2871 340 2934 stantiae
353 2888 407 2951 pro
421 2871 535 2952 quihus
550 2871 609 2934 lata
623 2876 678 2933 est.
803 2923 806 2929 .

257 2965 288 3024 6⁰
301 2959 516 3042 Pramulpata,
531 2959 605 3039 quia
624 2961 673 3022 lex
691 2964 737 3022 est
754 2961 859 3040 regula
876 2959 1023 3040 generalis
1042 2967 1073 3023 et
1086 2961 1207 3042 publica
1226 2961 1399 3032 actionum,
1416 2960 1493 3022 diri-

217 3069 289 3130 gens
304 3056 333 3111 et
352 3049 488 3129 obligans
509 3048 775 3111 communitatem.
797 3051 910 3128 Regula
924 3056 1029 3112 autem
1047 3049 1177 3129 dirigere
1189 3053 1219 3111 et
1233 3049 1365 3129 obligare
1382 3050 1493 3130 nequit
1583 3079 1584 3124 4

217 3138 486 3214 communitatem,
502 3155 598 3220 quam
610 3137 703 3217 regit,
719 3137 781 3207 nisi
795 3136 836 3200 sit
850 3137 879 3199 ei
893 3156 945 3218 per
959 3139 1233 3218 promulgationem
1247 3139 1408 3218 applicata.

726 3389 902 3466 CAPUT
934 3391 973 3464 Il

392 3577 443 3630 DE
473 3578 660 3631 AUCTORE
691 3580 810 3630 LEGIS
840 3579 915 3630 SEU
946 3579 996 3630 DE
1027 3577 1312 3629 LEGISLATORE

258 3781 307 3840 83.
322 3811 363 3822 --
378 3775 544 3856 Legislator
553 3777 668 3840 dicitur
682 3777 833 3858 Superior,
848 3776 898 3838 oui
914 3775 978 3838 sive
992 3774 1199 3854 independens
1212 3793 1246 3836 ac
1260 3791 1401 3854 suprema
1411 3821 1417 3845 ,
1428 3774 1495 3836 sive

213 3865 426 4035 Jsltllllthphdgffitpe
426 3871 563 4016 1pltlcttestas
581 3864 662 3928 inest
679 3867 759 3946 leges
778 3864 893 3928 ferendi
907 3882 962 3943 pro
976 3864 1213 3940 communitate,
1234 3863 1267 3924 in
1289 3879 1383 3944 quam
1402 3863 1497 3924 habet

340 4117 565 4198 Principia.

258 4288 283 4348 I.
303 4290 381 4350 Deus
404 4289 486 4351 solus
505 4291 550 4350 est
570 4285 723 4366 legislator
746 4301 908 4364 supremus
934 4289 963 4346 et
985 4284 1183 4360 universalis,
1207 4303 1225 4346 a
1245 4303 1306 4364 quo
1327 4281 1497 4345 necessario

219 4375 320 4438 ceteri
343 4375 542 4456 legislatores,
561 4375 748 4457 quicumque
766 4373 843 4448 sint,
866 4391 989 4436 omnem
1013 4391 1102 4436 suam
1124 4377 1305 4454 potestatem
1324 4371 1497 4451 accipiunt,
1582 4429 1583 4438 ,

219 4463 283 4527 sive
298 4464 485 4546 immediate,
508 4465 571 4528 sive
585 4465 723 4527 mediate.
745 4465 824 4526 Deus
845 4463 929 4526 enim
949 4469 993 4526 est
1016 4463 1119 4543 regula
1138 4481 1261 4527 summa
1278 4467 1308 4525 et
1325 4457 1497 4525 essentialis
