3168 5002
443 190 737 238 raorosrrrouuu
761 193 1019 247 nsunarsauu
1326 201 1374 260 th

133 297 181 354 17.
198 297 354 355 Gratieest
365 315 419 354 vox
429 299 481 356 ilia
491 301 599 371 Patris,
620 319 686 375 quae
702 303 834 362 homines
849 307 970 368 interius
984 311 1075 381 docet,
1089 332 1122 372 ac
1136 333 1185 374 eos
1198 322 1295 379 venire
1305 323 1373 382 iacit

97 378 134 435 ad
147 380 248 436 lesum
260 377 404 436 Christum
417 401 423 435 :
437 381 608 454 quicumque
618 384 652 440 ad
667 399 733 440 eum
744 401 801 442 non
811 389 891 444 uenit
900 392 1052 464 postquam
1066 397 1176 454 audivit
1190 417 1288 460 vocem
1300 407 1374 464 eate-
1409 425 1410 432 ¹

97 459 207 516 riorern
214 459 299 528 Filii,
309 458 473 518 nullatenus
487 463 534 518 est
545 462 648 522 doctus
660 479 678 522 a
691 466 785 524 Patra.

133 546 180 606 18.
195 547 302 604 Semen
314 547 410 617 uerbi,
422 547 497 620 quod
509 565 612 608 manus
625 552 678 610 Dei
689 552 807 624 irrigat,
818 571 931 630 semper
941 559 1022 616 affert
1037 561 1161 622 iructum
1171 583 1266 626 suum.
1296 627 1299 634 ,

133 643 181 700 te.
196 645 248 700 Dei
260 644 353 714 gratia
366 643 439 700 nihil
451 645 532 702 alind
547 647 608 716 est,
629 665 714 721 quam
728 653 793 723 ejus
813 653 994 726 omnipotens
1005 656 1138 716 voluntas
1150 679 1157 716 τ
1169 660 1230 720 hac
1250 668 1296 723 est
1304 669 1374 728 idea

98 739 187 795 quarn
197 727 273 782 Deus
287 725 351 798 ipse
365 725 449 781 nobis
461 726 550 782 tradit
564 727 595 784 in
607 729 741 786 omnibus
754 731 817 788 suis
831 732 999 807 Scripturis.
1304 750 1307 760 ¹

137 810 182 867 to.
199 815 273 870 Vera
287 812 387 882 gratiae
401 811 467 869 idea
488 815 543 883 est,
562 815 636 887 quod
652 820 727 874 Deus
742 818 805 876 vult
824 820 880 876 sibi
895 838 913 878 a
932 824 1015 881 nobis
1030 825 1157 900 obediri,
1173 834 1202 888 et
1220 833 1372 896 obeditur:

101 891 237 965 imperat,
249 893 280 950 et
299 892 396 948 omnia
410 891 501 950 liunt:
517 893 647 968 loquitur
659 898 797 971 tanquam
812 901 966 972 Dominus,
983 906 1011 960 et
1032 909 1128 966 omnia
1148 911 1205 970 sibi
1225 915 1372 977 submissa

102 973 181 1109 sugit..
194 1053 294 1110 Gratia
306 1055 375 1110 lesu
390 1051 496 1111 Christi
509 1055 554 1112 est
568 1057 660 1127 gratia
675 1057 768 1128 tortis,
781 1061 893 1133 potens,
909 1071 1053 1137 suprema,
1071 1068 1258 1145 invincibilis,
1275 1080 1374 1152 utpote

99 1149 162 1205 quae
173 1136 221 1190 θεῖ
232 1133 359 1207 operatio
374 1132 528 1191 uoluntatis
540 1137 755 1211 omnipotentis,
771 1143 889 1214 sequela
901 1147 930 1200 et
943 1145 1065 1205 imitatio
1079 1154 1254 1224 operationis
1266 1159 1319 1218 Dei
1333 1161 1375 1219 in-

99 1214 246 1272 camantis
261 1216 290 1270 et
303 1214 506 1272 resuscitantis
516 1215 622 1274 Filium
636 1235 730 1276 suum.

116 1302 182 1394 ¹22.
199 1301 354 1394 Concordia
372 1303 577 1376 omnipotentis
594 1306 768 1378 operationis
784 1309 835 1366 Dei
854 1309 884 1366 in
908 1312 991 1370 corde
1004 1313 1129 1374 hominis
1144 1336 1210 1378 cum
1225 1323 1317 1385 libero
1332 1331 1375 1404 ip

98 1382 332 1440 srusroluntatrs
344 1397 487 1440 consensu
501 1385 715 1444 demonstratur
727 1386 807 1445 illico
818 1390 902 1448 nobis
917 1392 948 1448 in
961 1393 1174 1471 incarnatione,
1189 1404 1280 1463 veluti
1295 1407 1374 1468 fonte

96 1464 187 1534 atque
209 1463 510 1556 archetypoomuium
528 1464 652 1557 aliarum
671 1468 870 1540 operationum
893 1473 1098 1534 misericordia
1115 1483 1145 1536 et
1171 1485 1286 1557 gratia,
1309 1507 1373 1562 quae

98 1544 262 1679 omneqiorta
285 1545 420 1614 gratuitae
440 1545 524 1617 atque
554 1546 595 1601 rta
615 1545 809 1620 dependentes
830 1565 848 1606 a
874 1553 931 1608 lieo
946 1561 1029 1627 sunt,
1050 1557 1126 1615 sicut
1144 1560 1208 1634 ipsa
1222 1566 1372 1652 originalis

97 1637 185 1766 opit?
196 1713 273 1767 Deus
290 1710 353 1784 ipse
362 1709 447 1767 nobis
459 1710 554 1768 ideam
567 1712 687 1770 tradidit
705 1715 909 1790 omnipotentis
925 1721 1099 1791 operationis
1112 1741 1172 1782 suae
1185 1732 1295 1804 gratie,
1308 1751 1372 1794 eam

96 1790 268 1928 {aiffffim
288 1807 339 1864 per
366 1789 448 1868 illam
470 1807 535 1864 quae
554 1794 700 1850 creaturas
721 1813 738 1852 θ
755 1795 846 1854 nihilo
867 1799 1012 1871 producit,
1032 1803 1062 1858 θῖ
1077 1807 1197 1864 mortuis
1216 1813 1310 1870 reddit
1328 1817 1373 1872 ri-

131 1914 178 2015 ai.
191 1960 274 2014 lusia
288 1957 369 2027 idea,
383 1974 468 2031 quam
482 1960 612 2016 centurio
631 1959 717 2018 habet
734 1961 769 2018 de
788 1965 993 2039 omnipotentia
1012 1969 1065 2028 Dei
1084 1973 1112 2028 et
1126 1976 1194 2032 lesu
1216 1979 1321 2038 Christi
1342 1984 1373 2042 in

98 2037 239 2114 sanandis
253 2038 420 2112 corporibus
435 2039 497 2097 solo
518 2043 597 2097 motu
618 2057 678 2097 suae
693 2042 864 2114 voluntatis,
880 2049 925 2102 cst
942 2047 1037 2120 imago
1052 2050 1199 2126 ideaque
1213 2058 1373 2122 haberide-

97 2117 147 2174 bet
159 2115 196 2174 de
209 2117 417 2192 omnipotentia
432 2135 491 2174 suae
505 2120 605 2191 gratiae
621 2119 651 2175 in
662 2122 796 2179 sanandis
809 2125 962 2182 animabus
976 2143 995 2183 a
1008 2131 1176 2202 cupiditate.

133 2211 180 2270 ⁶25.
206 2217 281 2269 Deus
300 2213 445 2270 illuminat
464 2214 588 2270 animam
609 2217 638 2272 et
654 2233 718 2273 eam
732 2221 830 2289 sanat,
845 2237 926 2294 aeque
941 2239 975 2280 ac
988 2239 1107 2300 corpus,
1128 2232 1190 2287 sola
1209 2251 1261 2291 sua
1276 2239 1373 2296 rolan-

97 2295 158 2350 tate
171 2313 178 2349 :
189 2293 287 2366 J'ubet,
302 2297 330 2350 et
343 2295 400 2367 ipsi
414 2295 636 2369 obtemperatur.

136 2379 184 2436 26.
200 2380 293 2436 Nullae
305 2381 406 2438 dantur
419 2382 532 2452 gratie,
548 2383 604 2438 nisi
616 2399 667 2456 per
682 2384 792 2440 Fidem.

135 2468 182 2525 27.
201 2467 285 2524 Fides
298 2470 339 2524 est
350 2471 443 2542 prima
454 2469 560 2542 gratia,
575 2473 605 2526 et
619 2471 681 2526 ions
696 2472 823 2528 omnium
842 2473 975 2532 aliarum.

133 2555 179 2612 28.
206 2555 299 2612 Prima
318 2557 425 2628 gratia,
452 2573 536 2630 quam
565 2560 640 2615 Deus
660 2559 788 2616 concedit
809 2563 966 2635 peccatori,
988 2566 1033 2622 est
1061 2571 1240 2640 peccatorum
1268 2583 1372 2638 remis.

99 2653 152 2694 sio.

134 2723 178 2780 ao.
194 2727 281 2782 Extra
293 2724 453 2782 Ecclesiam
471 2724 552 2781 nulla
567 2725 732 2782 conceditur
743 2728 845 2799 gratia.

134 2811 179 2870 30.
194 2813 302 2871 Omnes
313 2828 383 2885 quos
397 2813 473 2870 Deus
485 2811 549 2871 vult
560 2812 673 2870 salvare
682 2830 732 2887 per
747 2815 909 2886 Christum,
926 2818 1075 2876 salvantur
1084 2821 1284 2890 infallibiliter.

135 2899 179 2957 31.
194 2900 343 2958 Desideria
357 2900 463 2956 Christi
478 2916 591 2974 semper
604 2901 712 2958 habent
729 2919 814 2960 suum
832 2903 983 2961 ellectum:
998 2922 1099 2980 pacem
1122 2911 1223 2974 intimo
1241 2923 1370 2984 cordium

100 2982 197 3050 infert,
212 2981 327 3054 quando
339 2981 381 3037 eis
391 2980 472 3036 illam
488 2982 575 3055 optat.

133 3068 177 3125 3⁶2.
189 3072 274 3126 lesus
288 3069 419 3126 Christus
432 3085 463 3124 se
477 3069 561 3124 morti
577 3067 695 3125 tradidit
709 3067 745 3124 ad
759 3067 941 3128 liberandum
956 3089 1007 3147 pro
1022 3091 1134 3151 semper
1153 3098 1206 3140 suo
1221 3087 1368 3164 Sanguine
1448 3119 1449 3122 ¹

101 3149 317 3222 primogenitos,
332 3147 418 3206 idest
432 3148 553 3220 electos,
569 3149 604 3206 de
619 3165 706 3204 manu
720 3149 815 3222 angeli
830 3152 1069 3213 exterminatoris.

131 3245 177 3303 33.
193 3245 281 3302 Proht
298 3245 436 3318 quantum
447 3245 558 3318 oportet
571 3244 654 3302 honis
673 3245 796 3320 terrenis
809 3248 838 3303 et
853 3245 1027 3324 sibimetipsi
1047 3257 1244 3331 renuntiasse,
1264 3265 1368 3326 adhoc

99 3331 129 3385 ut
141 3330 207 3402 quis
222 3329 357 3410 fiduciam
371 3327 476 3385 haheat
488 3328 557 3398 sibi,
570 3329 601 3384 ut
616 3328 657 3384 ita
674 3328 783 3398 dicam,
798 3331 999 3405 appropriandi
1018 3335 1160 3395 Christum
1176 3345 1284 3416 lesum,
1304 3351 1368 3421 ejus

98 3426 236 3478 amorem,
251 3411 370 3465 mortem
384 3410 414 3464 et
425 3407 574 3481 mysterial
586 3411 618 3465 ut
629 3407 697 3466 iacit
712 3412 828 3467 sanctus
846 3410 952 3468 Paulus
967 3411 1083 3474 dicens:
1101 3418 1161 3486 Qut
1177 3423 1290 3483 ditexit
1303 3446 1365 3500 ane,

99 3495 123 3545 et
138 3489 266 3546 tradidit
275 3487 470 3567 semetipsum
481 3505 538 3562 pro
551 3505 609 3544 me.

131 3573 174 3630 at.
191 3571 291 3630 Gratia
300 3572 403 3628 ,Adami
418 3587 474 3628 non
487 3570 662 3646 producebat
676 3570 735 3627 nisi
749 3572 851 3629 merita
862 3572 997 3630 humana.

131 3653 174 3710 35.
190 3653 289 3711 Gratia
305 3652 405 3709 ddami
425 3653 470 3709 est
484 3651 603 3725 sequela
626 3650 795 3721 creationis,
814 3654 843 3708 et
861 3656 923 3709 erat
935 3653 1033 3711 debita
1050 3659 1158 3718 naturae
1179 3671 1303 3726 sanaret
1322 3673 1366 3730 in.

96 3735 180 3805 tegra

129 3813 172 3870 36.
185 3778 358 3869 'Differentia
368 3811 531 3879 essentialis
543 3811 617 3868 inter
629 3811 749 3884 gratiam
765 3809 866 3867 hdami
878 3812 906 3868 et
915 3815 1008 3872 status
1022 3816 1192 3878 innocentiae
1201 3840 1234 3881 ac
1243 3829 1364 3896 gratiam

95 3891 281 3952 christianam
297 3895 351 3960 est,
369 3892 443 3964 quod
462 3893 585 3965 primam
601 3892 801 3964 unusquisque
817 3891 848 3946 in
866 3895 981 3967 propria
999 3914 1121 3972 persona
1139 3904 1307 3979 recepisset,
1324 3914 1365 3970 ita

94 3990 159 4030 rere
182 3989 238 4030 non
259 3973 397 4048 recipitur
423 3972 480 4028 nisi
509 3972 539 4028 in
564 3988 686 4046 persona
710 3975 778 4029 tesu
803 3972 909 4030 Christi
935 3979 1113 4048 resuscitati,
1141 3982 1186 4036 cui
1209 4001 1261 4044 nos
1290 3994 1364 4049 uniti

93 4070 288 4198 ε’Πέῃῖῖωῖζιθθῖίθ
311 4139 426 4210 Adami,
448 4139 652 4197 sanctificando
665 4138 748 4196 illum
768 4139 799 4195 iu
814 4141 978 4216 semetipso,
995 4145 1055 4200 erat
1073 4142 1118 4200 illi
1132 4155 1362 4226 proportionata:

91 4222 183 4293 gratia
200 4219 373 4290 christiana,
390 4237 441 4278 nos
457 4219 661 4276 sanctificando
680 4219 710 4275 in
730 4223 798 4276 iesu
820 4221 947 4293 Christo,
963 4225 1007 4279 est
1029 4225 1208 4299 omnipotens
1229 4239 1258 4293 et
1277 4238 1363 4310 digna

92 4303 163 4360 Filio
179 4302 242 4358 Dei.

12 4425 13 4436 .
123 4383 170 4440 38.
186 4381 321 4438 Peccator
334 4396 390 4436 non
404 4381 449 4436 est
461 4379 534 4436 liber
544 4379 601 4435 nisi
616 4379 652 4436 ad
664 4380 786 4448 malum,
803 4379 866 4436 sine
880 4381 972 4452 gratia
985 4381 1167 4445 liberatoris.

12 4451 13 4490 t
124 4467 616 4540 391q01untaffiquamgratianon
638 4466 792 4540 praevenit,
808 4467 881 4524 nihii
904 4466 990 4524 habet
1013 4469 1132 4530 luminis
1151 4478 1208 4536 nisi
1227 4483 1263 4538 ad
1284 4485 1363 4542 aber-

184 4573 365 4618 σακε-Τοῖ’·
380 4573 400 4617 1·
1239 4577 1254 4624 4
