3206 5024
541 265 583 308 ua
603 263 802 308 numereris
824 263 1001 309 accccsrra
1340 251 1409 312 363

174 380 276 454 Quian.
293 381 326 439 ¹1⁰
336 376 389 437 An
403 374 494 437 liceat
504 393 619 436 camere
637 374 670 434 ia
686 372 803 436 canalo
818 392 926 453 ponem
940 392 1007 435 cum
1021 393 1101 456 aquo
1115 385 1144 436 et
1161 373 1223 437 oleo
1241 374 1407 457 decoctum,

135 467 198 530 siae
210 484 320 547 ponem
329 463 521 546 jurulentum
535 462 545 543 (
551 463 671 542 gallice:
685 461 831 546 potapeJ?

176 555 265 636 Resp.
283 555 308 616 A
313 553 423 633 sitm,
442 569 479 614 ex
497 551 645 614 hodierna
661 550 899 624 consuetudine,
914 569 1009 631 quam
1023 557 1198 632 sequuntur
1209 552 1304 616 etiam
1320 553 1410 617 timo

134 644 213 716 rati,
236 641 465 722 approbantque
488 639 695 702 communiter
714 639 895 702 recentiores
919 639 1060 720 theologi.
1080 675 1122 686 -
1141 643 1302 715 Attamen,
1320 645 1411 723 juxta

135 733 173 796 S.
195 731 265 812 [ἐρ.
290 751 321 792 a.
345 733 437 804 1029,
453 747 516 790 non
534 727 605 790 licet
622 745 744 790 sumere
760 733 826 791 octo
842 727 949 791 uncias
974 728 1063 810 panis
1086 729 1199 792 decocti
1219 748 1291 793 cum
1313 749 1408 812 aqua,

134 821 194 884 hac
206 818 341 902 pracisa.
355 817 442 882 Ratio
456 823 513 892 est,
528 815 601 897 quia
615 815 705 896 panis
723 835 777 897 per
790 816 994 880 decoctionem
1009 825 1039 879 et
1053 817 1323 882 fermentationem
1339 837 1411 882 cum

137 928 217 990 aqua
238 908 329 970 aliam
354 912 499 969 naturam
520 904 669 986 acquirit,
688 905 733 967 ita
750 911 786 968 ut
802 924 840 967 ex
855 905 895 968 iis
909 905 985 986 quid
999 925 1098 969 unum
1112 907 1166 970 fiat
1181 913 1212 969 et
1225 909 1334 971 evadat
1347 927 1412 971 uua

136 997 310 1062 substantia
324 998 432 1076 major.
1347 998 1349 1002 ’

178 1084 307 1150 concedi
325 1089 431 1148 autern
452 1089 566 1166 potest,
580 1083 625 1146 ait
643 1082 677 1144 S.
694 1083 852 1163 Liporr'as,
870 1087 906 1145 ut
922 1082 1005 1147 inter
1018 1083 1118 1165 ipsam
1131 1083 1323 1148 resectionem
1340 1086 1411 1166 quis

137 1193 249 1257 panem
265 1191 345 1254 aqua
359 1178 415 1236 aut
432 1173 505 1236 vino
523 1171 671 1251 mtingat,
687 1177 718 1234 et
735 1171 778 1234 sic
797 1171 890 1234 etiam
909 1176 974 1234 octo
989 1173 1095 1236 uncias
1115 1175 1203 1254 panis
1218 1175 1289 1238 rino
1307 1176 1411 1238 made·

137 1264 211 1328 facti
226 1269 343 1338 sumat;
360 1261 472 1342 quippe
485 1261 569 1323 nulla
582 1259 633 1323 bic
647 1260 815 1324 intervenit
828 1260 1036 1338 fermentatio;
1054 1267 1085 1324 et
1102 1260 1212 1344 liquor,
1230 1282 1301 1326 cum
1313 1263 1410 1328 inser-

138 1352 206 1415 viat
219 1358 343 1414 tantum
355 1351 393 1413 ad
407 1349 600 1422 uehiculum,
617 1367 678 1412 non
692 1353 898 1430 computatur.

181 1444 250 1504 501.
271 1476 310 1485 -
328 1441 429 1514 Qum.
449 1443 482 1503 8⁰
503 1439 645 1514 Oceanum
663 1436 839 1520 hujusmodi
861 1438 952 1520 panis
971 1439 1084 1501 decocti
1102 1441 1254 1521 quantitas
1272 1443 1412 1523 permitti

163 1528 251 1592 cent?

136 1551 269 1700 pliesp.
286 1635 298 1679 .·
316 1615 510 1680 Dissentiuut
532 1615 676 1696 theologi;
695 1615 748 1678 alii
772 1613 872 1690 enim,
893 1616 1040 1694 severius,
1070 1621 1183 1696 negant
1204 1615 1326 1679 licitum
1347 1637 1412 1681 esse

140 1713 206 1772 octo
219 1706 340 1780 unciaS,
357 1710 533 1785 computata
551 1722 631 1784 aqua
647 1711 678 1766 et
693 1704 770 1778 oleo,
788 1705 938 1766 excedere.
960 1703 1116 1782 Severius,
1136 1705 1279 1786 inquam;
1296 1706 1412 1770 etenim

141 1797 169 1860 si
189 1815 253 1858 uua
268 1794 360 1858 uncia
379 1793 467 1874 panis
484 1792 517 1855 in
538 1794 641 1856 decem
656 1811 742 1874 aquea
760 1792 860 1854 unciis
879 1811 951 1854 cum
969 1792 1065 1855 altera
1085 1793 1176 1855 uncia
1192 1793 1250 1855 olai
1268 1795 1412 1874 decoque

140 1891 238 1960 retur,
264 1883 339 1964 quid
362 1880 496 1961 scrupuli
521 1885 598 1944 esset
622 1880 781 1944 duodecim
808 1881 864 1944 bas
893 1880 999 1944 uncias
1026 1880 1224 1962 permittere?
1250 1881 1313 1943 Alii
1343 1901 1413 1946 vero

140 1973 270 2036 lacrimas
285 1972 453 2033 concedunt
467 1975 533 2032 octo
547 1970 652 2032 uncias
664 1969 777 2032 decocti
791 1969 895 2050 panis,
912 1987 991 2050 aqua
1002 1969 1137 2050 praecisa.
1147 1970 1243 2050 Atqui
1255 1971 1292 2032 ob
1306 1971 1414 2051 hujus-

141 2062 228 2125 modi
248 2060 452 2124 decoctionem
472 2063 565 2140 atque
589 2058 856 2121 fermentationem
882 2058 976 2122 babes
997 2059 1073 2140 quid
1097 2077 1196 2122 unum
1229 2058 1304 2132 cibi,
1333 2060 1414 2140 quod

140 2150 257 2229 magis,
274 2165 367 2229 quam
386 2148 467 2208 solus
483 2146 587 2229 panis
604 2155 683 2210 certe
701 2147 816 2222 nutrit;
833 2165 903 2226 crgo
921 2147 959 2209 ab
976 2165 1056 2228 aqua
1071 2147 1197 2210 omnino
1217 2148 1322 2210 saltem
1337 2167 1412 2228 prae-

140 2237 242 2301 scindi
261 2255 323 2298 non
336 2241 444 2316 potest.
458 2234 589 2300 Mediam
604 2255 659 2299 uos
674 2235 859 2298 sententiam
874 2235 1032 2316 eligimus,
1046 2236 1186 2317 permitti
1205 2237 1316 2300 scilicet
1327 2255 1414 2318 posse

139 2327 280 2408 quinque
302 2324 348 2386 vel
374 2323 482 2388 saltem
506 2331 639 2408 quatuor
663 2324 769 2388 uncias
789 2324 877 2406 panis
898 2325 1029 2400 decocti,
1048 2343 1111 2388 non
1129 2332 1411 2407 campaniaeque,

138 2433 241 2495 neque
264 2414 336 2476 olco.
353 2448 395 2458 -
420 2412 469 2474 lta
491 2413 697 2495 probabiliter
722 2411 887 2492 Salmone,
913 2435 939 2476 c.
970 2433 1010 2488 n,
1036 2435 1067 2475 a.
1091 2418 1141 2476 77.
1157 2449 1198 2460 -
1216 2413 1294 2478 Dicit
1309 2423 1415 2478 autem

140 2501 178 2565 S.
195 2503 278 2584 Lip,
295 2523 326 2563 a.
341 2505 435 2576 1029,
454 2521 486 2564 se
499 2502 578 2565 hanc
598 2503 783 2566 sententiam
800 2521 863 2566 non
879 2502 1061 2584 improbare.
1078 2503 1162 2564 Idem
1181 2503 1294 2583 pariter
1313 2504 1414 2566 dicen·

141 2593 221 2655 dum
243 2591 302 2654 erit
324 2593 361 2654 de
382 2590 450 2653 aliis
473 2591 717 2667 decoctionibus,
744 2609 812 2674 quae
833 2590 942 2655 itidem
967 2591 1002 2654 in
1026 2591 1146 2654 cenna
1166 2591 1276 2672 apponi
1299 2592 1412 2667 solent,

140 2701 174 2744 v.
191 2699 249 2762 gr.,
265 2700 304 2743 ex
316 2679 409 2754 farre,
426 2698 531 2762 oryza,
548 2687 604 2744 etc.
1444 2687 1445 2692 ’

648 2867 862 2929 ARTIGULUS
885 2867 912 2927 11

489 3020 529 3065 DE
550 3019 750 3064 ABSTINENTIA
771 3021 878 3065 camus
899 3020 931 3064 IN
951 3020 1068 3069 JrJUNlo

264 3156 488 3236 Prluclpla.

185 3306 255 3368 5οἳΙ
272 3338 311 3347 -
323 3305 346 3364 Ι.
363 3301 514 3364 Omnibus
528 3300 668 3363 fidelibus
681 3299 800 3362 ratione
814 3299 990 3374 utentibus,
1007 3305 1151 3383 praecepto
1169 3301 1307 3364 Ecclesia
1320 3300 1414 3361 inter-

142 3392 260 3456 dicitur
271 3409 341 3454 esus
356 3391 456 3454 carnis
470 3389 600 3470 singulis
610 3388 721 3470 jejunii
734 3388 852 3451 diebus¹
869 3388 946 3450 Hinc
960 3390 1072 3470 duplex
1085 3389 1148 3470 lege
1158 3389 1269 3472 jejunii
1283 3385 1415 3466 imponi-

143 3489 198 3545 tur
211 3486 411 3561 praecoptum,
428 3485 465 3542 ut
478 3478 572 3540 etiam
586 3476 693 3540 definit
707 3478 817 3540 Baned.
834 3479 916 3551 XIV,
931 3497 1039 3560 nempe
1052 3475 1226 3541 abstinendi
1243 3494 1261 3536 a
1276 3473 1415 3556 pluribus

141 3569 373 3644 refectionibus,
390 3575 420 3630 et
435 3565 641 3630 abstinendis
655 3565 814 3640 carnibus;
831 3572 936 3628 contra
949 3565 1044 3646 igitur
1057 3585 1092 3628 ac
1108 3567 1210 3646 plures
1226 3561 1415 3643 antiquiores

142 3657 272 3733 habent,
288 3657 480 3737 dispensatus
502 3655 549 3717 vel
571 3654 721 3735 impotens
742 3654 841 3734 quoad
862 3672 976 3730 unum,
1000 3673 1063 3717 nou
1080 3655 1147 3716 ideo
1165 3651 1203 3713 ab
1219 3651 1311 3712 altero
1325 3667 1414 3711 excu-

142 3747 259 3810 sandus
274 3751 329 3808 est.
345 3780 386 3791 -
400 3745 436 3807 S.
452 3744 522 3825 Li'p.
539 3763 569 3804 n.
585 3747 674 3808 1005.

185 3833 315 3897 Nomine
328 3840 432 3897 autern
446 3832 546 3896 carnis
561 3832 692 3895 veniunt
705 3829 810 3893 omnia
823 3831 969 3894 animalia
983 3832 1016 3893 in
1032 3837 1111 3893 terra
1125 3826 1262 3890 virentia
1274 3844 1308 3887 ac
1321 3824 1415 3904 respi-

143 3922 260 3998 rantia,
277 3929 314 3985 ut
327 3921 501 3985 admittunt
514 3919 718 3984 communiter
736 3918 866 3999 theologi
880 3939 918 3982 ex
937 3921 1041 3998 regula
1058 3938 1077 3981 a
1094 3917 1129 3978 S.
1153 3917 1267 3978 Thema
1284 3913 1413 3987 tradita;

129 4028 210 4074 non
223 4011 319 4090 igitur
332 4011 532 4092 probibentur
546 4008 659 4090 pisces,
680 4025 780 4082 ranae,
800 4007 938 4083 limaces,
958 4006 1144 4079 testudines
1161 4010 1218 4066 etc.
1233 4037 1274 4048 -—
1288 4001 1325 4064 S.
1344 4001 1414 4082 Lip.

144 4120 227 4162 nam.
245 4105 334 4164 loll.

187 4191 223 4250 11.
240 4191 386 4269 Tempore
400 4185 654 4268 quadragesimali
669 4184 870 4265 probibentur
883 4185 977 4248 etiam
991 4201 1048 4246 cra
1066 4188 1097 4243 et
1114 4179 1280 4253 lacticinia,
1304 4197 1340 4240 ea
1360 4177 1415 4240 sci-

142 4277 215 4341 licet
229 4278 332 4340 omnia
345 4295 414 4356 quae
428 4275 579 4355 originem
597 4291 635 4336 ex
653 4291 742 4336 carne
761 4275 889 4336 ducunt.
910 4277 1035 4336 Constat
1053 4287 1089 4330 er
1102 4268 1189 4348 praxi
1209 4267 1361 4338 Ecclesia,
1378 4283 1416 4327 ex

141 4368 211 4447 ejus
223 4363 501 4446 dispensationibus
515 4370 545 4427 et
559 4382 596 4426 ex
610 4360 879 4441 propositionem·
893 4361 931 4424 ab
946 4357 1092 4422 Alexand.
1107 4359 1160 4418 Vll
1174 4357 1334 4428 damnata,
1348 4371 1417 4434 quae

143 4453 189 4517 sic
203 4463 291 4518 sonat
307 4474 314 4516 :
331 4455 399 4518 Noa
410 4462 453 4516 ert
467 4452 583 4516 evidens
594 4451 676 4534 qood
689 4449 866 4512 consuetudo
881 4468 942 4510 aaa
958 4445 1133 4508 comedendi
1146 4465 1202 4506 ooo
1221 4455 1250 4506 et
1264 4442 1418 4504 lacticinia

145 4546 179 4604 iu
196 4543 429 4625 andropesima
443 4540 564 4624 obliget.
578 4545 666 4606 Nunc
681 4545 784 4602 tamen
798 4537 950 4619 plerisque
961 4536 995 4599 iu
1007 4533 1078 4597 locis
1093 4532 1268 4596 conceditur
1277 4531 1417 4594 fidelibus
