3156 5026
201 213 269 276 398
730 225 939 271 reserares

199 337 433 422 possessionem,
445 355 500 399 nec
509 336 711 418 interpellatio
720 355 739 398 a
744 337 848 418 judice
855 340 966 418 rejecta
977 335 1125 399 luerit-
1132 335 1250 400 seclus
1259 338 1388 404 Bonam
1397 341 1479 406 Gall.

241 430 342 504 Ques.
358 432 391 490 80
405 425 603 502 Quondam
618 425 734 488 dacter
742 427 935 508 praescriptio
949 425 1113 509 suspensa?

240 517 331 598 Resp.
348 516 500 591 :Quando
517 514 773 596 impedimentum
795 513 823 577 ei
842 515 996 597 objicitur,
1020 533 1059 577 ne
1076 516 1217 595 procedat
1234 517 1383 595 ottonum
1399 521 1482 584 scili-

200 613 269 670 cet:
292 612 324 669 l⁰
345 606 421 667 dum
437 604 553 684 Judicia
573 604 704 666 exerceri
725 610 898 685 nequeunt,
920 623 951 666 v.
972 621 1031 684 gn,
1052 609 1188 685 tempore
1207 607 1318 687 pestis,
1336 607 1425 684 belli;
1441 645 1483 658 -

199 701 235 760 2⁰
249 701 355 758 contra
368 691 542 766 Ecclesiam,
557 691 633 756 dum
642 698 723 755 caret
737 699 851 755 rectore
863 709 917 755 sen
928 693 1105 773 Superiore;
1114 729 1156 742 -
1164 698 1197 758 30
1210 701 1318 758 contra
1330 697 1479 778 pupillos,

199 787 265 848 toto
279 789 414 864 tempore
430 799 491 862 quo
505 780 613 862 pupilli
626 787 803 844 remanent.
820 815 861 828 -
878 785 912 844 40
931 787 1037 844 contra
1053 782 1238 864 quemlibet,
1252 783 1308 865 qui
1317 787 1373 866 Jus
1386 803 1481 850 snum

199 872 342 954 prosequi
357 869 475 951 nequit.
491 905 533 916 -
547 869 603 932 Sic
617 871 705 932 coria
717 869 806 932 baro.

241 966 311 1026 586.
324 995 364 1006 —-
377 961 479 1034 Qum.
493 964 526 1023 30
536 958 585 1019 Aa
597 958 719 1021 valeant
732 959 764 1020 in
776 959 961 1021 conscientia
968 961 1212 1042 praeceptiones
1221 961 1317 1024 trium
1329 981 1479 1028 merum

199 1070 258 1134 pro
270 1050 358 1112 rebus
371 1047 532 1110 mobilibus
544 1047 670 1130 furtivis
685 1057 714 1110 et
727 1049 873 1127 r'nceotis,
884 1057 919 1108 at
933 1048 994 1130 sert
1007 1047 1065 1110 lus
1082 1047 1252 1112 Gallicam?

242 1139 329 1221 desp.
346 1143 379 1202 2⁰
394 1136 494 1220 quoad
512 1156 561 1199 res
578 1136 713 1217 furtivas
726 1157 738 1199 .·
752 1141 785 1200 1⁰
798 1141 861 1201 Fur
879 1155 933 1200 seu
954 1154 1106 1217 possessor
1124 1139 1213 1201 mala
1232 1139 1301 1202 fidei
1316 1157 1480 1222 nunquam

200 1227 394 1312 prescribere
406 1231 515 1306 potest,
529 1225 651 1290 etiamsi
661 1227 749 1306 lapsu
757 1226 902 1306 temporis
910 1225 1024 1288 oblitus
1036 1225 1131 1289 fuerit
1144 1245 1176 1290 se
1187 1245 1254 1290 rem
1267 1227 1385 1310 injuste
1400 1249 1479 1293 arce-

201 1317 296 1398 pisse,
310 1334 381 1380 cum
395 1314 615 1395 possessionem
628 1314 709 1377 mala
723 1315 782 1377 fide
801 1314 957 1394 inceperit.
979 1318 1010 1376 2⁰
1029 1317 1156 1395 Emptor
1168 1323 1273 1378 autem
1285 1323 1341 1380 aut
1353 1318 1477 1381 donata-

200 1407 283 1481 rius,
296 1405 351 1486 qui
366 1421 432 1466 rem
446 1402 527 1465 bona
540 1403 599 1467 fide
614 1421 632 1466 a
645 1403 712 1466 iure
726 1403 853 1485 accepit,
866 1403 1059 1483 praescribere
1073 1409 1190 1484 potest,
1204 1403 1231 1466 si
1245 1405 1350 1468 adsint
1365 1414 1477 1471 cetere

200 1493 388 1558 conditiones
402 1493 439 1554 ad
453 1491 712 1572 prescriptionem
726 1489 891 1572 requisitae.

240 1584 330 1665 desp.
345 1587 379 1645 θ’
395 1581 491 1664 quood
502 1602 550 1642 res
564 1582 704 1643 inventas
719 1601 731 1643 .·
745 1582 902 1644 Secundus
915 1597 1078 1662 possessor,
1100 1599 1154 1644 scu
1168 1599 1322 1645 successor
1336 1583 1476 1648 invento

200 1673 244 1735 ris
257 1673 347 1735 titulo
363 1670 543 1751 emptioniS,
560 1669 748 1744 donationis
770 1676 841 1744 etc,
860 1669 1053 1751 prescribere
1070 1677 1184 1752 potest,
1201 1678 1240 1734 ut
1256 1672 1293 1734 de
1309 1691 1476 1738 successore

198 1761 277 1824 iuris
290 1760 407 1823 dictum
420 1766 475 1821 est.
492 1794 533 1806 -
544 1761 594 1822 An
609 1777 678 1821 vero
692 1758 815 1839 primus
830 1777 983 1840 possessor
996 1759 1039 1822 rei
1054 1758 1190 1823 inventes
1205 1759 1265 1823 dici
1277 1761 1377 1841 possit
1391 1762 1476 1826 bone

199 1849 286 1926 fidei,
299 1849 456 1930 praemissa
470 1847 573 1910 debita
584 1847 745 1928 diligentia
757 1849 795 1911 ad
805 1847 967 1912 conanum
982 1847 1220 1924 inveniendum,
1237 1855 1269 1912 et
1281 1849 1328 1913 ita
1341 1851 1474 1932 prescri-

199 1938 285 2014 bere,
309 1940 554 2000 controvertitur.
577 1935 804 2000 Affirmandum
823 1935 1087 2012 autem·videtur;
1103 1937 1195 2018 quia,
1212 1937 1239 2000 si
1260 1939 1399 2019 spectatis
1417 1939 1474 2001 cir·
1569 1997 1570 2000 ,

201 2027 412 2102 cumstantiiS,
429 2025 627 2106 adhibitaque
643 2025 746 2088 debita
759 2026 932 2104 diligentia,
949 2025 1094 2088 dominus
1108 2025 1244 2088 inveniri
1260 2033 1402 2108 nequeat,
1418 2047 1471 2089 nec

200 2117 343 2196 affulgeat
361 2134 428 2196 spes
441 2115 503 2178 ulla
520 2132 591 2176 eum
610 2114 804 2189 inveniendi,
820 2113 871 2177 hic
884 2111 929 2177 rei
943 2114 1079 2176 dominio
1091 2112 1138 2177 ita
1151 2114 1279 2189 excidit,
1295 2123 1332 2180 ut
1345 2135 1390 2178 res
1404 2116 1472 2178 nul-

199 2205 260 2268 lius
274 2223 338 2267 esse
352 2211 521 2278 censeatur,
537 2209 629 2286 atque
648 2203 721 2265 adeo
737 2203 831 2284 primi
846 2203 1022 2284 occupantis
1036 2201 1101 2266 fiat.
1121 2206 1267 2266 Inventor
1282 2203 1379 2285 igitur
1392 2204 1426 2266 in
1439 2223 1473 2266 eo

199 2311 272 2355 casu
284 2293 416 2372 incipere
427 2298 527 2374 potest
536 2291 581 2354 rei
589 2293 809 2373 possessionem
819 2311 891 2354 cum
900 2292 1006 2354 animo
1015 2309 1082 2354 eam
1091 2292 1245 2354 retinendi
1260 2300 1297 2355 ut
1308 2293 1473 2375 propriam.

199 2417 240 2427 —
252 2381 361 2460 Ettet,
379 2403 411 2442 e.
428 2385 496 2446 iti.
515 2417 555 2425 -
569 2381 695 2464 Sporer,
712 2381 747 2442 de
762 2381 948 2459 inventione,
966 2401 998 2441 n.
1018 2385 1087 2444 187.

240 2475 309 2534 587.
330 2505 369 2516 --
383 2472 483 2545 Ques.
500 2475 534 2534 4⁰
547 2471 598 2532 Aa
610 2479 718 2533 cotem
731 2469 855 2532 mobilia
866 2469 1024 2553 prescribi
1035 2473 1155 2551 possint
1173 2471 1202 2530 ia
1215 2470 1399 2530 oonsm‘entio
1412 2471 1474 2530 solo

201 2559 290 2622 titulo
303 2559 497 2642 possessionis
502 2561 601 2640 jueta
613 2557 670 2619 Jus
686 2557 854 2620 Gallicum?

239 2649 328 2732 desp.
341 2669 354 2711 .·
371 2647 625 2712 Cone-comitur.
642 2647 703 2709 Alii
718 2646 880 2728 requirunt
894 2646 1024 2727 triginta
1038 2665 1148 2723 annos,
1166 2643 1237 2726 quia
1253 2643 1377 2707 nullum
1390 2651 1472 2708 tem-

199 2757 258 2819 pus
278 2738 560 2812 statuituralure,
577 2755 633 2799 nec
651 2735 775 2799 videtur
795 2735 947 2799 sufficiens
968 2737 1050 2799 solus
1072 2733 1183 2801 titulus
1205 2733 1417 2814 possessionis.
1439 2736 1474 2796 ld
1568 2749 1569 2812 p

199 2845 309 2890 verum
324 2845 387 2889 esse
401 2832 514 2907 potest,
531 2832 751 2908 quatenusper
768 2830 808 2888 30
824 2843 921 2887 annos
939 2825 1183 2904 exstinguuntur
1202 2840 1306 2885 omnes
1320 2822 1471 2897 aetianae,
1568 2817 1569 2856 ³

200 2916 294 2977 etiam
311 2915 400 2978 titulo
412 2914 533 2996 speciali
548 2914 714 2978 deficiente.
739 2912 801 2975 Alii
819 2913 983 2994 requirunt
1003 2919 1064 2975 tres
1079 2932 1176 2975 annos
1191 2919 1325 2974 tantum.
1342 2912 1400 2973 Sed
1416 2930 1473 2992 quo

199 3005 296 3065 lure?
317 3008 394 3067 Nem
414 3003 481 3066 silet
500 3007 556 3066 lus
578 3002 726 3068 Gallicum
744 3021 876 3079 norum;
894 3008 983 3065 vetus
1001 3007 1106 3064 autern
1125 2999 1187 3063 fuit
1206 2999 1398 3080 abrogatum.
1417 3005 1473 3063 Hoc

199 3098 319 3166 tamen,
336 3098 372 3154 ut
386 3092 518 3167 ridetur,
540 3091 664 3154 admitti
679 3098 789 3172 potest.
807 3090 931 3154 Etenim
946 3090 973 3153 si
986 3093 1042 3153 lus
1061 3090 1201 3152 admittit
1215 3087 1472 3170 prescriptionem

200 3179 383 3243 triennalem
403 3197 458 3260 pro
475 3180 567 3243 rebus
580 3180 706 3244 furtivis
720 3187 752 3242 et
770 3179 921 3255 inventis,
938 3179 1033 3242 etiam
1053 3197 1108 3260 pro
1126 3178 1196 3241 aliis
1214 3178 1302 3240 illam
1315 3176 1472 3240 admittere

200 3270 299 3332 dehet.
313 3305 353 3316 —-
367 3269 428 3331 Alii
441 3269 628 3351 probabilius
642 3269 829 3344 admittunt,
842 3288 903 3350 per
920 3289 950 3330 se
968 3267 1104 3331 sufficere
1120 3267 1249 3332 titulum
1264 3264 1470 3346 possessionis.

198 3361 258 3422 Nec
278 3359 424 3422 ridentur
446 3359 549 3421 adesse
569 3363 658 3422 tanta
680 3359 875 3421 incommoda
895 3357 929 3419 in
949 3358 1005 3420 hac
1020 3356 1190 3432 sententia;
1207 3355 1283 3436 quia
1302 3361 1412 3435 preter
1427 3371 1471 3414 res

199 3447 330 3511 furtivas
344 3455 375 3511 et
388 3465 435 3510 res
450 3447 608 3522 inventae,
624 3465 693 3528 qnae
706 3447 839 3510 triennio
853 3445 1105 3527 praescribuntur,
1118 3463 1206 3508 casus
1218 3442 1418 3524 possessionis
1430 3441 1470 3502 rei

199 3537 305 3600 aliene
318 3539 404 3601 valde
419 3537 482 3600 rari
498 3541 587 3612 sunt;
603 3542 633 3598 et
647 3553 719 3598 cum
733 3536 881 3618 possessio
894 3535 1004 3616 pollere
1018 3533 1126 3598 debeat
1138 3532 1234 3596 variis
1248 3531 1471 3595 conditionibus
1567 3545 1568 3598 ζ

200 3643 268 3706 quae
284 3626 376 3688 unico
389 3626 521 3689 instanti
537 3624 657 3706 impleri
675 3643 738 3688 non
751 3631 897 3705 possunt,
913 3624 1025 3705 sepius
1036 3623 1149 3686 recidet
1161 3623 1225 3685 nec
1239 3619 1426 3702 prescriptio
1441 3618 1471 3679 in

198 3714 459 3796 prescriptionem
473 3713 671 3788 triennalem,
688 3731 757 3794 quas
771 3713 805 3775 in
820 3712 1006 3776 conscientia
1021 3711 1145 3774 admitti
1158 3717 1270 3791 potest.

239 3807 309 3868 588.
324 3839 363 3850 —-
377 3805 478 3878 Quina.
488 3804 577 3866 5⁰Ao
589 3800 710 3864 caleant
721 3801 944 3864 inconscientio
955 3801 1194 3884 proscriptiones
1208 3798 1376 3860 liberatica
1387 3795 1470 3878 quio·

199 3911 417 3976 paraenorum
432 3911 470 3954 ex
482 3891 557 3953 Jme
572 3889 710 3953 Gallico?
834 3922 838 3929 ·

238 3982 330 4062 Resp.
351 3988 383 4045 1⁰
396 3981 488 4064 Nep,
511 3981 536 4044 si
555 3981 592 4043 de
614 3979 714 4061 primo
730 3980 865 4043 debitore
883 3987 1003 4061 agatur,
1023 3979 1097 4059 quia
1116 3978 1151 4040 in
1168 3995 1202 4040 eo
1219 3975 1352 4058 supponi
1369 3970 1469 4054 nequit

198 4070 279 4134 hona
293 4071 381 4145 fides,
398 4089 466 4151 quae
480 4069 687 4151 ignorantiam
702 4068 798 4131 debiti
812 4067 938 4132 omnino
953 4067 1094 4150 requirit.
1566 4081 1567 4126 ;

239 4160 330 4241 Resp.
351 4164 384 4222 2⁰
402 4159 544 4240 Affinis„
564 4158 664 4240 quoad
687 4156 782 4238 primi
803 4157 949 4221 debitoris
967 4173 1151 4220 successores
1171 4155 1280 4218 saltem
1298 4153 1390 4216 titulo
1407 4167 1468 4232 por-
1566 4151 1567 4168 ¹

198 4248 335 4397 tGiculari,
348 4251 440 4331 juxta
459 4248 587 4310 dicenda
602 4245 682 4310 inira
697 4267 729 4307 a.
752 4249 823 4322 deo,
840 4245 868 4309 si
884 4245 1026 4310 debitum
1045 4243 1179 4309 auctoris
1197 4241 1419 4326 ignoraverint.
1433 4271 1470 4284 ·-

228 4347 340 4499 ogbbbbr’.
351 4358 390 4488 'b'o
400 4341 709 4510 bbbpraesceiptiones
723 4423 891 4492 biberaticae
902 4427 1032 4490 triennio
1047 4429 1176 4489 minues
1189 4421 1276 4486 baiis
1292 4419 1405 4484 Gellii
1419 4436 1470 4479 oo-

200 4513 279 4576 laoot
292 4514 324 4573 in
338 4515 538 4575 conscientia?
