3136 5034
60 201 64 209 ’
160 213 227 274 550
687 221 896 270 cancarrus

160 338 310 401 sententia
329 335 493 418 probabilis
514 335 646 399 videtur.
663 334 799 399 Primam
818 341 925 397 tamen
941 331 1179 416 probabiliorem
1200 333 1275 395 dicit
1290 331 1326 394 S.
1343 333 1432 416 atq„

159 429 327 579 ruffi-im
339 518 441 590 Onna.
462 517 495 577 5⁰
510 513 558 573 An
582 518 624 575 sit
644 512 762 576 validas
784 511 885 590 ludus,
902 515 930 574 si
947 531 1056 593 maone
1074 511 1210 594 peronio
1230 530 1349 573 sarman
1367 531 1429 576 una

159 608 223 667 viee
234 602 424 686 exponatur?

200 693 291 775 Hesp.
307 691 450 774 affirm„
461 712 521 775 per
542 712 587 768 se,
608 691 813 775 probabilior,
832 691 858 753 si
872 689 1058 753 conditiones
1077 687 1234 769 requisita
1256 695 1430 764 serventur,

160 783 193 844 id
204 788 252 843 est
259 779 440 862 praesertim,
455 781 481 842 si
493 781 633 844 ludentes
645 781 682 843 de
695 780 784 844 honis
799 778 864 842 suis
875 778 968 841 libere
982 784 1013 840 et
1023 778 1109 858 plene
1122 777 1283 858 disponere
1298 778 1429 853 valeant,

162 871 227 932 sine
244 869 427 932 detrimento
443 867 583 944 familiae,
598 869 801 943 creditorum,
819 875 889 943 etc,
903 865 976 948 quia
998 866 1137 930 ludentes
1156 883 1242 946 aque
1260 867 1434 946 periculum
1558 899 1559 938 i

163 959 297 1022 subeunt
311 957 441 1020 scientes
455 963 486 1019 et
498 959 648 1034 volentes;
664 977 698 1021 ac
712 957 840 1039 proinde
851 955 936 1018 nulla
951 962 998 1020 est
1012 955 1177 1035 injustitia.
1191 954 1250 1016 Sed
1263 953 1352 1017 ircile
1363 955 1433 1018 defi-

164 1047 252 1110 cium
262 1046 395 1128 praefatae
409 1045 614 1124 conditiones;
627 1054 659 1111 et
672 1047 811 1122 aliunde,
827 1043 948 1108 etiamsi
965 1043 1035 1108 talis
1051 1043 1143 1106 ludus
1155 1060 1220 1105 non
1236 1047 1315 1106 esset
1329 1051 1432 1108 contra
1558 1035 1559 1108 i

159 1133 326 1217 justitiam,
337 1135 445 1198 saltem
456 1135 610 1200 honestati
621 1137 820 1200 adversatur:
837 1134 919 1198 unde
932 1132 1066 1214 prudens
1078 1129 1286 1196 Gonlessarius
1300 1151 1352 1213 per
1365 1151 1431 1196 mo-

164 1225 238 1286 dum
258 1222 473 1287 satisfactionis
493 1224 654 1305 injungere
675 1231 790 1306 posset,
814 1223 841 1286 si
866 1227 1073 1304 opportunum
1094 1221 1245 1294 rideatur,
1271 1221 1431 1302 pomum
1558 1249 1559 1262 ¹

163 1311 286 1386 victori,
302 1318 339 1374 ut
355 1319 474 1393 partem
487 1313 624 1394 aliquam
643 1314 720 1377 lucri
736 1313 769 1376 in
783 1331 859 1375 usus
873 1312 938 1392 pios
952 1310 1119 1392 impendat.
1135 1344 1172 1356 -
1187 1311 1334 1389 Aetolae,
1347 1331 1371 1371 o.
1387 1329 1427 1385 xi,

163 1421 193 1482 q.
210 1405 239 1463 5.
257 1433 297 1448 —
309 1401 451 1463 Bourier.
468 1438 506 1479 :-
522 1401 657 1478 comeo,
675 1422 704 1463 a.
721 1406 792 1466 889.

204 1491 366 1566 Attamen,
382 1507 453 1552 cum
469 1475 535 1553 hac
551 1492 704 1554 sententia
720 1509 783 1554 non
797 1491 838 1553 sit
852 1497 942 1564 certa,
960 1506 1022 1551 non
1036 1487 1181 1551 videntur
1193 1486 1391 1568 inquietandi
1402 1487 1435 1550 in

164 1577 313 1641 tribunali
326 1577 519 1642 Paenitentia
530 1578 586 1655 illi,
602 1579 656 1661 qui
667 1580 782 1644 nollent
797 1579 910 1642 solvere
924 1593 1068 1658 magnam
1081 1593 1237 1639 summum
1247 1594 1345 1656 quam
1360 1575 1437 1639 ami-

166 1665 287 1730 sissent.
302 1703 342 1712 —
355 1667 405 1728 Ito
418 1678 497 1730 reete
511 1667 651 1747 Gousaet,
666 1668 740 1730 ibid.

206 1759 275 1820 950.
292 1754 461 1820 Conclusio.
478 1793 517 1802 -
530 1755 614 1820 Licet
636 1757 729 1820 ludus
749 1758 929 1838 plerumque
952 1756 992 1819 sit
1014 1755 1048 1817 in
1066 1773 1098 1818 se
1117 1753 1234 1828 licitus,
1251 1760 1284 1816 ei
1302 1753 1435 1818 honestae
1558 1765 1559 1843 l

167 1845 344 1908 recreationi
358 1843 516 1922 inserviat,
531 1845 634 1909 debita
648 1845 816 1910 moderatio
828 1846 862 1908 in
875 1847 941 1926 ejus
953 1863 1013 1907 usu
1026 1861 1120 1926 quam
1134 1842 1271 1906 maxime
1285 1860 1438 1906 commen·
1558 1896 1559 1914 ,

167 1934 267 1996 danda
287 1940 348 2008 est,
365 1951 404 1996 ne
425 1933 509 1997 facile
528 1935 561 1997 in
584 1936 777 1999 detestandos
791 1935 905 1998 abusus
919 1934 1105 1996 deflectatur.
1123 1935 1244 2010 Quanta
1257 1931 1344 1995 enim
1357 1933 1438 1994 mala
1558 1951 1559 2010 ᾗ

167 2040 204 2084 ex
216 2040 250 2084 eo
264 2021 456 2102 proveniant,
469 2024 647 2104 comprobat
658 2024 837 2106 quotidiana
850 2029 881 2086 et
892 2023 1022 2104 lugenda
1033 2020 1129 2084 nimis
1142 2019 1346 2102 experientia!
1356 2023 1436 2096 Quot

169 2109 268 2186 enim,
290 2111 367 2172 heu!
387 2119 559 2176 cernuntur
579 2113 745 2176 miserrimi
766 2116 907 2196 juvenes,
930 2129 1048 2174 necnon
1068 2109 1232 2192 cujuslibet
1254 2109 1437 2172 conditionis

173 2199 323 2274 homines,
338 2199 392 2280 qui
404 2201 475 2264 ludo
489 2201 587 2265 dediti
602 2202 727 2282 integra
741 2202 871 2266 fortunae
884 2201 988 2282 paucis
1000 2199 1108 2263 diebus
1123 2199 1170 2262 rel
1187 2199 1272 2262 horis
1284 2201 1438 2281 jacturam

169 2287 300 2361 iaciunt,
315 2286 466 2352 familiam
481 2291 629 2355 aerumnis
642 2290 847 2371 immergunt,
864 2289 966 2371 stipsi
980 2289 1013 2352 in
1027 2288 1112 2351 omni
1129 2287 1318 2368 flagitiorum
1332 2305 1439 2367 genere

168 2377 362 2439 volutantur!
378 2380 524 2458 &tegant
538 2379 635 2460 igitur
648 2399 701 2460 pro
715 2380 834 2443 viribus
850 2377 973 2442 Perochi
987 2385 1017 2440 et
1031 2375 1228 2452 confessarii,
1245 2383 1282 2439 ut
1300 2375 1440 2439 subditos

171 2468 201 2524 et
215 2463 400 2541 poenitentes
411 2467 449 2527 ab
462 2467 640 2546 hujusmodi
654 2468 779 2530 ludendi
791 2467 892 2530 lurore
903 2473 1057 2543 avertant,
1073 2473 1167 2548 atqcue
1184 2465 1303 2528 solliciti
1319 2465 1383 2526 sint
1398 2481 1438 2526 ne

172 2549 377 2632 obtemperare
397 2561 559 2616 renuentes
579 2555 618 2617 ad
638 2555 832 2618 Sacramenta
853 2555 1032 2618 admittant.
1058 2555 1164 2618 —Sic
1186 2561 1261 2616 recte
1278 2551 1434 2615 concludit

171 2637 306 2716 Gousset,
323 2660 353 2700 n.
370 2644 439 2705 891.
453 2679 494 2688 —
516 2643 547 2705 V.
566 2642 673 2724 Casus,
690 2665 721 2705 n.
739 2648 814 2710 loni
832 2654 934 2727 etseq.

523 3296 602 3339 FINIS
623 3295 793 3340 racemus
815 3297 853 3341 BE
873 3295 1092 3341 conmcmmls
