3168 5002
214 223 257 281 70
643 235 766 280 suares
793 234 1067 281 canonosoemn

210 343 382 419 sanctiones
395 343 432 399 ab
451 341 625 418 apostolicis
639 344 823 418 temporibus
841 343 877 402 in
890 343 1026 403 Ecclesia
1039 343 1234 402 laudabiliter
1248 351 1390 421 receptae,
1405 355 1433 406 et
1444 348 1482 406 in

207 427 350 503 pluribus
369 425 442 483 locis
452 427 638 500 aliquandiu
651 427 950 500 salaman-macta
967 445 1070 487 sacros
1080 445 1211 487 canones
1223 437 1411 501 reuocentur,
1426 449 1482 490 nec
1579 451 1580 486 t

210 509 247 567 ab
262 507 410 566 hereticis
422 512 567 579 tanquam
583 506 685 564 otiosa
696 507 898 566 traducantur
913 527 923 565 :

245 587 397 660 Suggestio
409 588 574 659 temeraria,
587 587 698 662 piarum
713 589 826 645 aurium
839 587 989 658 offensira,
998 589 1186 647 ecclesiastici
1202 590 1358 647 ministerii
1369 595 1484 665 pertur-
1567 609 1574 618 ¹

281 668 392 739 baliva,
411 669 559 726 servandae
571 668 665 741 quoad
680 668 848 743 tieripotest
867 669 897 725 in
909 668 1089 727 celebrandis
1108 669 1253 742 mysteriis
1272 671 1411 730 decentiae
1429 674 1485 730 im·
1579 719 1580 744 ,

280 748 431 818 minutiae,
446 748 477 804 in
491 749 633 806 minorum
649 749 781 806 ordinum
799 764 917 806 munera
931 750 960 806 ct
974 750 1152 819 lunationes,
1167 753 1229 807 tum
1246 750 1278 808 in
1297 751 1482 826 disciplinam
1579 747 1580 780 ³

281 845 332 903 per
346 844 469 886 canones
484 832 513 885 et
532 829 680 903 speciatim
700 845 749 904 per
759 829 957 886 Tridentinum
973 829 1120 904 probatam
1136 830 1291 905 injuriosa,
1307 833 1406 891 lavans
1424 835 1485 892 bm-
1579 839 1580 908 i

281 909 435 966 reticorum
448 909 479 966 in
490 926 554 966 cam
565 909 704 966 conviciis
719 911 749 967 et
763 909 928 969 calumniis.

316 1037 336 1111 ς
355 1035 399 1094 18.

245 1121 289 1180 56.
306 1124 453 1195 Doctrina,
465 1142 529 1198 quae
541 1112 654 1195 stituit,
669 1124 841 1182 conveniens
857 1126 948 1183 videri
964 1127 996 1182 in
1011 1126 1225 1200 impedimentis
1239 1129 1401 1200 canonicis,
1417 1147 1485 1204 quas

208 1203 380 1278 proveniunt
394 1221 427 1261 ex
444 1205 559 1263 delictis
573 1205 677 1278 injure
692 1206 851 1279 expressis,
868 1206 958 1264 ullam
976 1222 1102 1280 unquam
1124 1223 1176 1264 nee
1194 1208 1406 1266 concedendam
1428 1226 1485 1268 nec

209 1284 415 1341 admittendam
429 1301 495 1342 esse
509 1285 772 1360 dispensationem:

245 1364 397 1436 AEquitatis
411 1367 441 1421 et
454 1365 659 1421 moderationis
673 1365 817 1422 canonicas
833 1381 851 1421 a
871 1381 952 1422 sacro
968 1365 1094 1425 Concilio
1109 1366 1275 1425 Tridentino
1290 1369 1416 1442 probatae
1434 1369 1485 1429 lae-
1579 1403 1580 1432 r

282 1445 360 1514 sira,
376 1445 540 1502 auctoritati
549 1446 579 1501 et
587 1444 703 1518 juribus
715 1444 852 1502 Ecclesia
866 1445 1017 1518 derogans.

316 1572 392 1630 ibid.
412 1573 431 1647 5
450 1573 496 1632 ii.

244 1660 289 1718 57.
305 1661 485 1735 Praescriptio
500 1661 620 1733 synodi,
638 1677 702 1734 quae
727 1661 901 1733 generaliter
920 1664 949 1719 et
970 1662 1221 1720 indiscriminatim
1250 1663 1331 1722 reiut
1356 1663 1485 1724 abusum

209 1740 303 1814 rejicit
314 1756 523 1814 quamcumque
536 1741 828 1815 dispensationem,ut
838 1743 904 1816 plus
916 1757 1002 1816 quam
1012 1759 1101 1800 unum
1112 1743 1297 1801 residentiala
1309 1745 1485 1804 beneficium
1579 1745 1580 1768 ³

209 1821 260 1878 uni
270 1819 420 1895 eidemque
434 1823 606 1885 conteratur.
622 1822 708 1890 item,
726 1823 757 1878 in
773 1838 808 1879 co
826 1823 901 1894 quod
922 1823 1080 1895 subjungit,
1102 1826 1211 1881 certum
1234 1824 1290 1881 sibi
1303 1841 1368 1883 esse
1379 1870 1386 1896 ,
1399 1827 1486 1899 juxta
1579 1845 1580 1886 i

207 1899 346 1958 Ecclesia
370 1901 504 1974 spiritum
528 1900 595 1975 plus
619 1917 705 1974 quam
727 1917 784 1958 uno
805 1901 944 1960 benelicio
964 1903 1080 1960 tametsi
1104 1902 1229 1979 simplici
1252 1907 1397 1963 neminem
1425 1908 1485 1964 frui
1579 1935 1580 1938 ¹

209 1996 369 2117 polidam
388 2059 589 2131 generalitate,
610 2061 750 2133 derogans
771 2061 960 2120 moderationi
982 2063 1142 2121 Tridentini
1171 2079 1245 2122 sess.
1264 2067 1329 2134 vu,
1354 2081 1379 2122 e.
1403 2083 1434 2137 r,
1453 2069 1486 2125 at

281 2155 355 2197 sess.
373 2141 475 2210 xxiv,
487 2155 513 2196 c.
527 2155 597 2198 xm.

601 2332 637 2374 ΒΕ
656 2331 839 2375 sroasnnlaus
859 2335 892 2376 ET
915 2332 1089 2377 usrmuoalo

244 2457 346 2518 Libell.
361 2459 532 2518 munorial.
547 2460 630 2520 circa
644 2461 810 2534 sponsalia,
819 2468 888 2534 etc,
903 2463 962 2538 §E

244 2544 289 2604 58.
304 2547 477 2622 Propositio‚
489 2564 553 2621 quae
566 2550 682 2620 statuit,
697 2550 842 2624 sponsalia
855 2551 968 2627 proprie
987 2551 1064 2609 dieta
1076 2554 1170 2609 actum
1182 2567 1260 2609 mera
1273 2551 1389 2610 civilem
1410 2571 1484 2612 con·

209 2627 301 2684 tinere
315 2628 365 2699 qui
385 2628 422 2684 ad
439 2629 651 2686 Matrimonium
670 2629 873 2688 celebrandum
892 2632 1038 2707 disponit,
1058 2631 1216 2706 eademque
1233 2631 1361 2689 civilium
1382 2632 1485 2706 legum
1579 2661 1580 2742 q

209 2708 376 2783 praescripto
390 2708 506 2766 omnino
518 2709 679 2782 subiacere3

246 2787 335 2856 Quasi
356 2791 439 2847 actus
458 2789 613 2864 disponens
631 2791 668 2848 ad
688 2791 903 2849 Sacramentum
923 2808 980 2851 non
999 2791 1147 2865 subjaceat
1165 2792 1219 2850 sub
1234 2793 1286 2849 hac
1298 2792 1410 2851 ratione
1422 2795 1485 2867 juri
1579 2761 1580 2832 l

125 2880 128 2886 ·
211 2867 366 2927 Ecclesia:

246 2947 345 3018 Falsa,
355 2949 432 3022 juris
446 2949 582 3008 Ecclesia
592 2951 684 3024 quoad
699 2952 819 3009 effectus
829 2953 943 3008 etiams
960 2953 1143 3027 sponsalibus
1158 2952 1187 3010 vi
1198 2953 1398 3010 canonicarum
1412 2971 1485 3013 san·

282 3028 409 3086 clinnum
421 3029 594 3104 profluentes
606 3031 721 3101 lasivs,
736 3030 897 3105 disciplina
909 3032 944 3089 ab
958 3032 1089 3091 Ecclesia
1100 3033 1265 3091 constituta
1274 3034 1425 3105 derogans.

315 3155 357 3214 De
370 3157 509 3216 Matrim.
529 3159 569 3233 §5
583 3159 611 3229 7,
624 3159 674 3228 ll,
687 3159 732 3218 m.

244 3243 290 3302 59.
308 3245 440 3302 Doctrina
458 3247 564 3319 Synodi
579 3263 728 3320 asserens,
743 3246 784 3305 ad
798 3265 975 3323 capreosam
990 3247 1109 3306 civitem
1125 3252 1301 3322 potestatem
1316 3249 1486 3309 dumtaxat

210 3323 381 3399 oriqinam'e
400 3334 537 3399 spectare
552 3327 724 3385 contractui
736 3327 934 3386 Matrimonii
950 3345 1101 3404 apponere
1115 3327 1334 3402 impedimenta
1349 3331 1417 3403 ejus
1430 3347 1486 3405 qe·
1579 3329 1580 3396 i

209 3405 310 3473 neris,
326 3421 394 3479 quae
411 3405 516 3479 ipsum
527 3405 652 3464 nudum
665 3406 808 3474 reddunt,
826 3408 1031 3483 dicunturque
1049 3407 1250 3466 dirimentis:
1263 3410 1339 3481 quod
1349 3411 1405 3483 jus
1417 3411 1485 3468 ori-
1579 3451 1580 3486 ,

209 3484 370 3558 qinorimn
389 3488 526 3560 praterea
547 3487 654 3546 dicitur
672 3503 737 3544 cum
756 3487 828 3562 jura
853 3489 1054 3562 dispensandi
1069 3487 1268 3546 essentialiter
1289 3505 1484 3562 manarum,-
1579 3491 1580 3558 ζ

211 3565 397 3640 subjungens,
411 3567 565 3640 supposito
578 3566 757 3626 assensuvcl
764 3568 959 3626 conniventia
965 3568 1165 3643 principum,
1174 3568 1306 3642 potuisse
1314 3569 1485 3630 Ecclesiam
1579 3567 1580 3614 i

203 3647 289 3718 juste
302 3646 484 3704 constituae
497 3649 718 3722 impedimenta
731 3647 913 3706 dirimentis
926 3648 1031 3724 ipsum
1044 3655 1234 3706 contractum
1245 3647 1444 3707 Matrimonii
1455 3669 1467 3705 .·
1579 3661 1580 3706 l

246 3727 335 3796 Quasi
353 3726 482 3784 Ecclesia
499 3743 556 3784 non
580 3745 693 3803 semper
706 3729 831 3804 potuerit
848 3745 882 3786 ac
901 3730 992 3803 possit
1004 3729 1035 3786 in
1051 3729 1274 3786 christianorum
1289 3729 1485 3788 Matrimoniis

207 3806 393 3883 jureproprio
407 3806 611 3881 impedimenta
625 3810 814 3881 constituere,
832 3825 897 3882 quae
911 3808 1124 3868 Matrimonium
1142 3825 1200 3867 non
1216 3808 1309 3867 solum
1322 3809 1486 3884 impediant
1579 3821 1580 3842 ³

211 3885 263 3944 sed
277 3890 305 3944 ct
323 3887 435 3945 nullum
452 3887 572 3943 reddant
592 3887 684 3961 quoad
701 3889 863 3958 vinculum,
885 3889 991 3961 quibus
1008 3888 1159 3948 christiani
1179 3888 1310 3947 obstricti
1328 3891 1485 3948 teneantur

211 3965 300 4024 etiam
311 3967 342 4024 in
354 3967 438 4025 larris
451 3965 626 4037 infidelium,
642 3968 673 4024 in
686 3967 853 4042 eisdemque
864 3969 1051 4043 dispensare:

247 4047 393 4104 canonum
404 4046 431 4119 3,
441 4047 469 4118 l,
485 4046 512 4119 9,
527 4045 573 4120 ii,
588 4048 730 4106 sessionis
738 4050 831 4107 XXIV
840 4048 960 4106 Concilii
971 4048 1130 4108 Tridentini
1142 4050 1280 4120 eversiva,
1297 4049 1444 4109 haeretica.

319 4171 375 4232 Cit.
389 4173 479 4233 libell.
491 4175 664 4234 memorial.
679 4175 763 4233 circa
776 4175 908 4250 mansel.
923 4177 942 4251 ἓ
958 4176 1003 4235 10.

247 4259 291 4318 60.
304 4262 375 4318 Item
384 4263 492 4334 rogatio
502 4262 608 4338 Synodi
619 4262 654 4320 ad
667 4265 837 4338 potestatem
846 4265 972 4335 civilem,
983 4266 1015 4322 ut
1023 4283 1039 4324 a
1048 4279 1178 4322 numero
1189 4260 1484 4339 impedimentorum

211 4341 297 4400 tollat
310 4341 523 4416 aequationem
535 4343 744 4418 spiritualm
759 4351 848 4418 atque
862 4342 941 4402 illud
954 4344 1036 4420 quod
1041 4342 1294 4420 diciturpublicae
1301 4345 1485 4416 innatatis,

211 4437 344 4498 quorum
356 4421 443 4496 oriqo
457 4423 612 4498 reperitur
624 4425 661 4484 in
674 4423 852 4482 collectione
865 4424 1057 4496 lastiniani3
1071 4427 1133 4482 tum
1151 4426 1183 4482 ut
1200 4424 1366 4499 restrinqat
1386 4425 1487 4500 impe-

211 4502 381 4562 dimentum
401 4501 565 4576 affinitatis
582 4509 609 4561 et
627 4503 835 4580 coqnationis,
856 4521 1098 4581 sequanamque
1112 4501 1264 4564 licitaaut
1286 4503 1397 4565 illicita
1411 4523 1484 4565 coa·
1579 4491 1580 4500 ¹
