3202 5020
690 209 734 253 99
759 209 908 261 neamus
1363 199 1431 258 161

159 339 165 346 ·
195 321 229 378 10
241 316 387 394 Moralio,
401 335 469 398 999
484 319 661 399 spectabant
672 319 888 382 rectitudinem
901 321 1057 394 moralem,
1070 326 1100 383 91
1113 319 1146 382 id
1159 321 1336 384 statuebant
1350 325 1431 404 quod

147 405 218 484 lege
229 405 364 467 naturali
375 408 442 487 jam
454 406 665 488 praescriptum
679 413 754 470 9991.
768 407 854 470 Τ9119
867 414 941 470 sunt
954 408 1091 488 Decalogi
1104 417 1261 490 praecepta.
1378 487 1382 494 ¹

194 498 227 556 2⁰
241 493 487 569 Cemmonioiia,
502 513 571 576 quae
587 495 798 559 referebantur
815 497 855 558 ad
872 496 926 559 Dei
945 497 1080 573 cultum,
1094 504 1127 559 91
1145 499 1322 560 statuebant
1342 517 1431 564 9999-

147 582 277 645 monias
290 589 322 645 et
333 583 490 646 sacrificia.

196 677 228 736 3ο
241 671 422 745 ludiciolc‘a,
438 691 506 754 9999
518 675 557 758 ad
569 673 726 754 politicam
738 680 769 736 et
781 674 997 737 oeconomicam
1011 673 1312 738 administrationem
1326 695 1380 739 sou
1393 679 1431 740 ad

149 767 271 822 rectam
283 759 536 840 gubernationem
549 762 653 843 populi
665 762 870 843 pertinebant.

194 851 259 912 Lex
270 855 360 912 vetus
378 867 396 910 a
414 849 534 912 Christo
548 851 693 930 abrogata
706 850 781 926 fuit,
795 857 900 932 utpote
916 855 1015 934 999119
1029 851 1117 914 donoc
1135 853 1252 914 veniret
1268 873 1365 916 semen
1382 846 1437 916 cac*

147 939 350 1020 procuderet,
364 945 401 1000 ut
412 938 459 1001 ait
471 941 577 1019 Apost.
596 938 694 1002 Galat.
710 959 763 1014 m,
781 943 828 1002 19.
843 941 911 1003 Sola
927 941 1024 1020 igitur
1040 959 1109 1021 pars
1128 941 1203 1022 legis
1220 943 1347 1017 veterio,
1363 957 1432 1024 999

149 1027 195 1088 ad
205 1045 306 1088 mores
318 1027 486 1106 spectabat,
501 1027 536 1090 in
550 1029 612 1107 lege
624 1047 704 1092 9999
718 1034 837 1091 servata
852 1035 939 1091 estet
952 1029 1141 1092 confirmata.

196 1116 233 1176 11.
247 1118 310 1178 Lex
333 1133 413 1178 9999
431 1133 484 1178 999
501 1116 688 1195 evangelica,
705 1135 773 1198 999
796 1116 910 1180 dicitur
930 1119 978 1180 lex
1000 1117 1120 1198 gratie,
1135 1119 1183 1180 991
1199 1119 1365 1195 libertatis,
1382 1121 1431 1184 991

150 1219 274 1266 novum
289 1205 533 1280 Testamentum,
548 1205 685 1268 continet
696 1206 878 1268 documenta
890 1205 1019 1286 triplicis
1034 1206 1163 1286 generis,
1181 1206 1293 1270 scilicet
1308 1213 1340 1270 1ο
1350 1228 1432 1290 9999-

151 1301 243 1374 cepto
260 1292 404 1368 morolio,
419 1292 497 1355 eirca
516 1293 663 1368 virtutes,
680 1295 850 1376 praesertim
868 1295 1063 1374 theologicam
1080 1300 1111 1358 2⁰
1125 1305 1276 1378 precepto
1297 1315 1432 1361 coeremo-

154 1380 270 1458 niciio,
286 1381 363 1444 circa
375 1383 569 1444 Sacramenta
582 1389 613 1445 et
628 1383 726 1448 missa
742 1381 939 1458 sacrificium;
955 1387 987 1446 3⁰
1000 1402 1083 1445 99999
1093 1383 1235 1460 consilia,
1253 1386 1305 1448 sed
1319 1403 1430 1466 magno

153 1469 281 1550 praemio
298 1469 400 1549 digna.

197 1561 260 1620 Lex
277 1577 358 1620 nova
375 1559 479 1621 differt
497 1579 516 1622 a
533 1561 596 1640 lege
611 1561 722 1634 veteri,
741 1561 912 1642 praesertim
931 1561 965 1622 in
984 1560 1202 1642 sequentibus:
1216 1567 1246 1623 1⁰
1259 1565 1356 1624 Vetus
1370 1562 1431 1626 fuit

152 1647 268 1708 umbra
278 1653 309 1708 et
322 1646 434 1727 {iguem
450 1666 529 1711 nova
542 1655 589 1711 est
600 1650 654 1711 lux
665 1657 696 1712 et
708 1649 829 1712 veritas.
843 1683 883 1693 -
897 1653 929 1710 2⁰
940 1652 1037 1712 Vetus
1054 1649 1101 1710 lex
1118 1649 1239 1712 timoris
1256 1655 1335 1722 erat;
1350 1668 1430 1713 9999

152 1753 227 1797 vero
241 1735 289 1797 lex
303 1737 409 1816 gratiae
422 1743 452 1798 et
468 1737 581 1799 amoris
594 1745 651 1800 est.

195 1826 259 1885 Lex
272 1831 362 1886 99199
381 1825 493 1887 dicitur
506 1825 698 1905 imperfecta,
715 1845 778 1889 non
796 1826 922 1907 quidem
939 1825 974 1887 in
994 1843 1039 1900 99,
1057 1827 1109 1888 sed
1128 1826 1253 1889 relative
1267 1827 1306 1888 ad
1320 1826 1430 1906 perfec-

151 1913 277 1976 tiorem.
292 1917 367 1975 Erat
377 1913 462 1976 enim
474 1913 603 1994 perfecta
617 1914 652 1976 in
664 1933 709 1990 se,
725 1934 796 1978 cum
810 1921 906 1978 Deum
922 1920 1074 1978 auctorem
1089 1915 1230 1990 baberet,
1247 1919 1277 1977 91
1287 1918 1366 1978 Deus
1378 1933 1432 1995 pec

149 2001 243 2064 iilam
257 2002 420 2082 attingeret
432 2019 557 2083 scopum
568 2021 661 2083 quem
677 2003 735 2066 sibi
750 2003 966 2086 praestituerat.

197 2093 261 2152 Lex
279 2109 358 2152 nova
377 2110 432 2171 pro
451 2091 595 2154 omnibus
615 2092 678 2155 lata
691 2099 752 2166 991,
769 2093 896 2173 ideoque
912 2093 1027 2172 obligat
1042 2111 1164 2166 omnes,
1179 2091 1322 2172 99999919
1339 2091 1377 2154 ab
1396 2111 1432 2154 99

151 2179 346 2242 observenda
357 2187 542 2242 excusentur
555 2179 594 2253 ii,
609 2182 795 2262 adquorum
807 2180 953 2244 notitiam
968 2183 1108 2244 nondum
1118 2182 1268 2261 pervenit.
1286 2180 1334 2243 Sic
1347 2181 1432 2243 enim

150 2265 316 2342 Christus,
330 2269 437 2332 Mattb.
454 2287 569 2344 9999999,
588 2273 640 2344 19,
658 2275 715 2333 bo:
732 2270 849 2332 Euntcs
867 2290 938 2352 9999
962 2269 1057 2332 docete
1080 2289 1177 2331 omncs
1200 2279 1315 2350 999199,
1337 2269 1433 2345 bapti-

149 2365 260 2417 mater
278 2375 324 2418 eos
340 2359 372 2417 in
392 2358 509 2419 nomine
531 2357 651 2433 Patris,
671 2362 740 2435 etc,
759 2359 892 2422 docentes
909 2377 956 2421 999
973 2379 1097 2422 servare
1119 2361 1219 2420 onmia
1241 2375 1435 2440 quecumque

151 2445 407 2509 mendacitatis.

671 2650 846 2726 CAPUT
878 2651 919 2724 ll

403 2843 452 2894 DE
483 2841 588 2894 LEGE
620 2844 938 2896 ECCLESIASTICA
968 2843 1018 2894 ET
1048 2842 1177 2894 CIVILI

668 3033 883 3098 ARTIGULUS
910 3034 923 3093 Ι

598 3187 637 3233 DE
661 3189 736 3234 Lucu
763 3187 993 3234 ncctnsmsmcn

196 3327 266 3386 aaa.
281 3359 320 3368 -
334 3325 398 3386 Lex
411 3324 609 3387 ecclesiastica
619 3323 742 3398 dicitur,
759 3341 828 3404 999
843 3341 897 3403 999
915 3328 997 3385 recta
1013 3321 1150 3384 Ecclesiae
1167 3315 1386 3400 gubernatione
1400 3324 1432 3381 et

144 3418 270 3475 9919999
282 3410 461 3474 ammarum
476 3413 572 3476 salute
587 3419 765 3494 apotestate
778 3411 978 3474 ecclesiastica
995 3408 1102 3472 199199.

195 3499 335 3563 Collectio
349 3500 507 3564 variacum
518 3501 622 3582 legum
638 3500 908 3563 ecclesiasticarum
922 3501 978 3561 Jus
993 3498 1174 3561 canonicum
1187 3494 1359 3559 constituit.

195 3591 311 3668 Corpus
321 3589 402 3670 juris
414 3589 551 3653 canonici
562 3609 615 3653 sax
624 3595 744 3652 constat
754 3587 905 3670 partibus,
915 3584 977 3650 tria
983 3587 1143 3651 volumina
1156 3581 1427 3648 constituentibus.

144 3679 236 3740 Sunt
249 3683 354 3739 autem
366 3697 373 3740 :
385 3677 544 3741 Decretum
558 3677 713 3756 Grotioai,
726 3673 1040 3754 peraccessimus,
1059 3675 1264 3745 6199991199,
1276 3671 1432 3734 11919999·

145 3765 395 3848 9991991999919
409 3767 505 3830 XXII
508 3815 517 3844 ,
533 3773 562 3831 91
573 3768 821 3849 Ε919999999199
834 3785 1010 3828 communes.
1298 3809 1301 3815 ,

197 3852 219 3915 I
240 3853 381 3917 Velamen
403 3855 540 3920 continet
561 3861 721 3920 Decretum
742 3875 760 3917 a
781 3854 940 3928 Gratiano,
958 3853 1104 3917 monacho
1123 3849 1332 3923 Benedictino,
1347 3848 1432 3912 colle·

146 3947 259 4019 ctum,
278 3949 309 4005 91
322 3962 403 4007 anno
422 3943 482 4007 iere
505 3951 579 4010 1151
605 3945 798 4026 publicatum
815 3943 872 4006 sub
889 3942 999 4006 titulo:
1014 3939 1239 4004 Concordaatia
1259 3936 1433 4000 discordan-

149 4031 231 4094 tium
246 4029 412 4095 Cononem.
428 4037 510 4114 Opus
525 4035 722 4097 distribuitur
735 4033 845 4096 intres
860 4037 968 4112 partes,
983 4047 1115 4110 quarum
1129 4027 1229 4108 prime
1244 4027 1280 4088 de
1291 4025 1430 4107 personis

148 4119 365 4183 ecclesiasticis
375 4128 496 4198 tractat,
506 4123 638 4185 secunda
652 4123 688 4184 de
703 4121 872 4204 actionibus
886 4138 940 4182 seu
953 4121 990 4183 de
1002 4116 1131 4180 materia
1143 4122 1174 4178 et
1187 4113 1287 4177 forma
1296 4113 1432 4197 judicio*

148 4225 245 4284 rum,
264 4215 295 4271 91
306 4209 399 4272 199119
415 4213 452 4274 de
467 4211 559 4272 rebus
574 4209 678 4272 sacris.

199 4296 310 4358 Prima
321 4317 394 4380 pars
407 4299 558 4362 dividitur
574 4299 609 4361 in
620 4305 745 4361 centrum
759 4303 791 4360 91
803 4315 900 4362 unam
912 4294 1135 4368 distinctiones,
1146 4309 1215 4373 quae
1227 4291 1431 4358 subdividun-

152 4385 268 4448 19919
287 4387 385 4467 capita
408 4407 461 4451 seu
483 4406 622 4452 canones.
644 4388 692 4450 Sic
709 4385 839 4449 indicari
863 4385 936 4447 solet
948 4404 955 4446 :
967 4403 1033 4468 cap.
1049 4383 1220 4465 Jejunium,
1243 4387 1274 4458 ’1,
1290 4383 1360 4446 dist.
1375 4385 1434 4458 to:

153 4474 469 4552 991911999919116,
486 4497 551 4560 cop.
568 4483 598 4541 Ι1.
685 4557 688 4566 .
