3156 5026
511 249 554 295 on
574 240 740 293 rosrrrra
758 245 803 292 rr
820 246 906 292 sons
1278 229 1345 292 383

76 365 283 453 pietantiam,
297 361 343 424 ita
361 365 400 424 ut
419 359 457 422 de
476 358 526 422 his
542 357 689 433 maritus,
710 357 778 438 ipsa
797 355 934 432 nolente,
957 355 1037 418 nihil
1055 355 1213 436 disponere
1233 358 1345 421 valeat.

77 457 154 520 Hinc
166 453 264 536 quoad
275 450 329 514 illa
340 448 515 512 nullatenus
526 465 604 512 uxor
618 465 637 508 a
649 445 761 508 marito
772 445 930 526 dependet.
945 477 987 492 -
1002 444 1040 508 S.
1054 445 1139 527 Lip„
1156 445 1232 507 ibid.

117 548 168 608 lll.
184 539 353 622 Proprietas
370 544 400 600 et
418 535 537 600 utilitas
553 535 705 598 bonorum
725 534 923 596 comeciam
943 533 1099 614 pertinent
1118 535 1160 596 ad.
1178 540 1347 616 utrumque

27 659 31 672 ·
76 637 249 716 conjugem
270 628 321 692 sed
340 622 567 690 administratio
585 623 762 686 eorumdem
780 622 912 704 pertinet
926 623 965 685 ad
981 622 1081 686 solum
1099 622 1260 686 meritum.
1277 625 1354 687 lime*

76 728 179 786 autem
193 715 398 782 mumoniae
410 714 563 778 bonorum
578 711 679 775 varim
692 711 881 775 conditiones
897 729 951 774 seu
967 709 1174 774 restrictiores
1186 712 1348 776 admittere

75 815 186 892 potest,
210 813 242 869 et
266 803 376 869 idcirco
399 802 623 866 attendendum
650 804 696 862 est
715 800 754 862 ad
779 800 879 864 varies
899 800 1035 864 locorum
1057 799 1281 881 dispositiones.
1306 835 1348 850 -·

76 898 176 977 bloet,
191 916 222 958 a.
240 897 298 960 69..

442 1069 480 1126 lt.
491 1097 529 1110 -
546 1079 749 1124 orsrosrrrosrs
765 1080 844 1124 suum
862 1080 974 1124 camier

113 1247 215 1316 Paete,
230 1258 302 1323 que
318 1257 336 1302 a
350 1235 530 1320 conjugibus
543 1242 615 1300 ante
630 1232 868 1298 matrimonium
890 1233 966 1298 iniri
986 1240 1129 1316 possunt,
1147 1241 1209 1300 tres
1223 1238 1345 1315 classes,

77 1351 127 1394 seu
146 1331 286 1412 regimen
304 1327 416 1408 triplex
437 1325 643 1400 constituunt,
661 1321 774 1386 scilieet
793 1342 801 1385 :
823 1323 1193 1404 l⁰reg1mendotole;2⁰
1212 1327 1349 1407 regimen

76 1421 298 1483 communitatis
304 1435 317 1496 ;
331 1422 363 1482 3⁰
377 1413 513 1494 regimen
524 1411 684 1476 metatam
695 1415 947 1475 communitatem.

114 1513 182 1573 550.
197 1543 240 1556 —
258 1510 282 1570 Ι.
298 1505 442 1587 Repimeo
459 1501 569 1566 dotote.
590 1506 673 1566 Bona
694 1499 806 1563 dotalia
823 1517 858 1563 ea
878 1505 953 1563 sunt
971 1505 1110 1574 tantum,
1124 1519 1193 1582 quae
1209 1504 1299 1565 uxori
1313 1503 1348 1568 in

76 1599 174 1662 dotem
189 1598 258 1680 ipso
272 1596 428 1658 contractu
441 1589 634 1654 matrimonii
647 1587 881 1652 constituuntur
898 1587 1032 1652 :hermu
1045 1589 1094 1652 vir
1108 1590 1349 1655 administratio

77 1703 145 1748 nem
161 1687 286 1766 plenam
305 1682 412 1757 babet,
427 1683 458 1743 et
475 1678 705 1742 usrmtimctum
722 1676 860 1758 percipit.
877 1681 960 1742 Uxor
975 1695 1046 1742 vero
1061 1679 1160 1742 solum
1174 1677 1350 1742 dominium

78 1773 225 1838 tumtum
239 1779 341 1838 servat
351 1771 361 1852 (
370 1779 431 1832 ort.
450 1768 558 1850 toto).

115 1863 146 1924 Si
164 1863 247 1928 bona
267 1858 380 1924 dotalia
398 1856 568 1922 consistant
585 1855 621 1918 in
638 1853 806 1918 mobilibus
824 1853 889 1918 sive
912 1855 1027 1936 partim
1048 1855 1113 1919 sive
1133 1856 1276 1932 totaliter,
1302 1858 1351 1920 vir

79 1968 182 2014 eorum
195 1949 371 2016 dominium
382 1945 550 2028 perfectum
560 1944 668 2018 habet,
680 1949 712 2005 et
723 1949 846 2006 tautum
854 1944 892 2006 de
903 1961 1010 2007 eorum
1020 1945 1122 2007 valore
1133 1944 1309 2025 consignato
1316 1945 1351 2008 in

77 2045 235 2103 contractu
247 2034 483 2102 matrimonium
496 2033 680 2114 praecedente
692 2036 816 2094 tenetur
830 2031 908 2113 (art.
923 2035 997 2097 teet
1007 2033 1028 2115 l.

114 2132 199 2190 Bona
210 2125 324 2191 dotalia
338 2123 513 2188 nullatenus
527 2120 654 2184 alienari
668 2126 812 2201 possunt,
824 2120 919 2184 etiam
930 2139 1026 2184 uxore
1039 2122 1261 2198 consentiente,
1274 2141 1350 2204 prte-

78 2220 121 2277 ter
133 2221 232 2278 certos
244 2213 393 2296 quosdam
404 2227 492 2274 casus
503 2211 567 2290 lege
584 2215 723 2290 exceptos
734 2208 810 2287 (ort.
826 2213 920 2286 tear,
936 2211 1022 2292 seq).

114 2307 200 2366 Bona
213 2308 319 2366 autem
330 2317 531 2382 quecumque
543 2297 668 2375 uxoris,
684 2297 719 2360 in
730 2297 835 2360 dotem
845 2315 909 2361 non
920 2299 1103 2376 constituta,
1119 2305 1279 2364 remanent
1291 2301 1352 2382 ipsi

75 2389 204 2453 omnino
218 2389 355 2473 propria,
369 2406 423 2452 seu
437 2386 668 2468 paraphernalia
677 2385 841 2462 habentur,
855 2393 1007 2450 eteorum
1020 2388 1132 2452 mulier
1145 2390 1239 2452 etiam
1253 2390 1352 2453 admi-

75 2476 294 2544 nistrationem
307 2477 414 2551 habet,
430 2481 522 2556 atque
534 2473 764 2538 usumfructum
779 2474 907 2556 percipit
923 2477 1034 2556 (1574,
1051 2479 1155 2561 ldie).
1172 2479 1238 2542 Non
1253 2484 1353 2559 potest

78 2570 182 2629 tamen
200 2565 372 2630 immobilia
388 2565 534 2640 alienare,
551 2581 650 2644 neque
663 2581 718 2644 pro
732 2563 776 2626 eis
790 2563 951 2645 injudicio
968 2583 1000 2627 se
1014 2564 1120 2628 sistere
1134 2566 1199 2629 sine
1213 2585 1352 2648 expresso

79 2654 184 2717 mariti
205 2673 369 2728 consensu,
385 2660 455 2730 aut,
471 2652 624 2716 renitente
642 2652 772 2726 marito,
796 2651 862 2716 sine
886 2653 1038 2716 sententio
1060 2653 1224 2719 tribunalis
1236 2660 1354 2738 prima

80 2740 231 2807 metantis
246 2743 323 2825 (ort.
339 2743 450 2824 root);
466 2740 548 2823 quod
565 2740 650 2804 idem
668 2740 846 2817 dicendum,
868 2739 895 2804 si
915 2759 993 2804 uxor
1010 2741 1045 2804 in
1062 2741 1151 2806 bonis
1169 2744 1212 2808 sit
1228 2763 1353 2826 prorsus

81 2841 215 2910 separata
229 2833 305 2914 (ort.
322 2832 428 2913 ttae).

118 2919 166 2982 Ad
177 2921 258 2986 bona
272 2917 504 3003 parapbemelie
517 2922 655 2998 spectant
669 2935 704 2979 ea
717 2934 853 2998 quoque,
874 2935 942 2998 qum
958 2937 1038 2982 uxor
1051 2919 1110 2982 sibi
1125 2923 1278 3003 comparat
1288 2926 1353 2984 ein-

80 3005 182 3082 palari
194 3011 347 3072 industrie
360 3007 408 3071 vel
422 3007 524 3070 labore
537 3004 792 3078 extraordinario,
807 3005 946 3069 adbibita
959 3006 1003 3069 rei
1017 3007 1177 3072 familiaris
1192 3009 1354 3076 sufficienti

83 3109 166 3174 cura,
180 3100 229 3163 vel
241 3117 276 3162 ea
290 3115 358 3179 quae
372 3095 544 3158 accumulet
551 3093 669 3174 aliquid
681 3092 889 3158 subtrahendo
899 3095 935 3158 de
947 3095 1007 3158 sibi
1019 3097 1167 3160 concessis
1174 3100 1212 3162 ad
1222 3099 1352 3174 rictum,

83 3184 239 3263 vestitum,
251 3185 462 3259 recreationes,
472 3188 543 3257 ete,
556 3189 626 3245 tum
635 3181 771 3245 etiamea
781 3201 850 3264 quae
856 3182 915 3264 ipsi
925 3183 997 3246 data
1006 3182 1202 3250 b1e1inteum
1213 3207 1354 3269 expressa

84 3273 269 3351 conditione,
285 3279 322 3336 ut
336 3272 478 3338 virenon
492 3271 607 3334 cedant.

120 3363 288 3445 Nunquam
300 3367 462 3425 censentur
473 3363 614 3442 conjuges
626 3378 658 3423 se
672 3361 816 3443 sepimine·
827 3361 926 3423 dotali
939 3362 1115 3446 subjecisse,
1126 3365 1188 3428 nisi
1200 3365 1232 3428 id
1243 3365 1277 3426 in
1289 3365 1354 3444 ipsc

84 3450 275 3516 matrimonii
287 3453 445 3514 contractu
458 3466 598 3528 expresse
612 3448 845 3526 declaraverint3
859 3468 958 3531 neque
971 3451 1055 3515 adid
1070 3451 1181 3515 suffieit
1192 3451 1272 3515 dotis
1286 3471 1355 3515 mu-

85 3533 218 3617 stitutio,
235 3557 331 3621 quam
353 3537 467 3619 alioqui
487 3544 595 3602 eamr-a
612 3555 733 3619 quoque
752 3537 903 3618 regimina
920 3539 1106 3616 admittunt,
1121 3541 1169 3603 vel
1182 3539 1354 3604 communi-

85 3622 153 3686 tatis
167 3627 317 3701 exclusio,
334 3625 492 3690 autetiam
506 3625 658 3688 bonorum
671 3626 1027 3710 separatio(ort.1392).

119 3715 188 3779 ott.
202 3753 245 3764 -
259 3719 295 3779 ll.
315 3715 458 3796 Repimea
472 3714 695 3776 communitatis
710 3722 785 3777 tune
798 3716 899 3792 adest,
920 3717 1041 3796 quando
1059 3719 1201 3799 conjuges
1214 3719 1355 3798 quadam

83 3797 126 3860 l'el
139 3804 288 3868 universe
300 3804 381 3868 bona
399 3803 481 3865 inter
500 3821 532 3865 se
552 3801 669 3866 habent
688 3803 874 3866 communia.
891 3805 1104 3869 communitas
1118 3814 1223 3868 autern
1244 3813 1290 3868 est
1309 3807 1356 3869 vel

85 3880 200 3969 tepetis,
217 3895 265 3957 vel
276 3890 528 3969 concentionob'e,
544 3897 636 3972 prout
649 3891 713 3972 lege
727 3891 775 3956 vel
786 3899 873 3973 pacto
888 3893 1009 3974 speciali
1025 3893 1271 3957 contrabentium
1286 3913 1355 3958 con-

29 4021 31 4060 1
85 3973 237 4048 stituitur.

29 4089 31 4126 t
88 4145 95 4156 .
123 4067 336 4134 Communitas
352 4070 457 4153 tepolis
469 4069 537 4151 ipso
551 4072 621 4151 jure
634 4069 771 4144 exsistit,
788 4072 909 4151 quando
927 4072 1049 4135 nullum
1069 4071 1150 4134 inter
1165 4089 1197 4134 se
1215 4074 1356 4154 conJ'uges

30 4143 32 4246 i
86 4150 221 4223 lnierunt
234 4143 425 4224 contradam
436 4158 710 4234 matrimonialem,
723 4159 770 4222 vel
781 4159 816 4221 in
828 4163 983 4223 contractu
998 4159 1176 4240 simpliciter
1189 4161 1355 4225 declarave-

31 4247 33 4318 l
88 4249 173 4319 runt,
197 4249 311 4330 absque
329 4249 391 4311 ulla
415 4245 536 4328 speciali
558 4245 770 4327 stipulatione,
792 4266 824 4310 se
844 4248 1081 4312 matrimonium
1105 4250 1279 4312 contrahere
1299 4251 1356 4314 sub

32 4319 35 4408 l
89 4329 232 4406 regimine
246 4335 489 4400 communitatis.
504 4335 583 4398 Hine
591 4335 698 4398 haberi
710 4342 810 4417 potest
817 4341 967 4418 tanquam
973 4339 1026 4418 jus
1037 4336 1071 4399 in
1081 4337 1185 4402 Galliis
1194 4355 1357 4402 commuue

89 4423 183 4489 (lutati
196 4423 394 4488 matrimonia
408 4425 484 4506 (ort.
501 4427 579 4488 1393
593 4433 623 4486 et
636 4425 740 4505 1400).

125 4507 337 4580 communitas
352 4512 458 4596 tepetis
477 4512 638 4578 coalescit:
655 4519 687 4578 l⁰
702 4531 740 4576 ex
758 4513 903 4578 omnibus
918 4513 1007 4579 bonis
1023 4513 1189 4580 mobilibus
1203 4536 1271 4599 que
1285 4537 1355 4582 eon-
