<?xml version="1.0" encoding="UTF-8"?>
<!DOCTYPE html PUBLIC "-//W3C//DTD XHTML 1.0 Transitional//EN"
    "http://www.w3.org/TR/xhtml1/DTD/xhtml1-transitional.dtd">
<html xmlns="http://www.w3.org/1999/xhtml" xml:lang="en" lang="en">
 <head>
  <title>
</title>
<meta http-equiv="Content-Type" content="text/html;charset=utf-8" />
  <meta name='ocr-system' content='tesseract 3.04.00' />
  <meta name='ocr-capabilities' content='ocr_page ocr_carea ocr_par ocr_line ocrx_word'/>
</head>
<body>
  <div class='ocr_page' id='page_1' title='image "./compendiumtheol02gurygoog_0373.png"; bbox 0 0 3206 5024; ppageno 0'>
   <div class='ocr_carea' id='block_1_1' title="bbox 254 262 994 324">
    <p class='ocr_par' dir='ltr' id='par_1_1' title="bbox 254 262 994 324">
     <span class='ocr_line' id='line_1_1' title="bbox 254 262 994 324; baseline -0.009 -1"><span class='ocrx_word' id='word_1_1' title='bbox 254 262 323 324; x_wconf 78' lang='lat'>356</span> <span class='ocrx_word' id='word_1_2' title='bbox 784 269 994 317; x_wconf 76' lang='lat' dir='ltr'>rnscrsros</span> 
     </span>
    </p>
   </div>
   <div class='ocr_carea' id='block_1_2' title="bbox 237 379 1526 4624">
    <p class='ocr_par' dir='ltr' id='par_1_2' title="bbox 253 379 1526 625">
     <span class='ocr_line' id='line_1_2' title="bbox 253 379 1526 461; baseline -0.002 -12"><span class='ocrx_word' id='word_1_3' title='bbox 253 404 318 450; x_wconf 90' lang='lat' dir='ltr'>esse</span> <span class='ocrx_word' id='word_1_4' title='bbox 347 383 621 456; x_wconf 65' lang='lat' dir='ltr'>contemnendam,</span> <span class='ocrx_word' id='word_1_5' title='bbox 646 380 789 444; x_wconf 88' lang='lat' dir='ltr'>arbitrati</span> <span class='ocrx_word' id='word_1_6' title='bbox 818 387 893 444; x_wconf 92' lang='lat' dir='ltr'>sunt</span> <span class='ocrx_word' id='word_1_7' title='bbox 921 385 1108 461; x_wconf 86' lang='lat' dir='ltr'>praeceptum</span> <span class='ocrx_word' id='word_1_8' title='bbox 1135 379 1369 444; x_wconf 77' lang='lat' dir='ltr'>communionis</span> <span class='ocrx_word' id='word_1_9' title='bbox 1399 383 1526 447; x_wconf 92' lang='lat' dir='ltr'>omnino</span> 
     </span>
     <span class='ocr_line' id='line_1_3' title="bbox 253 469 1526 552; baseline -0.002 -14"><span class='ocrx_word' id='word_1_10' title='bbox 253 473 379 538; x_wconf 81' lang='lat' dir='ltr'>affixum</span> <span class='ocrx_word' id='word_1_11' title='bbox 398 491 462 534; x_wconf 85' lang='lat' dir='ltr'>esse</span> <span class='ocrx_word' id='word_1_12' title='bbox 481 471 612 552; x_wconf 89' lang='lat' dir='ltr'>tempori</span> <span class='ocrx_word' id='word_1_13' title='bbox 629 470 779 546; x_wconf 89' lang='lat' dir='ltr'>Paschali‚</span> <span class='ocrx_word' id='word_1_14' title='bbox 794 469 958 551; x_wconf 88' lang='lat' dir='ltr'>ipsumque</span> <span class='ocrx_word' id='word_1_15' title='bbox 977 471 1076 550; x_wconf 87' lang='lat' dir='ltr'>elapso</span> <span class='ocrx_word' id='word_1_16' title='bbox 1094 470 1150 532; x_wconf 91' lang='lat' dir='ltr'>hoc</span> <span class='ocrx_word' id='word_1_17' title='bbox 1169 476 1304 551; x_wconf 77' lang='lat' dir='ltr'>tompore</span> <span class='ocrx_word' id='word_1_18' title='bbox 1322 470 1448 550; x_wconf 88' lang='lat' dir='ltr'>penitus</span> <span class='ocrx_word' id='word_1_19' title='bbox 1466 492 1526 536; x_wconf 84' lang='lat' dir='ltr'>oes-</span> 
     </span>
     <span class='ocr_line' id='line_1_4' title="bbox 254 560 684 625; baseline -0.005 0"><span class='ocrx_word' id='word_1_20' title='bbox 254 560 483 625; x_wconf 68' lang='lat' dir='ltr'>sme.-Ibd.</span> <span class='ocrx_word' id='word_1_21' title='bbox 681 582 684 590; x_wconf 90' lang='lat'><strong>·</strong></span> 
     </span>
    </p>

    <p class='ocr_par' dir='ltr' id='par_1_3' title="bbox 250 647 1524 1350">
     <span class='ocr_line' id='line_1_5' title="bbox 292 647 1524 731; baseline -0.002 -16"><span class='ocrx_word' id='word_1_22' title='bbox 292 651 434 716; x_wconf 88' lang='lat' dir='ltr'>Nondum</span> <span class='ocrx_word' id='word_1_23' title='bbox 449 655 553 712; x_wconf 91' lang='lat' dir='ltr'>autem</span> <span class='ocrx_word' id='word_1_24' title='bbox 568 655 663 731; x_wconf 84' lang='lat' dir='ltr'>coepto</span> <span class='ocrx_word' id='word_1_25' title='bbox 676 651 810 729; x_wconf 81' lang='lat' dir='ltr'>tempore</span> <span class='ocrx_word' id='word_1_26' title='bbox 824 647 974 722; x_wconf 88' lang='lat' dir='ltr'>Paschali,</span> <span class='ocrx_word' id='word_1_27' title='bbox 992 665 1097 724; x_wconf 90' lang='lat' dir='ltr'>nemo,</span> <span class='ocrx_word' id='word_1_28' title='bbox 1115 648 1224 710; x_wconf 88' lang='lat' dir='ltr'>saltem</span> <span class='ocrx_word' id='word_1_29' title='bbox 1234 650 1326 729; x_wconf 81' lang='lat' dir='ltr'>juxta</span> <span class='ocrx_word' id='word_1_30' title='bbox 1337 651 1524 714; x_wconf 88' lang='lat' dir='ltr'>sententiam</span> 
     </span>
     <span class='ocr_line' id='line_1_6' title="bbox 252 735 1522 819; baseline -0.002 -15"><span class='ocrx_word' id='word_1_31' title='bbox 252 757 462 814; x_wconf 91' lang='lat' dir='ltr'>communem,</span> <span class='ocrx_word' id='word_1_32' title='bbox 484 756 552 819; x_wconf 80' lang='lat' dir='ltr'>que</span> <span class='ocrx_word' id='word_1_33' title='bbox 575 755 695 800; x_wconf 89' lang='lat' dir='ltr'>anuum</span> <span class='ocrx_word' id='word_1_34' title='bbox 717 735 912 816; x_wconf 76' lang='lat' dir='ltr'>obligationis</span> <span class='ocrx_word' id='word_1_35' title='bbox 937 743 1094 818; x_wconf 89' lang='lat' dir='ltr'>computat</span> <span class='ocrx_word' id='word_1_36' title='bbox 1119 756 1137 800; x_wconf 85' lang='lat' dir='ltr'>a</span> <span class='ocrx_word' id='word_1_37' title='bbox 1160 736 1302 798; x_wconf 84' lang='lat' dir='ltr'>Paschate</span> <span class='ocrx_word' id='word_1_38' title='bbox 1328 739 1368 800; x_wconf 90' lang='lat' dir='ltr'>ad</span> <span class='ocrx_word' id='word_1_39' title='bbox 1392 741 1522 815; x_wconf 86' lang='lat' dir='ltr'>Pascha,</span> 
     </span>
     <span class='ocr_line' id='line_1_7' title="bbox 251 823 1521 907; baseline 0.002 -17"><span class='ocrx_word' id='word_1_40' title='bbox 251 835 374 891; x_wconf 89' lang='lat' dir='ltr'>tenetur</span> <span class='ocrx_word' id='word_1_41' title='bbox 394 827 468 890; x_wconf 89' lang='lat' dir='ltr'>huic</span> <span class='ocrx_word' id='word_1_42' title='bbox 488 832 635 907; x_wconf 77' lang='lat' dir='ltr'>praecepto</span> <span class='ocrx_word' id='word_1_43' title='bbox 657 843 777 907; x_wconf 89' lang='lat' dir='ltr'>parere,</span> <span class='ocrx_word' id='word_1_44' title='bbox 795 823 853 886; x_wconf 89' lang='lat' dir='ltr'>etsi</span> <span class='ocrx_word' id='word_1_45' title='bbox 876 825 1040 904; x_wconf 75' lang='lat' dir='ltr'>prevideat</span> <span class='ocrx_word' id='word_1_46' title='bbox 1062 843 1094 888; x_wconf 91' lang='lat' dir='ltr'>se</span> <span class='ocrx_word' id='word_1_47' title='bbox 1113 829 1216 907; x_wconf 84' lang='lat' dir='ltr'>postea</span> <span class='ocrx_word' id='word_1_48' title='bbox 1236 825 1422 906; x_wconf 88' lang='lat' dir='ltr'>impeditum</span> <span class='ocrx_word' id='word_1_49' title='bbox 1441 827 1521 905; x_wconf 85' lang='lat' dir='ltr'>lore;</span> 
     </span>
     <span class='ocr_line' id='line_1_8' title="bbox 252 913 1522 996; baseline 0.001 -16"><span class='ocrx_word' id='word_1_50' title='bbox 252 918 304 980; x_wconf 92' lang='lat' dir='ltr'>sed</span> <span class='ocrx_word' id='word_1_51' title='bbox 326 916 445 996; x_wconf 88' lang='lat' dir='ltr'>incepto</span> <span class='ocrx_word' id='word_1_52' title='bbox 466 923 600 995; x_wconf 88' lang='lat' dir='ltr'>tempore</span> <span class='ocrx_word' id='word_1_53' title='bbox 621 913 687 989; x_wconf 89' lang='lat' dir='ltr'>illo,</span> <span class='ocrx_word' id='word_1_54' title='bbox 711 919 834 976; x_wconf 88' lang='lat' dir='ltr'>tenetur</span> <span class='ocrx_word' id='word_1_55' title='bbox 854 914 1088 994; x_wconf 87' lang='lat' dir='ltr'>quamprimum</span> <span class='ocrx_word' id='word_1_56' title='bbox 1110 914 1288 994; x_wconf 89' lang='lat' dir='ltr'>obligationi</span> <span class='ocrx_word' id='word_1_57' title='bbox 1306 915 1380 977; x_wconf 91' lang='lat' dir='ltr'>huic</span> <span class='ocrx_word' id='word_1_58' title='bbox 1404 918 1522 981; x_wconf 76' lang='lat' dir='ltr'>satisfa-</span> 
     </span>
     <span class='ocr_line' id='line_1_9' title="bbox 252 1001 1521 1086; baseline 0.001 -18"><span class='ocrx_word' id='word_1_59' title='bbox 252 1023 331 1080; x_wconf 89' lang='lat' dir='ltr'>cere,</span> <span class='ocrx_word' id='word_1_60' title='bbox 346 1005 372 1067; x_wconf 92' lang='lat' dir='ltr'>si</span> <span class='ocrx_word' id='word_1_61' title='bbox 386 1003 643 1084; x_wconf 77' lang='lat' dir='ltr'>impedimentum</span> <span class='ocrx_word' id='word_1_62' title='bbox 658 1001 839 1082; x_wconf 80' lang='lat' dir='ltr'>prevideat,</span> <span class='ocrx_word' id='word_1_63' title='bbox 851 1001 914 1064; x_wconf 88' lang='lat' dir='ltr'>imo</span> <span class='ocrx_word' id='word_1_64' title='bbox 929 1001 1046 1065; x_wconf 86' lang='lat' dir='ltr'>auferre</span> <span class='ocrx_word' id='word_1_65' title='bbox 1060 1002 1279 1084; x_wconf 87' lang='lat' dir='ltr'>impedimenta</span> <span class='ocrx_word' id='word_1_66' title='bbox 1292 1003 1387 1066; x_wconf 89' lang='lat' dir='ltr'>etiam</span> <span class='ocrx_word' id='word_1_67' title='bbox 1401 1009 1521 1086; x_wconf 79' lang='lat' dir='ltr'>gravia,</span> 
     </span>
     <span class='ocr_line' id='line_1_10' title="bbox 251 1091 1523 1174; baseline 0.002 -18"><span class='ocrx_word' id='word_1_68' title='bbox 251 1112 322 1156; x_wconf 92' lang='lat' dir='ltr'>cum</span> <span class='ocrx_word' id='word_1_69' title='bbox 351 1092 391 1155; x_wconf 92' lang='lat' dir='ltr'>sit</span> <span class='ocrx_word' id='word_1_70' title='bbox 418 1099 603 1174; x_wconf 76' lang='lat' dir='ltr'>praeceptum</span> <span class='ocrx_word' id='word_1_71' title='bbox 630 1091 774 1154; x_wconf 88' lang='lat' dir='ltr'>divinum</span> <span class='ocrx_word' id='word_1_72' title='bbox 801 1097 833 1153; x_wconf 90' lang='lat' dir='ltr'>et</span> <span class='ocrx_word' id='word_1_73' title='bbox 860 1109 970 1171; x_wconf 82' lang='lat' dir='ltr'>grave,</span> <span class='ocrx_word' id='word_1_74' title='bbox 999 1091 1171 1154; x_wconf 88' lang='lat' dir='ltr'>etiterum</span> <span class='ocrx_word' id='word_1_75' title='bbox 1197 1092 1437 1170; x_wconf 86' lang='lat' dir='ltr'>communicare,</span> <span class='ocrx_word' id='word_1_76' title='bbox 1464 1098 1523 1159; x_wconf 81' lang='lat' dir='ltr'>etsi</span> 
     </span>
     <span class='ocr_line' id='line_1_11' title="bbox 251 1179 1523 1268; baseline 0.001 -23"><span class='ocrx_word' id='word_1_77' title='bbox 251 1183 281 1245; x_wconf 88' lang='lat' dir='ltr'>S.</span> <span class='ocrx_word' id='word_1_78' title='bbox 302 1181 570 1254; x_wconf 76' lang='lat' dir='ltr'>communionem,</span> <span class='ocrx_word' id='word_1_79' title='bbox 591 1180 629 1268; x_wconf 85' lang='lat' dir='ltr'>ob</span> <span class='ocrx_word' id='word_1_80' title='bbox 649 1179 908 1260; x_wconf 70' lang='lat' dir='ltr'>impedimentum</span> <span class='ocrx_word' id='word_1_81' title='bbox 926 1179 1070 1244; x_wconf 79' lang='lat' dir='ltr'>futurum</span> <span class='ocrx_word' id='word_1_82' title='bbox 1088 1179 1271 1262; x_wconf 80' lang='lat' dir='ltr'>previsum,</span> <span class='ocrx_word' id='word_1_83' title='bbox 1288 1183 1356 1261; x_wconf 87' lang='lat' dir='ltr'>jam</span> <span class='ocrx_word' id='word_1_84' title='bbox 1375 1183 1523 1266; x_wconf 88' lang='lat' dir='ltr'>anticipa-</span> 
     </span>
     <span class='ocr_line' id='line_1_12' title="bbox 250 1269 669 1350; baseline -0.012 -16"><span class='ocrx_word' id='word_1_85' title='bbox 250 1271 340 1334; x_wconf 85' lang='lat' dir='ltr'>verit.</span> <span class='ocrx_word' id='word_1_86' title='bbox 355 1307 395 1316; x_wconf 94' lang='lat'><em>-</em></span> <span class='ocrx_word' id='word_1_87' title='bbox 412 1270 450 1332; x_wconf 91' lang='lat' dir='ltr'>S.</span> <span class='ocrx_word' id='word_1_88' title='bbox 465 1269 533 1350; x_wconf 75' lang='lat' dir='ltr'>Lip.</span> <span class='ocrx_word' id='word_1_89' title='bbox 551 1290 582 1330; x_wconf 87' lang='lat' dir='ltr'>n.</span> <span class='ocrx_word' id='word_1_90' title='bbox 599 1273 669 1332; x_wconf 66' lang='lat'><strong>297.</strong></span> 
     </span>
    </p>

    <p class='ocr_par' dir='ltr' id='par_1_4' title="bbox 290 1356 1484 1441">
     <span class='ocr_line' id='line_1_13' title="bbox 290 1356 1484 1441; baseline 0.002 -20"><span class='ocrx_word' id='word_1_91' title='bbox 290 1361 391 1434; x_wconf 71' lang='lat' dir='ltr'>Quian.</span> <span class='ocrx_word' id='word_1_92' title='bbox 409 1362 443 1421; x_wconf 69' lang='lat'>2⁰</span> <span class='ocrx_word' id='word_1_93' title='bbox 457 1359 508 1419; x_wconf 82' lang='lat' dir='ltr'>An</span> <span class='ocrx_word' id='word_1_94' title='bbox 521 1365 703 1440; x_wconf 74' lang='lat' dir='ltr'>preceptum</span> <span class='ocrx_word' id='word_1_95' title='bbox 720 1356 961 1420; x_wconf 78' lang='lat' dir='ltr'>communicandi</span> <span class='ocrx_word' id='word_1_96' title='bbox 976 1360 1010 1418; x_wconf 82' lang='lat' dir='ltr'>in</span> <span class='ocrx_word' id='word_1_97' title='bbox 1021 1357 1158 1438; x_wconf 85' lang='lat' dir='ltr'>paroecie</span> <span class='ocrx_word' id='word_1_98' title='bbox 1174 1356 1286 1439; x_wconf 74' lang='lat' dir='ltr'>obliget</span> <span class='ocrx_word' id='word_1_99' title='bbox 1303 1359 1357 1420; x_wconf 81' lang='lat' dir='ltr'>snb</span> <span class='ocrx_word' id='word_1_100' title='bbox 1371 1362 1484 1441; x_wconf 76' lang='lat' dir='ltr'>pravi?</span> 
     </span>
    </p>

    <p class='ocr_par' dir='ltr' id='par_1_5' title="bbox 248 1445 1520 1688">
     <span class='ocr_line' id='line_1_14' title="bbox 289 1445 1519 1529; baseline 0.003 -20"><span class='ocrx_word' id='word_1_101' title='bbox 289 1447 382 1529; x_wconf 82' lang='lat' dir='ltr'>Resp.</span> <span class='ocrx_word' id='word_1_102' title='bbox 399 1447 528 1528; x_wconf 70' lang='lat' dir='ltr'>Affirin.</span> <span class='ocrx_word' id='word_1_103' title='bbox 548 1445 656 1508; x_wconf 81' lang='lat' dir='ltr'>saltem</span> <span class='ocrx_word' id='word_1_104' title='bbox 675 1465 732 1526; x_wconf 78' lang='lat' dir='ltr'>per</span> <span class='ocrx_word' id='word_1_105' title='bbox 747 1465 787 1507; x_wconf 87' lang='lat' dir='ltr'>se.</span> <span class='ocrx_word' id='word_1_106' title='bbox 808 1445 896 1511; x_wconf 86' lang='lat' dir='ltr'>Ratio</span> <span class='ocrx_word' id='word_1_107' title='bbox 917 1453 978 1520; x_wconf 88' lang='lat' dir='ltr'>est,</span> <span class='ocrx_word' id='word_1_108' title='bbox 999 1446 1073 1527; x_wconf 90' lang='lat' dir='ltr'>quia</span> <span class='ocrx_word' id='word_1_109' title='bbox 1092 1445 1216 1508; x_wconf 84' lang='lat' dir='ltr'>videtur</span> <span class='ocrx_word' id='word_1_110' title='bbox 1234 1465 1282 1509; x_wconf 90' lang='lat' dir='ltr'>res</span> <span class='ocrx_word' id='word_1_111' title='bbox 1300 1447 1384 1511; x_wconf 89' lang='lat' dir='ltr'>inse</span> <span class='ocrx_word' id='word_1_112' title='bbox 1403 1452 1519 1529; x_wconf 72' lang='lat' dir='ltr'>gratis,</span> 
     </span>
     <span class='ocr_line' id='line_1_15' title="bbox 249 1533 1520 1619; baseline 0.004 -21"><span class='ocrx_word' id='word_1_113' title='bbox 249 1553 398 1619; x_wconf 85' lang='lat' dir='ltr'>quorsum</span> <span class='ocrx_word' id='word_1_114' title='bbox 409 1535 493 1598; x_wconf 90' lang='lat' dir='ltr'>enim</span> <span class='ocrx_word' id='word_1_115' title='bbox 505 1541 550 1597; x_wconf 92' lang='lat' dir='ltr'>tot</span> <span class='ocrx_word' id='word_1_116' title='bbox 561 1533 799 1598; x_wconf 81' lang='lat' dir='ltr'>constitutiones</span> <span class='ocrx_word' id='word_1_117' title='bbox 811 1541 843 1596; x_wconf 90' lang='lat' dir='ltr'>et</span> <span class='ocrx_word' id='word_1_118' title='bbox 855 1537 979 1597; x_wconf 87' lang='lat' dir='ltr'>Decreta</span> <span class='ocrx_word' id='word_1_119' title='bbox 991 1536 1041 1598; x_wconf 80' lang='lat' dir='ltr'>SS.</span> <span class='ocrx_word' id='word_1_120' title='bbox 1054 1534 1237 1598; x_wconf 87' lang='lat' dir='ltr'>Pontificum</span> <span class='ocrx_word' id='word_1_121' title='bbox 1249 1537 1288 1598; x_wconf 90' lang='lat' dir='ltr'>ad</span> <span class='ocrx_word' id='word_1_122' title='bbox 1302 1536 1520 1617; x_wconf 81' lang='lat' dir='ltr'>obligationem</span> 
     </span>
     <span class='ocr_line' id='line_1_16' title="bbox 248 1622 938 1688; baseline 0 -2"><span class='ocrx_word' id='word_1_123' title='bbox 248 1625 346 1688; x_wconf 89' lang='lat' dir='ltr'>levem</span> <span class='ocrx_word' id='word_1_124' title='bbox 362 1623 601 1686; x_wconf 82' lang='lat' dir='ltr'>adstruendam?</span> <span class='ocrx_word' id='word_1_125' title='bbox 611 1658 651 1667; x_wconf 97' lang='lat'>—</span> <span class='ocrx_word' id='word_1_126' title='bbox 665 1622 716 1684; x_wconf 84' lang='lat' dir='ltr'>Ita</span> <span class='ocrx_word' id='word_1_127' title='bbox 730 1624 938 1686; x_wconf 83' lang='lat' dir='ltr'>communiter.</span> 
     </span>
    </p>

    <p class='ocr_par' dir='ltr' id='par_1_6' title="bbox 249 1711 1520 1884">
     <span class='ocr_line' id='line_1_17' title="bbox 288 1711 1520 1798; baseline 0.002 -22"><span class='ocrx_word' id='word_1_128' title='bbox 288 1718 359 1777; x_wconf 72' lang='lat' dir='ltr'>tas.</span> <span class='ocrx_word' id='word_1_129' title='bbox 376 1748 415 1757; x_wconf 93' lang='lat'>-</span> <span class='ocrx_word' id='word_1_130' title='bbox 432 1714 532 1788; x_wconf 71' lang='lat' dir='ltr'>Quas.</span> <span class='ocrx_word' id='word_1_131' title='bbox 548 1717 581 1775; x_wconf 85' lang='lat'>3⁰</span> <span class='ocrx_word' id='word_1_132' title='bbox 592 1711 645 1773; x_wconf 80' lang='lat' dir='ltr'>An</span> <span class='ocrx_word' id='word_1_133' title='bbox 657 1720 766 1793; x_wconf 74' lang='lat' dir='ltr'>urgeat</span> <span class='ocrx_word' id='word_1_134' title='bbox 774 1711 874 1774; x_wconf 82' lang='lat' dir='ltr'>adduc</span> <span class='ocrx_word' id='word_1_135' title='bbox 880 1721 1067 1794; x_wconf 68' lang='lat' dir='ltr'>praeceptam</span> <span class='ocrx_word' id='word_1_136' title='bbox 1077 1713 1316 1775; x_wconf 81' lang='lat' dir='ltr'>communicandi</span> <span class='ocrx_word' id='word_1_137' title='bbox 1325 1719 1359 1775; x_wconf 80' lang='lat' dir='ltr'>in</span> <span class='ocrx_word' id='word_1_138' title='bbox 1368 1723 1520 1798; x_wconf 65' lang='lat' dir='ltr'>paroecia,</span> 
     </span>
     <span class='ocr_line' id='line_1_18' title="bbox 249 1799 1389 1884; baseline 0 -18"><span class='ocrx_word' id='word_1_139' title='bbox 249 1823 314 1866; x_wconf 84' lang='lat' dir='ltr'>cam</span> <span class='ocrx_word' id='word_1_140' title='bbox 329 1811 442 1884; x_wconf 82' lang='lat' dir='ltr'>tempas</span> <span class='ocrx_word' id='word_1_141' title='bbox 454 1799 600 1862; x_wconf 78' lang='lat' dir='ltr'>Poscbola</span> <span class='ocrx_word' id='word_1_142' title='bbox 613 1799 745 1882; x_wconf 84' lang='lat' dir='ltr'>clapsum</span> <span class='ocrx_word' id='word_1_143' title='bbox 757 1808 815 1878; x_wconf 86' lang='lat' dir='ltr'>cst,</span> <span class='ocrx_word' id='word_1_144' title='bbox 828 1810 856 1862; x_wconf 83' lang='lat' dir='ltr'>ct</span> <span class='ocrx_word' id='word_1_145' title='bbox 868 1809 1020 1882; x_wconf 71' lang='lat' dir='ltr'>praecepto</span> <span class='ocrx_word' id='word_1_146' title='bbox 1033 1821 1093 1862; x_wconf 81' lang='lat' dir='ltr'>non</span> <span class='ocrx_word' id='word_1_147' title='bbox 1105 1801 1389 1882; x_wconf 80' lang='lat' dir='ltr'>faitsatisfactum?</span> 
     </span>
    </p>

    <p class='ocr_par' dir='ltr' id='par_1_7' title="bbox 248 1888 1522 2238">
     <span class='ocr_line' id='line_1_19' title="bbox 289 1888 1522 1973; baseline 0.006 -21"><span class='ocrx_word' id='word_1_148' title='bbox 289 1892 378 1972; x_wconf 86' lang='lat' dir='ltr'>Resp.</span> <span class='ocrx_word' id='word_1_149' title='bbox 391 1889 519 1972; x_wconf 77' lang='lat' dir='ltr'>Affirm.</span> <span class='ocrx_word' id='word_1_150' title='bbox 533 1905 605 1951; x_wconf 90' lang='lat' dir='ltr'>cum</span> <span class='ocrx_word' id='word_1_151' title='bbox 623 1888 777 1952; x_wconf 88' lang='lat' dir='ltr'>sententia</span> <span class='ocrx_word' id='word_1_152' title='bbox 793 1889 962 1952; x_wconf 90' lang='lat' dir='ltr'>communi.</span> <span class='ocrx_word' id='word_1_153' title='bbox 981 1889 1070 1954; x_wconf 84' lang='lat' dir='ltr'>Ratio</span> <span class='ocrx_word' id='word_1_154' title='bbox 1086 1893 1145 1965; x_wconf 88' lang='lat' dir='ltr'>est,</span> <span class='ocrx_word' id='word_1_155' title='bbox 1160 1890 1233 1972; x_wconf 83' lang='lat' dir='ltr'>quie</span> <span class='ocrx_word' id='word_1_156' title='bbox 1250 1910 1369 1973; x_wconf 88' lang='lat' dir='ltr'>semper</span> <span class='ocrx_word' id='word_1_157' title='bbox 1382 1905 1522 1959; x_wconf 87' lang='lat' dir='ltr'>remanet</span> 
     </span>
     <span class='ocr_line' id='line_1_20' title="bbox 248 1976 1521 2060; baseline 0.002 -17"><span class='ocrx_word' id='word_1_158' title='bbox 248 1979 319 2043; x_wconf 90' lang='lat' dir='ltr'>finis</span> <span class='ocrx_word' id='word_1_159' title='bbox 338 1979 412 2060; x_wconf 88' lang='lat' dir='ltr'>legis</span> <span class='ocrx_word' id='word_1_160' title='bbox 426 1977 620 2040; x_wconf 88' lang='lat' dir='ltr'>obtinendus.</span> <span class='ocrx_word' id='word_1_161' title='bbox 638 1977 771 2039; x_wconf 79' lang='lat' dir='ltr'>Aliunde</span> <span class='ocrx_word' id='word_1_162' title='bbox 783 1976 938 2058; x_wconf 81' lang='lat' dir='ltr'>Episcopi,</span> <span class='ocrx_word' id='word_1_163' title='bbox 952 1978 1027 2058; x_wconf 89' lang='lat' dir='ltr'>legis</span> <span class='ocrx_word' id='word_1_164' title='bbox 1042 1978 1240 2059; x_wconf 57' lang='lat' dir='ltr'>interpretes</span> <span class='ocrx_word' id='word_1_165' title='bbox 1254 1982 1455 2045; x_wconf 85' lang='lat' dir='ltr'>communiter</span> <span class='ocrx_word' id='word_1_166' title='bbox 1469 2004 1521 2047; x_wconf 89' lang='lat' dir='ltr'>re-</span> 
     </span>
     <span class='ocr_line' id='line_1_21' title="bbox 248 2065 1521 2151; baseline 0.002 -19"><span class='ocrx_word' id='word_1_167' title='bbox 248 2069 378 2151; x_wconf 85' lang='lat' dir='ltr'>quirunt</span> <span class='ocrx_word' id='word_1_168' title='bbox 391 2073 427 2131; x_wconf 91' lang='lat' dir='ltr'>ut</span> <span class='ocrx_word' id='word_1_169' title='bbox 443 2065 628 2147; x_wconf 90' lang='lat' dir='ltr'>dispensatio</span> <span class='ocrx_word' id='word_1_170' title='bbox 638 2065 674 2128; x_wconf 90' lang='lat' dir='ltr'>in</span> <span class='ocrx_word' id='word_1_171' title='bbox 691 2084 725 2128; x_wconf 89' lang='lat' dir='ltr'>eo</span> <span class='ocrx_word' id='word_1_172' title='bbox 740 2085 811 2128; x_wconf 91' lang='lat' dir='ltr'>casu</span> <span class='ocrx_word' id='word_1_173' title='bbox 828 2071 960 2146; x_wconf 88' lang='lat' dir='ltr'>petatur,</span> <span class='ocrx_word' id='word_1_174' title='bbox 977 2085 1038 2147; x_wconf 87' lang='lat' dir='ltr'>qua</span> <span class='ocrx_word' id='word_1_175' title='bbox 1052 2067 1236 2130; x_wconf 82' lang='lat' dir='ltr'>Communio</span> <span class='ocrx_word' id='word_1_176' title='bbox 1250 2068 1310 2132; x_wconf 88' lang='lat' dir='ltr'>alio</span> <span class='ocrx_word' id='word_1_177' title='bbox 1327 2071 1359 2132; x_wconf 90' lang='lat' dir='ltr'>in</span> <span class='ocrx_word' id='word_1_178' title='bbox 1374 2071 1433 2132; x_wconf 91' lang='lat' dir='ltr'>loco</span> <span class='ocrx_word' id='word_1_179' title='bbox 1449 2071 1521 2136; x_wconf 85' lang='lat' dir='ltr'>fieri</span> 
     </span>
     <span class='ocr_line' id='line_1_22' title="bbox 248 2153 1248 2238; baseline -0.001 -18"><span class='ocrx_word' id='word_1_180' title='bbox 248 2157 354 2238; x_wconf 86' lang='lat' dir='ltr'>possit.</span> <span class='ocrx_word' id='word_1_181' title='bbox 369 2157 480 2236; x_wconf 87' lang='lat' dir='ltr'>Excipe</span> <span class='ocrx_word' id='word_1_182' title='bbox 496 2161 615 2230; x_wconf 85' lang='lat' dir='ltr'>tamen,</span> <span class='ocrx_word' id='word_1_183' title='bbox 629 2153 690 2216; x_wconf 91' lang='lat' dir='ltr'>nisi</span> <span class='ocrx_word' id='word_1_184' title='bbox 706 2154 832 2216; x_wconf 90' lang='lat' dir='ltr'>Parecbi</span> <span class='ocrx_word' id='word_1_185' title='bbox 846 2154 968 2232; x_wconf 72' lang='lat' dir='ltr'>licentia</span> <span class='ocrx_word' id='word_1_186' title='bbox 981 2154 1128 2235; x_wconf 78' lang='lat' dir='ltr'>praesumi</span> <span class='ocrx_word' id='word_1_187' title='bbox 1141 2155 1248 2235; x_wconf 90' lang='lat' dir='ltr'>possit.</span> 
     </span>
    </p>

    <p class='ocr_par' dir='ltr' id='par_1_8' title="bbox 244 2242 1521 2416">
     <span class='ocr_line' id='line_1_23' title="bbox 288 2242 1521 2326; baseline 0.002 -17"><span class='ocrx_word' id='word_1_188' title='bbox 288 2248 389 2321; x_wconf 74' lang='lat' dir='ltr'>Quae.</span> <span class='ocrx_word' id='word_1_189' title='bbox 406 2249 439 2308; x_wconf 75' lang='grc'>40</span> <span class='ocrx_word' id='word_1_190' title='bbox 451 2246 502 2306; x_wconf 84' lang='grc' dir='ltr'>Αη</span> <span class='ocrx_word' id='word_1_191' title='bbox 510 2251 612 2326; x_wconf 87' lang='lat' dir='ltr'>peccet</span> <span class='ocrx_word' id='word_1_192' title='bbox 619 2246 757 2324; x_wconf 79' lang='lat' dir='ltr'>praviter</span> <span class='ocrx_word' id='word_1_193' title='bbox 765 2247 820 2324; x_wconf 82' lang='lat' dir='ltr'>qui</span> <span class='ocrx_word' id='word_1_194' title='bbox 829 2242 936 2324; x_wconf 78' lang='lat' dir='ltr'>differt</span> <span class='ocrx_word' id='word_1_195' title='bbox 946 2243 1191 2307; x_wconf 80' lang='lat' dir='ltr'>Communionem</span> <span class='ocrx_word' id='word_1_196' title='bbox 1200 2251 1240 2306; x_wconf 83' lang='lat' dir='ltr'>ad</span> <span class='ocrx_word' id='word_1_197' title='bbox 1248 2245 1302 2308; x_wconf 70' lang='lat'>1⁶¹·</span> <span class='ocrx_word' id='word_1_198' title='bbox 1312 2246 1358 2310; x_wconf 85' lang='lat' dir='ltr'>vel</span> <span class='ocrx_word' id='word_1_199' title='bbox 1365 2247 1430 2310; x_wconf 68' lang='lat'><em>110²·</em></span> <span class='ocrx_word' id='word_1_200' title='bbox 1437 2249 1521 2312; x_wconf 82' lang='lat' dir='ltr'>diem</span> 
     </span>
     <span class='ocr_line' id='line_1_24' title="bbox 244 2331 769 2416; baseline -0.002 -21"><span class='ocrx_word' id='word_1_201' title='bbox 244 2343 313 2415; x_wconf 85' lang='lat' dir='ltr'>post</span> <span class='ocrx_word' id='word_1_202' title='bbox 324 2333 458 2416; x_wconf 82' lang='lat' dir='ltr'>elapsum</span> <span class='ocrx_word' id='word_1_203' title='bbox 473 2342 588 2415; x_wconf 84' lang='lat' dir='ltr'>tempas</span> <span class='ocrx_word' id='word_1_204' title='bbox 601 2331 769 2394; x_wconf 79' lang='lat' dir='ltr'>PoscdaIe?</span> 
     </span>
    </p>

    <p class='ocr_par' dir='ltr' id='par_1_9' title="bbox 245 2420 1524 3104">
     <span class='ocr_line' id='line_1_25' title="bbox 288 2420 1522 2508; baseline 0.004 -24"><span class='ocrx_word' id='word_1_205' title='bbox 288 2423 377 2503; x_wconf 83' lang='lat' dir='ltr'>Resp.</span> <span class='ocrx_word' id='word_1_206' title='bbox 391 2423 520 2504; x_wconf 81' lang='lat' dir='ltr'>Affirm.</span> <span class='ocrx_word' id='word_1_207' title='bbox 530 2440 646 2502; x_wconf 88' lang='lat' dir='ltr'>perse.</span> <span class='ocrx_word' id='word_1_208' title='bbox 663 2421 749 2486; x_wconf 84' lang='lat' dir='ltr'>Ratio</span> <span class='ocrx_word' id='word_1_209' title='bbox 763 2423 823 2496; x_wconf 85' lang='lat' dir='ltr'>est,</span> <span class='ocrx_word' id='word_1_210' title='bbox 838 2421 911 2502; x_wconf 89' lang='lat' dir='ltr'>quia</span> <span class='ocrx_word' id='word_1_211' title='bbox 927 2420 997 2484; x_wconf 89' lang='lat' dir='ltr'>licet</span> <span class='ocrx_word' id='word_1_212' title='bbox 1013 2421 1192 2503; x_wconf 89' lang='lat' dir='ltr'>hujusmodi</span> <span class='ocrx_word' id='word_1_213' title='bbox 1208 2422 1314 2486; x_wconf 88' lang='lat' dir='ltr'>dilatio</span> <span class='ocrx_word' id='word_1_214' title='bbox 1331 2429 1365 2486; x_wconf 85' lang='lat' dir='ltr'>in</span> <span class='ocrx_word' id='word_1_215' title='bbox 1382 2445 1413 2488; x_wconf 85' lang='lat' dir='ltr'>se</span> <span class='ocrx_word' id='word_1_216' title='bbox 1426 2445 1522 2508; x_wconf 74' lang='lat' dir='ltr'>parva</span> 
     </span>
     <span class='ocr_line' id='line_1_26' title="bbox 246 2508 1522 2591; baseline 0.002 -17"><span class='ocrx_word' id='word_1_217' title='bbox 246 2511 344 2574; x_wconf 89' lang='lat' dir='ltr'>videri</span> <span class='ocrx_word' id='word_1_218' title='bbox 364 2511 474 2591; x_wconf 91' lang='lat' dir='ltr'>possit,</span> <span class='ocrx_word' id='word_1_219' title='bbox 499 2529 562 2591; x_wconf 81' lang='lat' dir='ltr'>pre</span> <span class='ocrx_word' id='word_1_220' title='bbox 582 2516 717 2590; x_wconf 88' lang='lat' dir='ltr'>tempore</span> <span class='ocrx_word' id='word_1_221' title='bbox 737 2517 841 2572; x_wconf 85' lang='lat' dir='ltr'>temen</span> <span class='ocrx_word' id='word_1_222' title='bbox 859 2508 995 2572; x_wconf 88' lang='lat' dir='ltr'>Pascbali</span> <span class='ocrx_word' id='word_1_223' title='bbox 1014 2517 1061 2572; x_wconf 91' lang='lat' dir='ltr'>est</span> <span class='ocrx_word' id='word_1_224' title='bbox 1079 2511 1155 2573; x_wconf 87' lang='lat' dir='ltr'>satis</span> <span class='ocrx_word' id='word_1_225' title='bbox 1173 2510 1326 2574; x_wconf 89' lang='lat' dir='ltr'>notabilis.</span> <span class='ocrx_word' id='word_1_226' title='bbox 1344 2517 1406 2578; x_wconf 89' lang='lat' dir='ltr'>Nec</span> <span class='ocrx_word' id='word_1_227' title='bbox 1427 2533 1522 2577; x_wconf 79' lang='lat' dir='ltr'>ercu-</span> 
     </span>
     <span class='ocr_line' id='line_1_27' title="bbox 247 2596 1524 2682; baseline 0.002 -20"><span class='ocrx_word' id='word_1_228' title='bbox 247 2599 335 2663; x_wconf 83' lang='lat' dir='ltr'>sandi</span> <span class='ocrx_word' id='word_1_229' title='bbox 350 2606 424 2661; x_wconf 90' lang='lat' dir='ltr'>sunt</span> <span class='ocrx_word' id='word_1_230' title='bbox 440 2618 458 2660; x_wconf 90' lang='lat' dir='ltr'>a</span> <span class='ocrx_word' id='word_1_231' title='bbox 473 2605 594 2679; x_wconf 88' lang='lat' dir='ltr'>peccato</span> <span class='ocrx_word' id='word_1_232' title='bbox 606 2598 743 2674; x_wconf 87' lang='lat' dir='ltr'>mortali,</span> <span class='ocrx_word' id='word_1_233' title='bbox 758 2597 812 2678; x_wconf 90' lang='lat' dir='ltr'>qui</span> <span class='ocrx_word' id='word_1_234' title='bbox 828 2615 866 2659; x_wconf 83' lang='lat' dir='ltr'>ex</span> <span class='ocrx_word' id='word_1_235' title='bbox 878 2596 964 2677; x_wconf 85' lang='lat' dir='ltr'>gravi</span> <span class='ocrx_word' id='word_1_236' title='bbox 980 2598 1163 2678; x_wconf 84' lang='lat' dir='ltr'>negligentia</span> <span class='ocrx_word' id='word_1_237' title='bbox 1178 2599 1322 2660; x_wconf 86' lang='lat' dir='ltr'>accedunt</span> <span class='ocrx_word' id='word_1_238' title='bbox 1339 2599 1524 2682; x_wconf 89' lang='lat' dir='ltr'>indispositi</span> 
     </span>
     <span class='ocr_line' id='line_1_28' title="bbox 247 2685 1524 2768; baseline 0.002 -16"><span class='ocrx_word' id='word_1_239' title='bbox 247 2688 357 2752; x_wconf 89' lang='lat' dir='ltr'>ultima</span> <span class='ocrx_word' id='word_1_240' title='bbox 371 2688 419 2749; x_wconf 92' lang='lat' dir='ltr'>die</span> <span class='ocrx_word' id='word_1_241' title='bbox 433 2686 579 2768; x_wconf 90' lang='lat' dir='ltr'>temporis</span> <span class='ocrx_word' id='word_1_242' title='bbox 595 2685 760 2760; x_wconf 88' lang='lat' dir='ltr'>Pascbalis,</span> <span class='ocrx_word' id='word_1_243' title='bbox 780 2685 824 2748; x_wconf 91' lang='lat' dir='ltr'>ita</span> <span class='ocrx_word' id='word_1_244' title='bbox 840 2693 874 2748; x_wconf 86' lang='lat' dir='ltr'>ut</span> <span class='ocrx_word' id='word_1_245' title='bbox 892 2685 1110 2750; x_wconf 81' lang='lat' dir='ltr'>aGonfessario</span> <span class='ocrx_word' id='word_1_246' title='bbox 1127 2705 1160 2751; x_wconf 89' lang='lat' dir='ltr'>ea</span> <span class='ocrx_word' id='word_1_247' title='bbox 1174 2691 1296 2749; x_wconf 83' lang='lat' dir='ltr'>tantum</span> <span class='ocrx_word' id='word_1_248' title='bbox 1314 2688 1352 2750; x_wconf 88' lang='lat' dir='ltr'>de</span> <span class='ocrx_word' id='word_1_249' title='bbox 1368 2707 1463 2752; x_wconf 88' lang='lat' dir='ltr'>causa</span> <span class='ocrx_word' id='word_1_250' title='bbox 1480 2694 1524 2754; x_wconf 92' lang='lat' dir='ltr'>ad</span> 
     </span>
     <span class='ocr_line' id='line_1_29' title="bbox 247 2774 1523 2856; baseline 0.002 -16"><span class='ocrx_word' id='word_1_251' title='bbox 247 2777 331 2840; x_wconf 87' lang='lat' dir='ltr'>aliud</span> <span class='ocrx_word' id='word_1_252' title='bbox 347 2782 468 2856; x_wconf 90' lang='lat' dir='ltr'>tempus</span> <span class='ocrx_word' id='word_1_253' title='bbox 482 2774 601 2838; x_wconf 86' lang='lat' dir='ltr'>remitti</span> <span class='ocrx_word' id='word_1_254' title='bbox 617 2775 756 2838; x_wconf 85' lang='lat' dir='ltr'>debcant.</span> <span class='ocrx_word' id='word_1_255' title='bbox 771 2779 826 2838; x_wconf 90' lang='lat' dir='ltr'>Per</span> <span class='ocrx_word' id='word_1_256' title='bbox 843 2775 979 2837; x_wconf 83' lang='lat' dir='ltr'>accidens</span> <span class='ocrx_word' id='word_1_257' title='bbox 992 2783 1192 2851; x_wconf 83' lang='lat' dir='ltr'>excusantur,</span> <span class='ocrx_word' id='word_1_258' title='bbox 1207 2775 1261 2856; x_wconf 85' lang='lat' dir='ltr'>qui</span> <span class='ocrx_word' id='word_1_259' title='bbox 1276 2775 1358 2839; x_wconf 89' lang='lat' dir='ltr'>bona</span> <span class='ocrx_word' id='word_1_260' title='bbox 1375 2777 1436 2840; x_wconf 89' lang='lat' dir='ltr'>fide</span> <span class='ocrx_word' id='word_1_261' title='bbox 1450 2781 1523 2842; x_wconf 82' lang='lat' dir='ltr'>exi·</span> 
     </span>
     <span class='ocr_line' id='line_1_30' title="bbox 246 2863 1521 2938; baseline 0.002 -10"><span class='ocrx_word' id='word_1_262' title='bbox 246 2865 376 2928; x_wconf 88' lang='lat' dir='ltr'>stimant</span> <span class='ocrx_word' id='word_1_263' title='bbox 387 2865 462 2928; x_wconf 88' lang='lat' dir='ltr'>satis</span> <span class='ocrx_word' id='word_1_264' title='bbox 474 2883 552 2938; x_wconf 90' lang='lat' dir='ltr'>esse,</span> <span class='ocrx_word' id='word_1_265' title='bbox 564 2863 590 2926; x_wconf 93' lang='lat' dir='ltr'>si</span> <span class='ocrx_word' id='word_1_266' title='bbox 602 2865 641 2926; x_wconf 89' lang='lat' dir='ltr'>ad</span> <span class='ocrx_word' id='word_1_267' title='bbox 652 2863 878 2928; x_wconf 81' lang='lat' dir='ltr'>Confessarium</span> <span class='ocrx_word' id='word_1_268' title='bbox 891 2870 965 2926; x_wconf 90' lang='lat' dir='ltr'>tunc</span> <span class='ocrx_word' id='word_1_269' title='bbox 977 2865 1119 2928; x_wconf 89' lang='lat' dir='ltr'>accedant</span> <span class='ocrx_word' id='word_1_270' title='bbox 1131 2864 1307 2928; x_wconf 75' lang='lat' dir='ltr'>inchoanda</span> <span class='ocrx_word' id='word_1_271' title='bbox 1319 2865 1521 2930; x_wconf 80' lang='lat' dir='ltr'>confessionis</span> 
     </span>
     <span class='ocr_line' id='line_1_31' title="bbox 245 2951 1519 3034; baseline 0.002 -18"><span class='ocrx_word' id='word_1_272' title='bbox 245 2954 355 3034; x_wconf 66' lang='lat' dir='ltr'>gratim</span> <span class='ocrx_word' id='word_1_273' title='bbox 370 2955 422 3016; x_wconf 89' lang='lat' dir='ltr'>sed</span> <span class='ocrx_word' id='word_1_274' title='bbox 437 2955 474 3018; x_wconf 88' lang='lat' dir='ltr'>de</span> <span class='ocrx_word' id='word_1_275' title='bbox 490 2953 673 3034; x_wconf 89' lang='lat' dir='ltr'>obligatione</span> <span class='ocrx_word' id='word_1_276' title='bbox 689 2951 936 3016; x_wconf 87' lang='lat' dir='ltr'>communicandi</span> <span class='ocrx_word' id='word_1_277' title='bbox 950 2952 1034 3016; x_wconf 86' lang='lat' dir='ltr'>intra</span> <span class='ocrx_word' id='word_1_278' title='bbox 1050 2954 1190 3018; x_wconf 86' lang='lat' dir='ltr'>Pascbale</span> <span class='ocrx_word' id='word_1_279' title='bbox 1208 2961 1328 3034; x_wconf 91' lang='lat' dir='ltr'>tempus</span> <span class='ocrx_word' id='word_1_280' title='bbox 1342 2955 1519 3019; x_wconf 87' lang='lat' dir='ltr'>instruendi</span> 
     </span>
     <span class='ocr_line' id='line_1_32' title="bbox 245 3049 329 3104; baseline -0.024 0"><span class='ocrx_word' id='word_1_281' title='bbox 245 3049 329 3104; x_wconf 80' lang='lat' dir='ltr'>sunt</span> 
     </span>
    </p>

    <p class='ocr_par' dir='ltr' id='par_1_10' title="bbox 243 3130 1519 3302">
     <span class='ocr_line' id='line_1_33' title="bbox 279 3130 1519 3214; baseline 0 -20"><span class='ocrx_word' id='word_1_282' title='bbox 279 3135 348 3194; x_wconf 73' lang='lat'>483.</span> <span class='ocrx_word' id='word_1_283' title='bbox 366 3167 405 3176; x_wconf 92' lang='lat'>-</span> <span class='ocrx_word' id='word_1_284' title='bbox 420 3134 522 3207; x_wconf 76' lang='lat' dir='ltr'>Quae.</span> <span class='ocrx_word' id='word_1_285' title='bbox 539 3135 571 3196; x_wconf 77' lang='grc'>50</span> <span class='ocrx_word' id='word_1_286' title='bbox 585 3132 636 3193; x_wconf 81' lang='lat' dir='ltr'>An</span> <span class='ocrx_word' id='word_1_287' title='bbox 656 3130 829 3212; x_wconf 81' lang='lat' dir='ltr'>satisfaciat</span> <span class='ocrx_word' id='word_1_288' title='bbox 842 3141 995 3214; x_wconf 76' lang='lat' dir='ltr'>praecepio</span> <span class='ocrx_word' id='word_1_289' title='bbox 1015 3131 1174 3207; x_wconf 77' lang='lat' dir='ltr'>Ecclesioe,</span> <span class='ocrx_word' id='word_1_290' title='bbox 1196 3136 1251 3214; x_wconf 81' lang='lat' dir='ltr'>qui</span> <span class='ocrx_word' id='word_1_291' title='bbox 1268 3137 1467 3196; x_wconf 80' lang='lat' dir='ltr'>communicet</span> <span class='ocrx_word' id='word_1_292' title='bbox 1486 3139 1519 3195; x_wconf 82' lang='lat' dir='ltr'>in</span> 
     </span>
     <span class='ocr_line' id='line_1_34' title="bbox 243 3219 1239 3302; baseline 0.002 -22"><span class='ocrx_word' id='word_1_293' title='bbox 243 3219 365 3282; x_wconf 83' lang='lat' dir='ltr'>ecclesia</span> <span class='ocrx_word' id='word_1_294' title='bbox 378 3219 563 3299; x_wconf 77' lang='lat' dir='ltr'>cathedrali,</span> <span class='ocrx_word' id='word_1_295' title='bbox 579 3219 629 3282; x_wconf 88' lang='lat' dir='ltr'>oei</span> <span class='ocrx_word' id='word_1_296' title='bbox 642 3219 679 3282; x_wconf 88' lang='lat' dir='ltr'>dc</span> <span class='ocrx_word' id='word_1_297' title='bbox 691 3239 781 3282; x_wconf 80' lang='lat' dir='ltr'>manu</span> <span class='ocrx_word' id='word_1_298' title='bbox 795 3219 941 3302; x_wconf 80' lang='lat' dir='ltr'>Episcopi</span> <span class='ocrx_word' id='word_1_299' title='bbox 954 3225 1043 3283; x_wconf 74' lang='lat' dir='ltr'>esct&#39;ro</span> <span class='ocrx_word' id='word_1_300' title='bbox 1053 3219 1239 3302; x_wconf 71' lang='lat' dir='ltr'>panaciam?</span> 
     </span>
    </p>

    <p class='ocr_par' dir='ltr' id='par_1_11' title="bbox 243 3307 1519 3479">
     <span class='ocr_line' id='line_1_35' title="bbox 282 3307 1519 3391; baseline 0.002 -20"><span class='ocrx_word' id='word_1_301' title='bbox 282 3309 377 3391; x_wconf 84' lang='lat' dir='ltr'>Resp.</span> <span class='ocrx_word' id='word_1_302' title='bbox 391 3307 481 3390; x_wconf 78' lang='lat' dir='ltr'>Nep,</span> <span class='ocrx_word' id='word_1_303' title='bbox 498 3308 571 3389; x_wconf 88' lang='lat' dir='ltr'>quia</span> <span class='ocrx_word' id='word_1_304' title='bbox 588 3327 651 3371; x_wconf 91' lang='lat' dir='ltr'>non</span> <span class='ocrx_word' id='word_1_305' title='bbox 666 3307 906 3372; x_wconf 89' lang='lat' dir='ltr'>communicavit</span> <span class='ocrx_word' id='word_1_306' title='bbox 922 3309 957 3372; x_wconf 91' lang='lat' dir='ltr'>in</span> <span class='ocrx_word' id='word_1_307' title='bbox 972 3311 1093 3390; x_wconf 90' lang='lat' dir='ltr'>propria</span> <span class='ocrx_word' id='word_1_308' title='bbox 1106 3309 1248 3390; x_wconf 73' lang='lat' dir='ltr'>paroecia.</span> <span class='ocrx_word' id='word_1_309' title='bbox 1264 3347 1304 3355; x_wconf 97' lang='lat'><strong>—</strong></span> <span class='ocrx_word' id='word_1_310' title='bbox 1320 3311 1372 3373; x_wconf 83' lang='lat' dir='ltr'>Ita</span> <span class='ocrx_word' id='word_1_311' title='bbox 1390 3331 1519 3374; x_wconf 83' lang='lat' dir='ltr'>comma-</span> 
     </span>
     <span class='ocr_line' id='line_1_36' title="bbox 243 3396 1454 3479; baseline 0.001 -20"><span class='ocrx_word' id='word_1_312' title='bbox 243 3397 336 3460; x_wconf 82' lang='lat' dir='ltr'>niter.</span> <span class='ocrx_word' id='word_1_313' title='bbox 351 3433 391 3444; x_wconf 80' lang='lat'>-—</span> <span class='ocrx_word' id='word_1_314' title='bbox 406 3397 442 3460; x_wconf 89' lang='lat' dir='ltr'>S.</span> <span class='ocrx_word' id='word_1_315' title='bbox 459 3399 529 3479; x_wconf 80' lang='lat' dir='ltr'>Lip.</span> <span class='ocrx_word' id='word_1_316' title='bbox 545 3417 576 3458; x_wconf 82' lang='lat' dir='ltr'>n.</span> <span class='ocrx_word' id='word_1_317' title='bbox 592 3401 663 3462; x_wconf 84' lang='lat'>300.</span> <span class='ocrx_word' id='word_1_318' title='bbox 677 3433 717 3442; x_wconf 94' lang='lat'><em>-</em></span> <span class='ocrx_word' id='word_1_319' title='bbox 730 3396 880 3460; x_wconf 70' lang='lat' dir='ltr'>Salmacis.</span> <span class='ocrx_word' id='word_1_320' title='bbox 897 3433 936 3444; x_wconf 92' lang='lat'>-</span> <span class='ocrx_word' id='word_1_321' title='bbox 952 3397 1089 3473; x_wconf 84' lang='lat' dir='ltr'>Gousset,</span> <span class='ocrx_word' id='word_1_322' title='bbox 1105 3419 1137 3462; x_wconf 80' lang='lat' dir='ltr'>n.</span> <span class='ocrx_word' id='word_1_323' title='bbox 1152 3402 1227 3474; x_wconf 76' lang='lat' dir='ltr'>sat,</span> <span class='ocrx_word' id='word_1_324' title='bbox 1246 3405 1353 3463; x_wconf 88' lang='lat' dir='ltr'>contra</span> <span class='ocrx_word' id='word_1_325' title='bbox 1368 3399 1454 3462; x_wconf 82' lang='lat' dir='ltr'>elios.</span> 
     </span>
    </p>

    <p class='ocr_par' dir='ltr' id='par_1_12' title="bbox 241 3484 1520 3637">
     <span class='ocr_line' id='line_1_37' title="bbox 281 3484 1520 3570; baseline 0 -20"><span class='ocrx_word' id='word_1_326' title='bbox 281 3489 382 3562; x_wconf 76' lang='lat' dir='ltr'>Quae.</span> <span class='ocrx_word' id='word_1_327' title='bbox 401 3491 434 3550; x_wconf 87' lang='grc'>60</span> <span class='ocrx_word' id='word_1_328' title='bbox 453 3487 525 3562; x_wconf 78' lang='lat' dir='ltr'>Quis</span> <span class='ocrx_word' id='word_1_329' title='bbox 538 3488 636 3568; x_wconf 84' lang='lat' dir='ltr'>possit</span> <span class='ocrx_word' id='word_1_330' title='bbox 659 3484 882 3568; x_wconf 75' lang='lat' dir='ltr'>dispensasset</span> <span class='ocrx_word' id='word_1_331' title='bbox 901 3487 958 3549; x_wconf 82' lang='lat' dir='ltr'>boc</span> <span class='ocrx_word' id='word_1_332' title='bbox 971 3497 1126 3570; x_wconf 70' lang='lat' dir='ltr'>praecepto</span> <span class='ocrx_word' id='word_1_333' title='bbox 1148 3488 1392 3552; x_wconf 80' lang='lat' dir='ltr'>communicandi</span> <span class='ocrx_word' id='word_1_334' title='bbox 1411 3492 1444 3550; x_wconf 81' lang='lat' dir='ltr'>in</span> <span class='ocrx_word' id='word_1_335' title='bbox 1462 3509 1520 3570; x_wconf 84' lang='lat' dir='ltr'>pa-</span> 
     </span>
     <span class='ocr_line' id='line_1_38' title="bbox 241 3575 351 3637; baseline 0.027 -4"><span class='ocrx_word' id='word_1_336' title='bbox 241 3575 351 3637; x_wconf 65' lang='lat' dir='ltr'>reema?</span> 
     </span>
    </p>

    <p class='ocr_par' dir='ltr' id='par_1_13' title="bbox 240 3662 1519 3922">
     <span class='ocr_line' id='line_1_39' title="bbox 280 3662 1519 3747; baseline 0.002 -21"><span class='ocrx_word' id='word_1_337' title='bbox 280 3662 371 3746; x_wconf 84' lang='lat' dir='ltr'>Resp.</span> <span class='ocrx_word' id='word_1_338' title='bbox 388 3670 421 3728; x_wconf 80' lang='grc'>10</span> <span class='ocrx_word' id='word_1_339' title='bbox 440 3683 448 3726; x_wconf 89' lang='lat'><strong>:</strong></span> <span class='ocrx_word' id='word_1_340' title='bbox 468 3662 632 3744; x_wconf 88' lang='lat' dir='ltr'>Episcopus</span> <span class='ocrx_word' id='word_1_341' title='bbox 655 3680 727 3726; x_wconf 87' lang='lat' dir='ltr'>cum</span> <span class='ocrx_word' id='word_1_342' title='bbox 751 3663 947 3740; x_wconf 75' lang='lat' dir='ltr'>diaecesanis3</span> <span class='ocrx_word' id='word_1_343' title='bbox 969 3669 1001 3727; x_wconf 71' lang='lat'>2⁰</span> <span class='ocrx_word' id='word_1_344' title='bbox 1020 3663 1134 3727; x_wconf 90' lang='lat' dir='ltr'>Vicarii</span> <span class='ocrx_word' id='word_1_345' title='bbox 1154 3666 1307 3746; x_wconf 90' lang='lat' dir='ltr'>generales</span> <span class='ocrx_word' id='word_1_346' title='bbox 1329 3665 1445 3747; x_wconf 84' lang='lat' dir='ltr'>pariter</span> <span class='ocrx_word' id='word_1_347' title='bbox 1465 3684 1519 3745; x_wconf 90' lang='lat' dir='ltr'>pro</span> 
     </span>
     <span class='ocr_line' id='line_1_40' title="bbox 241 3750 1519 3834; baseline 0.001 -20"><span class='ocrx_word' id='word_1_348' title='bbox 241 3751 376 3830; x_wconf 72' lang='lat' dir='ltr'>diecesi,</span> <span class='ocrx_word' id='word_1_349' title='bbox 391 3758 423 3816; x_wconf 85' lang='lat'>3⁰</span> <span class='ocrx_word' id='word_1_350' title='bbox 435 3751 586 3815; x_wconf 90' lang='lat' dir='ltr'>Parochus</span> <span class='ocrx_word' id='word_1_351' title='bbox 598 3750 677 3831; x_wconf 89' lang='lat' dir='ltr'>ipse,</span> <span class='ocrx_word' id='word_1_352' title='bbox 693 3769 764 3814; x_wconf 87' lang='lat' dir='ltr'>oum</span> <span class='ocrx_word' id='word_1_353' title='bbox 778 3752 874 3814; x_wconf 83' lang='lat' dir='ltr'>lexin</span> <span class='ocrx_word' id='word_1_354' title='bbox 888 3751 987 3833; x_wconf 91' lang='lat' dir='ltr'>ipsius</span> <span class='ocrx_word' id='word_1_355' title='bbox 1001 3753 1135 3816; x_wconf 84' lang='lat' dir='ltr'>favorem</span> <span class='ocrx_word' id='word_1_356' title='bbox 1148 3753 1211 3816; x_wconf 89' lang='lat' dir='ltr'>lata</span> <span class='ocrx_word' id='word_1_357' title='bbox 1223 3751 1331 3829; x_wconf 81' lang='lat' dir='ltr'>luerit,</span> <span class='ocrx_word' id='word_1_358' title='bbox 1345 3760 1378 3816; x_wconf 88' lang='lat' dir='ltr'>et</span> <span class='ocrx_word' id='word_1_359' title='bbox 1390 3753 1519 3834; x_wconf 83' lang='lat' dir='ltr'>insuper</span> 
     </span>
     <span class='ocr_line' id='line_1_41' title="bbox 240 3839 1103 3922; baseline 0.001 -20"><span class='ocrx_word' id='word_1_360' title='bbox 240 3858 278 3903; x_wconf 87' lang='lat' dir='ltr'>ex</span> <span class='ocrx_word' id='word_1_361' title='bbox 290 3841 510 3905; x_wconf 88' lang='lat' dir='ltr'>consuetudine</span> <span class='ocrx_word' id='word_1_362' title='bbox 526 3843 651 3902; x_wconf 88' lang='lat' dir='ltr'>constet.</span> <span class='ocrx_word' id='word_1_363' title='bbox 668 3875 708 3885; x_wconf 94' lang='lat'>—</span> <span class='ocrx_word' id='word_1_364' title='bbox 721 3839 757 3902; x_wconf 87' lang='lat' dir='ltr'>S.</span> <span class='ocrx_word' id='word_1_365' title='bbox 774 3839 857 3922; x_wconf 72' lang='lat' dir='ltr'>Lip,</span> <span class='ocrx_word' id='word_1_366' title='bbox 878 3841 900 3902; x_wconf 86' lang='lat' dir='ltr'>l.</span> <span class='ocrx_word' id='word_1_367' title='bbox 916 3844 972 3916; x_wconf 91' lang='lat' dir='ltr'>Vl,</span> <span class='ocrx_word' id='word_1_368' title='bbox 988 3863 1019 3903; x_wconf 80' lang='lat' dir='ltr'>a.</span> <span class='ocrx_word' id='word_1_369' title='bbox 1034 3847 1103 3907; x_wconf 86' lang='lat'>300.</span> 
     </span>
    </p>

    <p class='ocr_par' dir='ltr' id='par_1_14' title="bbox 239 3927 1518 4100">
     <span class='ocr_line' id='line_1_42' title="bbox 279 3927 1518 4016; baseline -0.002 -22"><span class='ocrx_word' id='word_1_370' title='bbox 279 3935 349 3994; x_wconf 72' lang='lat' dir='ltr'>cot.</span> <span class='ocrx_word' id='word_1_371' title='bbox 367 3966 407 3976; x_wconf 90' lang='lat'>-</span> <span class='ocrx_word' id='word_1_372' title='bbox 422 3932 523 4005; x_wconf 72' lang='lat' dir='ltr'>Quen.</span> <span class='ocrx_word' id='word_1_373' title='bbox 544 3935 576 3991; x_wconf 80' lang='lat'>7⁰</span> <span class='ocrx_word' id='word_1_374' title='bbox 595 3927 725 3991; x_wconf 82' lang='lat' dir='ltr'>Ubinam</span> <span class='ocrx_word' id='word_1_375' title='bbox 745 3934 918 4011; x_wconf 65' lang='lat' dir='ltr'>perspicui,</span> <span class='ocrx_word' id='word_1_376' title='bbox 939 3936 1027 4009; x_wconf 83' lang='lat' dir='ltr'>copi,</span> <span class='ocrx_word' id='word_1_377' title='bbox 1050 3930 1161 3994; x_wconf 83' lang='lat' dir='ltr'>milites</span> <span class='ocrx_word' id='word_1_378' title='bbox 1182 3941 1211 3994; x_wconf 81' lang='lat' dir='ltr'>ci</span> <span class='ocrx_word' id='word_1_379' title='bbox 1232 3932 1344 4014; x_wconf 78' lang='lat' dir='ltr'>[emuli</span> <span class='ocrx_word' id='word_1_380' title='bbox 1360 3940 1518 4016; x_wconf 73' lang='lat' dir='ltr'>precepto</span> 
     </span>
     <span class='ocr_line' id='line_1_43' title="bbox 239 4015 995 4100; baseline 0.003 -22"><span class='ocrx_word' id='word_1_381' title='bbox 239 4015 466 4081; x_wconf 81' lang='lat' dir='ltr'>Communionis</span> <span class='ocrx_word' id='word_1_382' title='bbox 485 4017 642 4080; x_wconf 82' lang='lat' dir='ltr'>Pcscbalis</span> <span class='ocrx_word' id='word_1_383' title='bbox 656 4017 831 4098; x_wconf 79' lang='lat' dir='ltr'>satisfecere</span> <span class='ocrx_word' id='word_1_384' title='bbox 848 4018 995 4100; x_wconf 83' lang='lat' dir='ltr'>possint?</span> 
     </span>
    </p>

    <p class='ocr_par' dir='ltr' id='par_1_15' title="bbox 237 4105 1519 4366">
     <span class='ocr_line' id='line_1_44' title="bbox 277 4105 1516 4190; baseline 0.004 -23"><span class='ocrx_word' id='word_1_385' title='bbox 277 4105 368 4189; x_wconf 80' lang='lat' dir='ltr'>Resp.</span> <span class='ocrx_word' id='word_1_386' title='bbox 386 4115 418 4172; x_wconf 76' lang='lat'>1⁰</span> <span class='ocrx_word' id='word_1_387' title='bbox 434 4129 440 4170; x_wconf 93' lang='lat'>:</span> <span class='ocrx_word' id='word_1_388' title='bbox 457 4105 611 4188; x_wconf 87' lang='lat' dir='ltr'>Peregrini</span> <span class='ocrx_word' id='word_1_389' title='bbox 630 4111 660 4168; x_wconf 90' lang='lat' dir='ltr'>et</span> <span class='ocrx_word' id='word_1_390' title='bbox 683 4105 752 4185; x_wconf 84' lang='lat' dir='ltr'>vagi</span> <span class='ocrx_word' id='word_1_391' title='bbox 773 4114 903 4186; x_wconf 89' lang='lat' dir='ltr'>possunt</span> <span class='ocrx_word' id='word_1_392' title='bbox 923 4109 1148 4172; x_wconf 84' lang='lat' dir='ltr'>communicare</span> <span class='ocrx_word' id='word_1_393' title='bbox 1164 4109 1199 4172; x_wconf 93' lang='lat' dir='ltr'>in</span> <span class='ocrx_word' id='word_1_394' title='bbox 1218 4109 1355 4190; x_wconf 86' lang='lat' dir='ltr'>qualibet</span> <span class='ocrx_word' id='word_1_395' title='bbox 1375 4110 1516 4181; x_wconf 82' lang='lat' dir='ltr'>ecclesia,</span> 
     </span>
     <span class='ocr_line' id='line_1_45' title="bbox 237 4193 1519 4280; baseline 0.005 -24"><span class='ocrx_word' id='word_1_396' title='bbox 237 4211 293 4257; x_wconf 85' lang='lat' dir='ltr'>nec</span> <span class='ocrx_word' id='word_1_397' title='bbox 306 4203 451 4260; x_wconf 90' lang='lat' dir='ltr'>tenentur</span> <span class='ocrx_word' id='word_1_398' title='bbox 464 4196 548 4258; x_wconf 88' lang='lat' dir='ltr'>adire</span> <span class='ocrx_word' id='word_1_399' title='bbox 560 4193 723 4277; x_wconf 85' lang='lat' dir='ltr'>paroeciam</span> <span class='ocrx_word' id='word_1_400' title='bbox 737 4193 794 4256; x_wconf 87' lang='lat' dir='ltr'>loci</span> <span class='ocrx_word' id='word_1_401' title='bbox 806 4195 861 4259; x_wconf 89' lang='lat' dir='ltr'>ubi</span> <span class='ocrx_word' id='word_1_402' title='bbox 874 4203 1051 4278; x_wconf 64' lang='lat' dir='ltr'>versarium</span> <span class='ocrx_word' id='word_1_403' title='bbox 1066 4198 1214 4278; x_wconf 85' lang='lat' dir='ltr'>quianon</span> <span class='ocrx_word' id='word_1_404' title='bbox 1226 4197 1342 4260; x_wconf 90' lang='lat' dir='ltr'>habent</span> <span class='ocrx_word' id='word_1_405' title='bbox 1356 4200 1519 4280; x_wconf 87' lang='lat' dir='ltr'>proprium</span> 
     </span>
     <span class='ocr_line' id='line_1_46' title="bbox 238 4283 1314 4366; baseline 0.002 -22"><span class='ocrx_word' id='word_1_406' title='bbox 238 4283 422 4359; x_wconf 88' lang='lat' dir='ltr'>Parocbum,</span> <span class='ocrx_word' id='word_1_407' title='bbox 439 4284 493 4365; x_wconf 89' lang='lat' dir='ltr'>qui</span> <span class='ocrx_word' id='word_1_408' title='bbox 508 4303 558 4347; x_wconf 89' lang='lat' dir='ltr'>eos</span> <span class='ocrx_word' id='word_1_409' title='bbox 575 4299 734 4363; x_wconf 89' lang='lat' dir='ltr'>agnoscere</span> <span class='ocrx_word' id='word_1_410' title='bbox 748 4283 865 4346; x_wconf 87' lang='lat' dir='ltr'>debeat.</span> <span class='ocrx_word' id='word_1_411' title='bbox 878 4319 921 4330; x_wconf 96' lang='lat'>-</span> <span class='ocrx_word' id='word_1_412' title='bbox 935 4285 972 4348; x_wconf 88' lang='lat' dir='ltr'>S.</span> <span class='ocrx_word' id='word_1_413' title='bbox 988 4285 1072 4366; x_wconf 68' lang='lat' dir='ltr'>Lip,</span> <span class='ocrx_word' id='word_1_414' title='bbox 1091 4284 1111 4347; x_wconf 90' lang='lat' dir='ltr'>i.</span> <span class='ocrx_word' id='word_1_415' title='bbox 1128 4287 1183 4362; x_wconf 90' lang='lat' dir='ltr'>Vl,</span> <span class='ocrx_word' id='word_1_416' title='bbox 1197 4307 1229 4347; x_wconf 83' lang='lat' dir='ltr'>n.</span> <span class='ocrx_word' id='word_1_417' title='bbox 1244 4291 1314 4350; x_wconf 89' lang='lat'>300.</span> 
     </span>
    </p>

    <p class='ocr_par' dir='ltr' id='par_1_16' title="bbox 237 4370 1520 4624">
     <span class='ocr_line' id='line_1_47' title="bbox 278 4370 1520 4449; baseline 0.007 -18"><span class='ocrx_word' id='word_1_418' title='bbox 278 4373 311 4431; x_wconf 70' lang='lat'>2⁰</span> <span class='ocrx_word' id='word_1_419' title='bbox 332 4370 442 4433; x_wconf 89' lang='lat' dir='ltr'>Milites</span> <span class='ocrx_word' id='word_1_420' title='bbox 457 4371 491 4433; x_wconf 92' lang='lat' dir='ltr'>in</span> <span class='ocrx_word' id='word_1_421' title='bbox 504 4371 651 4446; x_wconf 87' lang='lat' dir='ltr'>statione,</span> <span class='ocrx_word' id='word_1_422' title='bbox 665 4370 713 4434; x_wconf 82' lang='lat' dir='ltr'>vel</span> <span class='ocrx_word' id='word_1_423' title='bbox 725 4370 916 4434; x_wconf 90' lang='lat' dir='ltr'>domicilium</span> <span class='ocrx_word' id='word_1_424' title='bbox 928 4372 1097 4437; x_wconf 79' lang='lat' dir='ltr'>incivitate</span> <span class='ocrx_word' id='word_1_425' title='bbox 1112 4373 1273 4449; x_wconf 87' lang='lat' dir='ltr'>habentes,</span> <span class='ocrx_word' id='word_1_426' title='bbox 1288 4377 1520 4440; x_wconf 80' lang='lat' dir='ltr'>communicare</span> 
     </span>
     <span class='ocr_line' id='line_1_48' title="bbox 238 4455 1515 4547; baseline 0.011 -33"><span class='ocrx_word' id='word_1_427' title='bbox 238 4455 349 4516; x_wconf 91' lang='lat' dir='ltr'>debent</span> <span class='ocrx_word' id='word_1_428' title='bbox 364 4457 397 4517; x_wconf 91' lang='lat' dir='ltr'>in</span> <span class='ocrx_word' id='word_1_429' title='bbox 411 4459 540 4534; x_wconf 85' lang='lat' dir='ltr'>paroecia</span> <span class='ocrx_word' id='word_1_430' title='bbox 555 4459 590 4521; x_wconf 89' lang='lat' dir='ltr'>in</span> <span class='ocrx_word' id='word_1_431' title='bbox 605 4477 667 4540; x_wconf 87' lang='lat' dir='ltr'>qua</span> <span class='ocrx_word' id='word_1_432' title='bbox 681 4465 923 4539; x_wconf 89' lang='lat' dir='ltr'>commorantur;</span> <span class='ocrx_word' id='word_1_433' title='bbox 941 4481 1026 4525; x_wconf 89' lang='lat' dir='ltr'>secus</span> <span class='ocrx_word' id='word_1_434' title='bbox 1040 4462 1074 4525; x_wconf 92' lang='lat' dir='ltr'>in</span> <span class='ocrx_word' id='word_1_435' title='bbox 1089 4481 1282 4544; x_wconf 86' lang='lat' dir='ltr'>quacumque</span> <span class='ocrx_word' id='word_1_436' title='bbox 1296 4465 1421 4528; x_wconf 86' lang='lat' dir='ltr'>ecclesia</span> <span class='ocrx_word' id='word_1_437' title='bbox 1435 4485 1515 4547; x_wconf 66' lang='lat' dir='ltr'>prze-</span> 
     </span>
     <span class='ocr_line' id='line_1_49' title="bbox 237 4543 694 4624; baseline 0.018 -23"><span class='ocrx_word' id='word_1_438' title='bbox 237 4546 359 4618; x_wconf 86' lang='lat' dir='ltr'>ceptum</span> <span class='ocrx_word' id='word_1_439' title='bbox 374 4543 538 4620; x_wconf 88' lang='lat' dir='ltr'>adimplere</span> <span class='ocrx_word' id='word_1_440' title='bbox 553 4555 694 4624; x_wconf 90' lang='lat' dir='ltr'>possunt.</span> 
     </span>
    </p>
   </div>
   <div class='ocr_carea' id='block_1_3' title="bbox 0 0 1608 5024">
    <p class='ocr_par' dir='ltr' id='par_1_17' title="bbox 0 0 1608 5024">
     <span class='ocr_line' id='line_1_50' title="bbox 0 0 1608 5024; baseline 0 4"><span class='ocrx_word' id='word_1_441' title='bbox 0 0 1608 5024; x_wconf 95' lang='lat' dir='ltr'> </span> 
     </span>
    </p>
   </div>
  </div>
 </body>
</html>
