3206 5024
527 267 572 311 ou
592 265 795 310 raucarum
816 264 995 310 nnctnoe1
1330 254 1399 316 281

119 377 251 464 quiunt,
271 397 422 442 uxornon
436 383 482 440 est
496 376 640 459 subjecta.
656 377 761 438 -Ito
781 377 865 451 Voit,
889 398 920 438 u.
945 381 1015 440 600.
1037 411 1077 420 -
1090 376 1267 458 Lopmoun,
1287 388 1342 444 etc.
1358 413 1399 430 -

118 468 235 532 Melius
254 479 353 530 tamen
372 467 428 528 atti
443 487 509 527 cum
524 466 560 528 S.
582 465 686 528 Tuom.
703 471 732 539 E,
746 471 777 542 t,
790 487 819 548 q.
833 469 883 541 88,
896 486 925 525 a.
939 470 969 540 8,
984 465 1025 526 od
1036 470 1066 539 3,
1079 471 1110 528 et
1125 465 1161 528 S.
1177 466 1261 548 Lep,
1282 490 1313 528 u.
1330 474 1400 547 131,

117 558 237 620 marito
246 561 299 640 jus
314 556 457 620 tribuunt
471 554 616 617 irritandi
628 554 724 617 etiam
738 555 930 618 directevota
944 560 1044 616 stante
1059 555 1258 618 matrimonio
1272 557 1398 636 emissa;

118 646 271 728 quoniam
290 649 338 706 uir
360 654 455 726 ceput
478 653 522 705 est
543 643 695 724 multaris,
719 649 749 705 et
767 642 879 706 mulier
897 643 1033 726 subjecto
1053 653 1097 706 est
1120 647 1185 705 uiro
1208 648 1241 705 iu
1263 647 1402 707 omuibus

140 735 251 816 Ephes.
268 754 299 808 1,
312 737 366 810 23,
380 733 445 814 El.)

121 735 132 817 (
163 825 263 899 Quen.
280 827 312 886 2⁰
333 820 383 882 Au
400 831 495 906 puter
512 820 624 884 directe
639 823 737 904 possit
755 821 881 884 irritare
898 831 968 884 ootu
981 820 1119 904 filiorum
1128 821 1279 904 puberum
1294 827 1402 888 emisso

118 921 195 974 aute
206 911 418 994 pubertatem?

161 1001 252 1084 Resp.
269 999 409 1082 Aspim,
423 1001 513 1063 modo
525 997 580 1062 filii
592 998 787 1079 pubertatem
806 998 908 1079 adepti
924 999 1024 1063 adhuc
1038 998 1101 1062 siut
1116 1001 1174 1063 sub
1191 1007 1338 1082 potestate
1350 1021 1403 1083 pa-

118 1095 221 1163 terna,
234 1095 265 1150 et
276 1095 348 1151 vota
361 1107 426 1151 non
439 1088 705 1165 confirmaverint3
720 1087 784 1150 imo
796 1086 1004 1168 probabiliter,
1017 1088 1139 1152 etiamsi
1154 1089 1206 1152 illa
1218 1091 1277 1154 rati
1287 1091 1403 1156 habuc-

118 1177 202 1254 rint,
219 1178 387 1240 nescientes
399 1177 563 1240 imitabilia
572 1195 646 1240 esse.
663 1211 704 1224 —
718 1177 756 1265 S:
772 1177 856 1258 Lip,
874 1197 904 1236 u.
921 1179 997 1252 238,
1014 1197 1080 1240 cum
1095 1178 1179 1240 aliis.

163 1268 264 1341 Quen.
281 1271 314 1329 3⁰
329 1265 379 1326 Au
391 1269 493 1347 possit
505 1266 576 1347 fieri
590 1266 728 1326 irritatio
744 1269 810 1327 siue
821 1267 933 1327 causo?

163 1355 258 1437 Besp.
281 1359 313 1417 1ο
331 1354 472 1437 Affirm,
495 1355 595 1437 quoad
613 1353 820 1432 validitatem,
841 1353 915 1436 quia
932 1354 1077 1418 dominus
1096 1355 1194 1419 valide
1213 1357 1349 1438 disponit
1366 1359 1403 1421 de

116 1460 158 1506 re
172 1461 237 1506 sua.

166 1531 253 1612 Resp.
269 1537 301 1594 2⁰
322 1533 461 1616 Affirm,
477 1531 572 1596 etiarn
587 1531 687 1613 quoad
704 1531 884 1605 liceitatem,
900 1551 960 1613 per
981 1551 1011 1594 se
1024 1532 1190 1613 loquenda,
1211 1553 1265 1596 seu
1284 1535 1404 1602 ratione

121 1619 223 1704 ipsius
236 1619 436 1699 irritationis;
453 1629 525 1684 vota
543 1620 628 1684 enim
643 1619 840 1684 subditorum
858 1620 1047 1683 emittuntur
1062 1620 1119 1684 sub
1139 1622 1311 1685 conditione
1332 1641 1403 1688 cou-

124 1727 235 1772 sensus
249 1709 435 1791 SuperioriS,
451 1727 547 1792 quam
561 1709 704 1789 Superior
713 1728 770 1790 per
787 1729 818 1770 se
832 1709 903 1771 dare
918 1727 981 1771 non
994 1715 1128 1772 tenetur.
1144 1712 1187 1773 At
1198 1729 1268 1773 vero
1280 1729 1340 1792 per
1354 1731 1406 1772 oc·

122 1797 241 1872 cadens,
258 1817 311 1860 seu
330 1798 448 1861 ratione
467 1789 786 1871 circumstantiaiurn,
810 1817 877 1860 raro
898 1796 997 1860 aberit
1020 1797 1122 1878 aliqua
1143 1798 1245 1878 culpa,
1263 1800 1310 1861 vel
1329 1799 1405 1880 quia

123 1891 212 1948 actus
227 1892 273 1950 est
284 1886 480 1969 imprudenS,
490 1887 539 1948 vel
545 1886 619 1966 quia
631 1885 882 1948 irrationabiliter
893 1885 1063 1966 impeditur
1071 1885 1222 1966 profectus
1233 1887 1403 1967 spiritualis

123 1974 259 2050 subditi,
281 1981 338 2038 etc.
356 1977 423 2037 Non
437 1980 541 2038 tanmn
562 1975 594 2037 id
616 1993 651 2037 ex
673 1993 719 2049 se,
741 1974 855 2037 secluso
873 1992 967 2054 pravo
982 1973 1091 2038 affectu
1106 1983 1162 2038 aut
1182 1974 1267 2056 gravi
1287 1975 1405 2039 subditi

123 2071 328 2137 nocumento,
345 2069 503 2144 peccatum
517 2063 634 2126 veniale
648 2063 775 2125 excedit.
792 2099 832 2107 —
846 2061 882 2125 S.
898 2064 983 2144 Lip,
999 2063 1097 2124 etalii
1110 2068 1320 2126 communiter.

163 2152 348 2216 Atrectum
370 2171 464 2214 usum
482 2151 642 2234 potestatis
660 2151 804 2214 irritandi
825 2151 1068 2214 animadvertere
1086 2155 1193 2233 juvat,
1216 2171 1284 2215 eam
1298 2154 1405 2216 datam

122 2259 191 2304 esse
205 2240 332 2304 Praelato
344 2239 482 2320 religioso
495 2239 531 2303 in
545 2241 714 2304 utilitatem
731 2240 885 2316 voventiS,
903 2240 1026 2303 domino
1045 2248 1183 2322 respectu
1198 2259 1355 2304 servorum
1370 2241 1406 2305 in

122 2329 297 2393 utilitatem
311 2329 480 2405 irritantis,
494 2329 577 2411 patri
590 2335 728 2411 respectu
745 2329 879 2392 filiorum
890 2337 922 2392 et
935 2329 1000 2392 viro
1013 2337 1151 2410 respectu
1166 2330 1270 2393 uxoris
1284 2330 1404 2394 intuitu

118 2416 300 2498 utriusque.
316 2453 355 2464 -
366 2416 498 2492 Suorez,
511 2418 531 2480 l.
547 2419 604 2493 VI,
622 2439 647 2480 c.
662 2438 689 2494 1,
703 2439 734 2479 u.
752 2424 801 2482 10.

164 2508 269 2581 Quas.
285 2511 319 2568 d⁰
333 2506 381 2568 Au
394 2505 547 2589 Superior
561 2510 688 2569 irritare
699 2509 800 2590 possit
814 2517 885 2568 uoto
899 2527 918 2570 u
930 2528 960 2569 se
977 2507 1175 2570 rutilzubito?

164 2593 260 2675 Besp.
285 2594 426 2677 Affirm,
445 2595 518 2677 qnia
536 2597 646 2678 nequit
666 2596 727 2658 sibi
749 2596 884 2658 adimere
901 2601 1082 2677 potestatem
1101 2614 1197 2678 quam
1213 2596 1247 2658 in
1264 2597 1403 2660 subditos

123 2683 227 2748 habet.
243 2681 329 2744 -S.
343 2685 413 2766 Liq.
430 2705 461 2747 u.
475 2688 545 2750 139.
558 2721 599 2734 -
619 2686 653 2749 V.
666 2684 779 2766 Cusus,
795 2706 827 2746 u.
845 2689 920 2762 326,
937 2695 964 2748 et
980 2705 1043 2768 seq.
1057 2686 1098 2748 od
1111 2685 1181 2748 331.

458 2895 476 2986 ᾖ
495 2895 540 2964 11.
566 2897 614 2964 De
627 2897 879 2982 dispensatione
894 2903 1066 2964 uotorum.

125 3169 136 3231 l
166 3081 356 3232 Dispenpattip
377 3081 444 3145 voti
461 3087 508 3144 est
529 3081 668 3145 absoluta
688 3085 754 3163 ejus
776 3081 971 3156 condonatio,
987 3080 1113 3143 nomine
1133 3081 1186 3144 Dei
1207 3101 1226 3144 a
1246 3082 1406 3165 superiore

136 3169 263 3251 egitinro
289 3187 322 3232 ac
357 3215 365 3232 .
815 3205 817 3210 ·

250 3324 475 3405 Principia.

167 3473 237 3533 331.
252 3503 292 3516 -
306 3472 331 3532 Ι.
345 3469 477 3532 Ecclesia
488 3469 581 3532 habet
595 3487 698 3532 veram
713 3475 896 3551 potestatem
909 3469 1106 3551 dispensandi
1119 3469 1154 3532 in
1168 3468 1263 3543 votiS,
1282 3465 1362 3530 sicut
1376 3474 1407 3530 et

125 3556 161 3620 in
169 3557 369 3640 juramentis.
387 3563 511 3622 Constat
522 3577 559 3622 ex
573 3558 674 3622 verbis
688 3558 818 3634 Christi,
834 3559 944 3622 Matth.
959 3577 1028 3634 111,
1046 3563 1084 3622 19
1101 3579 1108 3620 :
1124 3556 1336 3638 Quodcumque
1348 3556 1408 3619 sol·

126 3651 222 3728 veris,
239 3653 313 3724 etc.;
329 3653 412 3710 —et
426 3646 559 3728 expraxi
573 3647 725 3710 constanti
740 3648 889 3710 Ecclesia.
901 3683 941 3693 -
956 3646 1141 3710 Communis.

167 3737 205 3798 Π.
231 3737 293 3798 Soli
315 3737 451 3813 Praelati,
479 3737 593 3818 quibus
616 3735 791 3819 jurisdictio
815 3736 849 3799 in
869 3735 933 3800 ioro
956 3743 1081 3799 esterno
1105 3736 1175 3798 data
1198 3741 1259 3808 est,
1284 3754 1303 3797 a
1326 3734 1407 3798 votis

127 3823 302 3906 dispensare
316 3831 460 3905 possunt,
474 3825 548 3907 quia
561 3825 626 3890 haec
639 3831 771 3907 potestas
785 3825 919 3906 pertinet
927 3826 966 3889 ad
978 3831 1136 3888 externam
1146 3824 1284 3886 Ecclesia
1294 3824 1405 3905 guber-

126 3911 301 3988 nationem,
316 3913 396 3976 sicut
411 3921 544 3996 potestas
559 3913 674 3978 ferendi
689 3913 770 3994 leges
784 3922 815 3976 et
829 3933 981 3978 censuras.
997 3914 1075 3976 Hinc
1089 3914 1171 3976 solus
1191 3917 1270 3992 Papa
1285 3912 1408 3993 dispen-

127 4017 196 4064 sare
209 4007 309 4083 potest
325 4023 343 4065 a
357 4003 437 4066 votis
451 4022 506 4084 pro
525 4009 590 4066 tota
611 4003 755 4080 Ecclesia;
773 4002 916 4085 Episcopi
934 4011 1038 4066 autem
1054 4003 1102 4065 vel
1120 4001 1240 4064 Praelati
1254 4001 1406 4081 regulares

125 4107 182 4239 pro
194 4091 328 4154 subditis
341 4095 466 4154 tantum
479 4092 671 4173 respectivis,
687 4097 718 4153 et
737 4092 838 4154 solum
852 4092 885 4154 in
900 4091 979 4156 votis
994 4095 1082 4171 Papa
1097 4107 1159 4152 non
1175 4089 1348 4170 reservatis.
1364 4123 1405 4137 -

153 4179 248 4261 .sz
260 4183 331 4244 256.

166 4269 218 4330 III.
231 4270 279 4332 nd
288 4269 480 4333 validitatem
488 4268 725 4351 dispensationis
733 4289 852 4353 semper
862 4274 949 4352 justa
960 4287 1051 4332 causa
1062 4267 1243 4349 requiritur,
1252 4267 1407 4350 quiacum

125 4361 199 4419 vota
214 4357 269 4420 soli
280 4362 340 4421 Deo
354 4359 445 4434 fiant,
461 4359 554 4422 homo
567 4359 677 4440 nequit
691 4360 729 4423 ab
744 4359 783 4422 iis
797 4359 972 4442 dispensare
990 4356 1052 4420 nisi
1069 4363 1219 4439 tanquam
1233 4358 1406 4438 delegatum

127 4445 181 4507 sed
195 4446 349 4527 delegatus
363 4447 470 4528 nequit
483 4447 659 4528 dispensare
669 4449 769 4513 valide
782 4449 848 4512 sine
858 4451 945 4530 justa
954 4465 1054 4523 causa,
1067 4452 1103 4509 ut
1113 4447 1150 4510 de
1162 4446 1281 4528 legibus
1290 4447 1409 4511 dictum

126 4538 185 4596 est.
201 4537 307 4599 —Ito
319 4539 528 4601 communiter.
541 4571 582 4587 -
596 4537 631 4600 S.
647 4538 718 4620 etp.
737 4559 769 4600 o.
783 4541 853 4602 250.
