3206 5024
544 244 588 290 nn
608 244 809 290 ennearrrs
830 246 1008 291 nroanoor
1340 235 1410 295 289

176 333 267 445 Reep.
284 360 364 443 Nep.
378 358 778 432 ramsenterttiocommuni,
793 357 900 419 saltem
913 376 939 420 s1
930 356 1149 420 'confessiosit
1137 357 1290 439 tprolixa,
1304 359 1410 438 idest,

136 451 166 514 si
183 456 246 516 tato
265 455 400 530 tempore
418 452 473 509 aut
490 443 600 527 majori
618 451 703 525 parte
717 445 817 508 Missa
831 447 988 526 perduret,
1005 444 1079 526 quia
1098 447 1183 508 deest
1198 453 1268 510 tum
1283 448 1413 512 attentio

135 540 279 614 irr,terna
295 545 364 601 tum
378 535 624 598 etiamexterna·
617 531 695 615 ,qui
708 533 792 596 enim
806 534 967 597 confitetur
980 553 1052 597 suas
1064 533 1181 615 culpas
1193 535 1238 597 rei
1251 554 1413 618 personam

137 628 220 709 agit,
242 645 305 690 non
323 643 394 688 vero
417 621 572 686 offerentis
593 619 778 685 sacrificium
799 640 872 685 cum
892 623 1064 697 Sacerdote,
1085 641 1140 686 nec
1161 623 1288 688 Missam
1307 627 1415 690 audire

137 716 298 780 moraliter
305 709 603 776 censetur—Ita&
615 710 738 792 Lip.,n.
750 715 821 774 att.
830 711 971 793 -Lupo,
984 709 1098 791 Collet,
1109 715 1179 788 eta,
1188 713 1415 796 contrapturer.

182 804 345 878 Famulus,
356 801 411 884 qui
423 800 616 864 commodem
627 798 702 861 alias
714 817 778 863 non
787 799 914 863 haberet
925 799 1129 876 occasionem,
1142 807 1244 882 posset
1256 801 1415 884 equidem,

140 899 181 957 ut
194 890 390 976 probabiliter
400 890 509 952 docent
520 888 655 950 ιαιιοιιι
664 893 694 949 et
705 887 841 966 Lessim,
853 887 990 952 confiteri
1002 895 1121 970 peccata
1132 889 1182 953 die
1193 891 1269 954 festo
1282 896 1418 974 tempore

140 981 258 1056 Missa,
278 979 304 1043 si
322 997 408 1042 secus
427 978 551 1041 deberet
568 975 760 1058 aliquamdiu
778 995 956 1058 permanere
974 977 1009 1040 in
1028 982 1111 1040 statu
1128 979 1242 1058 peccati
1260 980 1414 1057 mortalis,

140 1087 252 1133 verum
270 1067 335 1150 ipse
354 1072 426 1130 tuno
443 1085 506 1128 non
528 1063 712 1128 satisfaceret
728 1070 893 1147 praecepto,
912 1065 964 1128 sed
981 1065 1085 1146 potius
1104 1065 1142 1130 ab
1159 1086 1192 1130 eo
1207 1076 1415 1146 excusaretur,

141 1157 216 1240 quia
231 1159 281 1220 lex
296 1155 435 1218 Ecclesia
451 1172 515 1218 non
528 1153 644 1233 obligat
657 1171 729 1216 cum
743 1156 829 1216 tanto
843 1153 1046 1218 incommodo.
1064 1190 1105 1200 —
1122 1155 1159 1218 S.
1172 1156 1242 1238 Lip.
1259 1178 1289 1220 ιι.
1305 1161 1376 1223 332.

183 1248 284 1324 Quas.
301 1251 333 1310 3⁰
346 1245 395 1306 Αιι
414 1244 586 1326 satisfaciat
602 1250 754 1326 praerepto
767 1241 915 1307 Ecclesiae
930 1242 1061 1307 certae
1077 1247 1208 1306 recitans
1223 1245 1419 1310 Breviorinm

142 1333 414 1398 terroremue?

184 1355 268 1508 lipeep.
285 1423 411 1507 affirm.
427 1421 517 1488 Retio
535 1427 596 1496 est,
615 1421 689 1503 quia
707 1419 846 1483 recitatio
863 1419 963 1484 Officii
984 1420 1085 1484 divini
1100 1440 1164 1485 non
1179 1423 1324 1505 impedit,
1345 1443 1421 1506 quo·

136 1512 246 1576 minus
262 1511 333 1594 quis
351 1511 448 1592 possit
471 1509 618 1573 interesse
638 1509 784 1573 sacrificio
805 1509 921 1586 Missae,
937 1515 968 1570 et
955 1510 1134 1572 tmoralem
1151 1513 1370 1592 presentiam
1361 1513 1423 1595 1psi

141 1601 296 1665 exhibere.
311 1637 351 1646 -
366 1599 418 1662 Ita
429 1601 628 1661 communiter
642 1619 709 1660 eam
721 1597 758 1662 S.
771 1597 854 1680 Lep,
871 1618 902 1659 ιι.
918 1601 1041 1662 303-
1062 1597 1136 1660 Vide
1149 1599 1185 1662 de
1194 1599 1283 1682 Lep„
1299 1607 1369 1666 too.

251 1745 480 1819 'Resolves

187 1889 359 1948 317.-1ο
376 1880 576 1946 satisfaciunt
594 1886 742 1962 praecepto
761 1878 975 1942 ministrantes
990 1879 1104 1954 Missae3
1124 1880 1200 1942 satis
1218 1880 1303 1944 eninr
1323 1889 1422 1946 atten-

145 1973 229 2036 dunt
239 1989 334 2035 suum
343 1969 520 2032 exhibentes
532 1968 759 2046 ministerium,
772 1987 833 2050 quo
845 1966 1003 2032 actualiter
1014 1969 1054 2031 ad
1063 1968 1253 2033 Sacrificium
1262 1989 1426 2052 cooperan-

145 2066 214 2123 tur.
227 2061 312 2123 Idem
326 2058 491 2121 dicendum
502 2063 549 2120 est
560 2058 597 2119 de
611 2056 761 2134 sacristis,
773 2057 917 2132 musicis,
932 2055 1113 2138 organistis,
1125 2058 1342 2140 tympanistis,
1353 2066 1423 2136 ete.;

145 2148 224 2230 quia
243 2163 350 2210 eorum
371 2151 458 2210 actus
476 2145 516 2208 ad
533 2145 588 2209 Dei
605 2146 725 2209 cultum
743 2147 933 2222 referuntur,
954 2164 1009 2208 nec
1027 2146 1229 2210 neeessariam
1249 2146 1427 2230 impediunt

145 2235 354 2301 attentionem
369 2235 408 2296 ad
419 2252 454 2296 ea
468 2252 537 2315 quae
550 2233 586 2298 in
600 2234 690 2297 altari
702 2240 903 2315 peraguntur.
920 2269 959 2284 -
973 2235 1010 2298 S.
1027 2235 1134 2317 Liger.
1152 2256 1182 2298 ιι.
1197 2241 1267 2300 317.

192 2329 226 2387 2⁰
246 2321 455 2397 satisfaciunt,
470 2322 524 2404 qui
537 2323 742 2405 eleemosynas
757 2323 917 2402 colligunt,
934 2323 1024 2386 modo
1040 2324 1080 2387 ad
1094 2324 1221 2388 Missam
1235 2326 1344 2388 saltem
1356 2344 1427 2390 con-

146 2415 221 2476 fuse
236 2412 407 2475 attendant.
418 2447 460 2457 -
473 2411 507 2473 S.
519 2411 636 2493 Lipor,
653 2411 746 2483 tbid.,·
763 2411 790 2473 si
804 2417 909 2474 autem
922 2410 1127 2493 prevideant,
1143 2432 1174 2476 se
1189 2415 1268 2478 hanc
1283 2414 1428 2479 attentio-

145 2516 226 2564 nem
240 2504 381 2581 praestare
393 2518 455 2564 non
468 2518 571 2580 posse,
587 2499 681 2562 aliam
695 2499 821 2564 Missam
835 2500 979 2576 audiant,
995 2502 1023 2563 si
1037 2502 1193 2565 commode
1206 2507 1345 2583 possunt.

192 2591 226 2652 3⁰
247 2587 459 2663 satisfaciunt,
481 2588 536 2670 qui
557 2587 775 2653 conscientiam
796 2595 932 2670 tempore
951 2589 1052 2653 Missae
1075 2589 1177 2654 discut
1164 2590 1262 2667 liunt,
1281 2597 1318 2655 ut
1335 2591 1429 2656 confi·

149 2681 294 2752 leantur,
317 2677 568 2740 sacramentalem
592 2676 809 2800 poenitentiam
836 2679 1034 2758 persolvunt,
1059 2684 1113 2741 ant
1138 2678 1231 2742 etiam
1257 2680 1429 2744 orationem

148 2765 261 2848 quovis
275 2725 368 2828 titulo
380 2765 516 2829 debitam
530 2750 664 2828 iaciunt
634 2765 754 2846 t,quia
766 2765 816 2828 bis
828 2785 916 2829 mens
931 2767 969 2829 ad
980 2769 1079 2829 Deum
1091 2767 1244 2870 dirigitur,
1261 2777 1292 2833 et
1305 2769 1429 2832 aliunde

150 2853 268 2934 duplici
279 2859 425 2954 precepto
440 2853 535 2917 simul
547 2853 689 2917 satisfieri
702 2861 817 2935 potest,
835 2853 860 2916 si
873 2873 921 2917 res
933 2860 1087 2936 praecepte
1100 2855 1220 2936 possint
1207 2859 1342 2921 teodem
1353 2863 1430 2920 tem-

149 2959 226 3023 pore
236 2941 435 3022 praestari-
446 2942 498 3005 Ita
509 2945 717 3004 communiter.
730 2977 769 2986 -
782 2944 861 3004 Item
875 2961 930 3023 qm
921 2942 1049 3022 'legunt
1063 2942 1178 3006 librum
1193 2944 1328 3026 aliquem
1340 2943 1430 3027 spiri·

150 3030 286 3106 tualem,
300 3048 364 3095 non
373 3033 477 3093 tamen
487 3030 632 3093 historias
642 3047 741 3092 sacras
753 3029 857 3091 animo
867 3029 1003 3094 discendi
1012 3031 1139 3112 stylum.
1148 3031 1427 3116 -stipaara

196 3123 228 3182 ιι
248 3117 462 3195 satisfaciunt,
478 3119 573 3182 etiam
585 3117 640 3200 qui
653 3117 861 3182 involuntarie
875 3117 1104 3195 distrahuntur,
1122 3123 1184 3183 toto
1200 3121 1270 3184 licet
1284 3121 1431 3188 sacrificii

151 3214 307 3288 tempore,
328 3207 390 3270 nisi
409 3205 516 3270 alienis
536 3203 772 3288 cogitationibus
790 3205 836 3268 ita
853 3205 1059 3288 abripiantur,
1079 3213 1115 3270 ut
1133 3209 1311 3274 nullatenus
1330 3217 1430 3274 atten-

152 3298 246 3373 dant;
260 3303 336 3359 tunc
347 3294 432 3358 enim
441 3314 503 3358 non
517 3295 616 3375 magis
629 3293 839 3372 satisfaciunt,
851 3313 946 3375 quam
958 3296 1165 3360 involuntarie
1177 3298 1363 3362 dormientes
1376 3316 1430 3379 per

151 3385 323 3448 notabilem
334 3383 435 3448 Missae
448 3389 582 3465 partem,
599 3383 669 3448 licet
683 3403 701 3445 a
714 3389 833 3465 peccato
845 3390 1041 3447 excusentur.
1054 3385 1157 3447 —Ita
1171 3391 1376 3449 communiter.
1389 3421 1431 3432 -

149 3472 331 3538 Dormitans
340 3479 446 3536 autem
457 3472 617 3535 interdum
628 3473 710 3535 inter
722 3475 850 3536 Sacrum
861 3471 1024 3549 satisfacit,
1037 3481 1092 3536 aut
1102 3476 1212 3538 saltem
1223 3493 1285 3537 non
1297 3473 1431 3555 graviter

151 3561 324 3644 delinquit,
339 3563 429 3624 modo
441 3561 544 3642 aliqua
558 3561 677 3624 ratione
688 3561 829 3624 advertat
843 3561 881 3623 ad
896 3559 929 3622 id
939 3562 1022 3642 quod
1035 3562 1078 3625 fit.
1091 3599 1131 3608 —
1143 3562 1180 3626 S.
1195 3563 1264 3645 Lip.
1280 3583 1312 3624 ιι.
1327 3567 1398 3626 316.

197 3654 230 3714 5⁰
251 3648 464 3726 satisfaciunt,
478 3649 572 3713 etiam
584 3651 684 3732 quoad
700 3649 922 3725 substantiam,
937 3669 990 3712 seu
1003 3669 1021 3712 a
1036 3651 1121 3731 gravi
1134 3651 1221 3732 culpa
1232 3659 1429 3728 excusantur,

152 3739 212 3820 qui
229 3739 346 3802 babent
363 3737 567 3803 attentionem
584 3739 766 3814 virtualem,
782 3737 815 3800 id
831 3743 877 3800 est
896 3737 952 3819 qui
971 3739 1028 3802 sub
1046 3739 1136 3803 initio
1155 3739 1361 3803 intentionem
1377 3741 1432 3803 ba·

71 3859 73 3862 ·
150 3829 293 3891 buerunt
309 3827 502 3902 attendendi,
519 3835 552 3891 at
569 3833 674 3910 postea
689 3827 736 3890 ita
749 3825 979 3904 distrahuntur,
995 3828 1090 3891 etiam
1104 3834 1168 3892 toto
1182 3827 1264 3892 Sacri
1280 3834 1430 3911 tempore,

152 3919 196 3980 ut
210 3923 314 3979 tarnen
327 3916 460 3997 priorem
473 3916 678 3979 intentionem
693 3933 757 3978 non
774 3919 909 3978 mutent.
926 3917 961 3978 ld
973 3921 1079 3980 autern
1094 3916 1214 3979 evenire
1230 3921 1345 3996 potest,
1363 3917 1433 3980 licet

153 4004 332 4068 voluntarie
344 4005 567 4078 distrabantur,
582 4005 609 4067 si
620 4005 744 4068 aliunde
756 4021 819 4066 non
832 4005 993 4068 advertant
1007 4023 1038 4068 se
1051 4005 1088 4068 ab
1101 4005 1167 4085 ipsa
1180 4005 1273 4068 Missa
1287 4004 1430 4068 distrahi.

149 4127 198 4142 -
211 4092 247 4156 S.
262 4093 334 4176 Lep.
351 4115 382 4155 ιι.
398 4099 467 4158 313.

199 4185 233 4246 6ο
254 4182 381 4246 Minime
396 4188 501 4245 autem
521 4183 733 4257 satisfaciunt,
749 4181 805 4264 qui
823 4182 861 4244 de
878 4200 911 4244 re
928 4179 1007 4244 seria
1024 4179 1259 4244 confabulantur
1276 4201 1330 4264 per
1345 4191 1433 4246 nota-

149 4271 252 4336 bilem
268 4271 367 4334 blissae
384 4277 520 4352 partem,
539 4271 587 4335 vel
605 4271 757 4351 imagines
776 4273 892 4333 attente
913 4269 1124 4343 considerant,
1146 4278 1310 4351 apparatus
1329 4272 1435 4354 templi

149 4359 253 4426 oculis
267 4360 418 4434 lustrant,
433 4359 649 4440 inscriptiones
664 4364 718 4422 aut
731 4359 790 4421 alia
801 4358 927 4439 profana
938 4359 1060 4438 legunt,
1075 4357 1217 4421 scientias
1231 4361 1433 4436 meditantur,

149 4448 292 4532 pingunt
304 4454 358 4511 aut
370 4447 432 4511 alia
442 4447 556 4510 similia
567 4453 733 4529 peragunt,
743 4446 805 4510 uisi
816 4447 881 4511 haec
892 4447 966 4510 fiant
977 4445 1162 4529 interrupte,
1172 4453 1227 4510 aut
1237 4448 1281 4510 ita
1291 4455 1326 4512 ut
1336 4457 1436 4513 atten·

152 4537 277 4602 tionem
291 4554 354 4600 non
368 4535 494 4600 omnino
508 4535 692 4618 impediant.
704 4573 742 4583 -
753 4535 780 4600 S
784 4535 867 4618 ,ιιι
883 4556 914 4597 ιι.
928 4539 996 4598 317.
1005 4571 1044 4580 -
1057 4535 1089 4600 V.
1100 4535 1207 4615 Casus,
1222 4558 1254 4600 ιι.
1264 4543 1323 4602 345
1334 4549 1363 4600 et
1375 4557 1434 4620 seq.

255 4651 327 4697 mur.
338 4671 366 4690 -ι
381 4653 439 4697 Τοιι.
452 4647 471 4698 1.
1314 4641 1346 4692 19
