3156 5026
187 195 256 256 tls
714 203 922 248 resonares

225 325 261 384 2⁰
280 319 312 382 Si
321 317 392 400 quis
401 319 502 380 totum
512 321 645 395 nequeat
657 314 833 388 restituere,
845 322 874 376 et
886 315 923 376 de
933 332 967 377 ro
977 313 1126 378 divisibili
1135 321 1255 395 agatur,
1268 318 1307 379 ad
1318 324 1457 398 partem,

184 425 278 494 quam
287 407 398 490 possit,
411 410 542 468 ιοιιιιιιι.
555 407 686 467 Persona
694 402 778 466 enim
787 404 859 466 laesa
866 406 919 484 jus
928 403 1023 467 babet
1033 403 1071 468 ad
1085 404 1221 485 singulas
1231 411 1349 485 partes,
1362 407 1454 472 sicuti

183 501 221 563 ad
233 506 346 562 totum.

223 593 258 652 3⁰
277 585 334 660 Qui
347 585 412 648 leve
426 585 577 646 damnum
589 580 728 663 proximo
741 579 864 654 intulit,
837 585 1001 644 ttenetur
1014 581 1053 644 ad
1066 582 1294 648 restitutionem
1310 603 1382 665 erga
1399 585 1451 649 dc

181 677 305 741 minum
322 674 428 738 lasum
442 671 496 734 aab
512 672 585 750 levi,
601 676 634 733 et
646 685 717 732 cum
733 669 926 732 incommodo
941 669 986 732 rei
1003 671 1243 772 proportionat03
1262 673 1352 736 debet
1364 675 1450 738 enim

179 763 314 847 reparari
333 761 489 845 injustitia
505 759 581 824 levis
600 759 657 821 sub
674 758 754 832 levi,
774 757 854 820 sicut
875 757 976 838 graus
998 759 1055 821 sub
1076 760 1172 840 grati.
1193 761 1324 825 Facilius
1344 767 1452 828 ιοιιιοιι

179 855 283 917 adesse
303 857 378 914 tunc
397 855 497 932 potest
516 854 565 910 rat
566 847 595 910 ιο
615 865 763 910 excusans
783 864 802 908 a
821 845 1033 922 restitutione,
1054 847 1254 929 presertim
1244 851 1304 931 1psi
1323 853 1449 916 domino

178 941 323 1005 laedenda.
342 940 374 1003 Si
388 944 493 1001 autem
506 938 543 1000 de
556 953 589 1000 re
602 935 759 998 levissima
771 941 890 1015 agatur,
906 934 1069 1000 difficultas
1085 955 1287 1022 quascumque
1301 939 1448 1016 sufficiet,

177 1030 412 1112 utpauperibus
426 1033 488 1090 rest
475 1025 581 1089 titutio
594 1025 660 1088 lieri
673 1025 779 1105 possit.
793 1023 883 1086 -S.
899 1023 969 1106 Lip.
985 1045 1016 1087 ιι
1033 1029 1103 1090 tlte.

216 1125 250 1184 ιι
271 1117 469 1181 Αιιιοιιιιιοιιο
484 1115 632 1194 indignus
646 1113 758 1176 merito
773 1113 916 1188 babetur,
931 1113 987 1194 qni
999 1123 1120 1180 namet
1133 1117 1365 1182 restitutionem
1379 1137 1446 1200 pre

175 1209 313 1284 mittere;
328 1225 384 1288 qm
374 1203 567 1268 haeredibus
582 1202 647 1265 suls
661 1219 767 1266 curam
780 1201 963 1264 restituendi
979 1203 1141 1286 relinquit,
1154 1206 1230 1270 dum
1244 1225 1298 1287 par
1310 1206 1446 1288 seipsam

174 1297 207 1360 id
227 1297 321 1360 lacere
341 1301 454 1376 potest;
476 1291 531 1378 qui
549 1310 607 1355 aere
623 1289 721 1354 alieno
739 1295 897 1371 gambas,
915 1291 949 1353 in
968 1291 1068 1367 victu,
1088 1293 1219 1368 vestitu,
1239 1294 1442 1372 famulatu...,

173 1386 324 1469 ejusmodi
342 1399 487 1466 expensas
506 1380 605 1456 subit,
623 1380 661 1442 ob
680 1396 757 1460 quas
775 1379 936 1460 praevidet,
956 1398 987 1442 se
1000 1387 1104 1462 postea
1122 1382 1297 1447 debitorum
1316 1404 1443 1450 suornm

173 1471 319 1538 solutioni
332 1473 481 1553 imparem
497 1470 570 1534 lore.
588 1469 672 1532 ldem
686 1467 850 1530 dicendum
863 1468 900 1531 de
913 1467 966 1532 illo
979 1470 1049 1550 qui,
1063 1470 1144 1534 bona
1155 1473 1291 1552 madens
1301 1473 1443 1550 fortuna,

172 1579 234 1625 non
249 1563 319 1628 vale
335 1569 452 1624 statum
467 1577 560 1622 suum
574 1557 724 1640 paulatim
738 1557 893 1632 minuere,
907 1564 944 1620 ut
956 1557 1157 1622 creditoribus
1175 1560 1350 1625 satisfaciat.
1365 1567 1443 1628 Cum

171 1669 206 1714 eo
224 1657 343 1724 autenm
364 1649 434 1731 qui,
452 1647 500 1711 bis
519 1647 568 1712 vel
586 1653 633 1710 ter
652 1664 683 1709 se
701 1645 922 1709 restituturum
943 1647 1110 1728 pollicitus,
1131 1649 1291 1730 promissis
1311 1652 1448 1716 minime

171 1740 269 1816 stetit,
292 1738 450 1821 prudentis
471 1734 651 1800 (ιοιιιοιιιιιι
670 1734 729 1798 erit
743 1735 882 1817 judicare
899 1755 939 1798 an
955 1736 1111 1800 restitutio
1131 1746 1204 1802 ante
1219 1739 1442 1806 absolutionem

171 1829 319 1910 exigenda
333 1827 389 1902 sit,
403 1843 508 1889 necne.

210 1921 242 1982 5⁰
263 1921 320 1982 Nec
340 1914 515 1979 absolvendi
534 1921 608 1977 sunt
626 1914 681 1996 qui
702 1913 805 1977 futiles
823 1920 990 1994 praetextus
1007 1915 1140 1979 affenmt
1155 1919 1194 1980 ad
1212 1919 1435 1982 restitutionem

168 2005 383 2080 differendam,
401 2023 431 2067 v.
447 2023 505 2084 gn,
521 2003 577 2084 qui
590 2003 728 2066 dictitare
747 2003 866 2065 solent:
882 2003 955 2066 Non
972 2005 1101 2085 afferam
1117 2005 1195 2067 bena
1210 2026 1278 2068 mea
1296 2011 1329 2068 ιἰι
1343 2017 1435 2070 tama-

170 2096 285 2169 Ιιιιιι...;
298 2095 462 2156 restituent
474 2091 655 2168 haeredes...,
672 2099 804 2153 statuum
819 2091 851 2152 ιἰι
867 2101 1041 2154 testamento
1051 2092 1226 2174 fodendum
1240 2115 1301 2159 esse
1313 2101 1437 2158 reatitu-

168 2189 337 2261 lionem...;
353 2183 400 2244 vel
417 2201 424 2244 :
444 2181 514 2243 lam
531 2185 667 2263 praecepi
684 2179 761 2262 filiis
778 2181 850 2242 meis
871 2191 906 2242 ut
924 2183 1148 2263 ριιοιιιριιιιιιιιιι
1162 2183 1221 2264 ipsi
1235 2189 1437 2248 ιιιιιιιιιιιιι...

167 2275 243 2340 ltlale
260 2272 344 2334 enim
359 2270 500 2351 dispositi
515 2269 679 2352 reputandi
697 2275 786 2344 sunt,
807 2266 862 2350 qaai
879 2268 975 2332 lacere
993 2271 1102 2334 nolunt
1121 2269 1172 2334 bic
1190 2279 1220 2334 et
1234 2291 1335 2348 nunc,
1350 2275 1437 2356 quid-

167 2362 243 2442 quid
261 2359 416 2424 moraliter
434 2363 563 2439 possunt
582 2359 621 2421 ad
640 2357 780 2439 proximo
799 2357 1048 2421 satisfaciendum
1066 2379 1073 2421 :
1091 2365 1124 2423 l⁰
1140 2359 1213 2441 quia
1228 2361 1441 2426 indesinenter

167 2456 256 2530 urget
270 2447 475 2512 restitutionis
488 2453 688 2528 preceptum,
700 2451 730 2508 et
741 2446 870 2508 creditor
883 2445 1032 2528 injuriam
1046 2455 1077 2510 et
1089 2467 1168 2529 sepe
1177 2449 1269 2511 etiam
1281 2450 1436 2513 danmunr

166 2557 204 2601 ex
222 2538 366 2601 diletione
384 2537 514 2618 patitur;
533 2541 566 2598 ιι
583 2535 657 2616 quia
674 2536 753 2598 male
773 2534 951 2616 providetur
969 2537 1156 2600 restitutioni
1178 2535 1332 2611 faciendae,
1351 2539 1432 2600 barro

166 2627 384 2692 committendo
394 2625 580 2698 haeredibus,
592 2631 623 2686 ot
633 2624 686 2686 isti
697 2624 781 2686 enim
793 2623 936 2686 similiter
947 2625 986 2686 ad
997 2625 1070 2688 vitas
1080 2644 1140 2689 suu
1152 2625 1241 2686 finem
1253 2625 1428 2704 protrahere

165 2719 305 2780 eamdem
319 2721 462 2796 possunt;
479 2719 512 2778 3⁰
526 2712 599 2795 quia
612 2713 688 2776 lorte
704 2711 798 2775 deerit
813 2717 936 2794 tempus
953 2717 1173 2778 testamentum
1186 2713 1347 2788 condendi,
1363 2715 1428 2788 vel,

165 2806 193 2870 si
212 2807 370 2879 condatur,
386 2804 463 2866 forte
483 2803 578 2866 etiam
596 2801 690 2866 ruiis
708 2801 864 2864 decausis
882 2809 937 2864 aut
950 2803 1150 2883 pratentibus
1170 2800 1339 2866 manationi
1353 2797 1433 2866 sslud

164 2913 227 2957 non
240 2892 381 2956 mandari
395 2892 559 2972 continget.

204 2987 237 3046 6⁰
251 2985 345 3045 Caute
357 2999 444 3061 egere
460 2981 549 3044 debet
561 2979 767 3042 confessarius
781 2997 852 3042 cam
868 2978 1061 3042 moribundis
1075 2979 1265 3044 restitutioni
1281 2979 1431 3044 obnoxiis.

164 3071 212 3134 Sic
224 3078 328 3133 atatem
342 3070 499 3149 procedere
513 3068 626 3150 poterit
640 3089 647 3129 :
665 3073 697 3131 l⁰
710 3069 742 3132 Si
756 3067 906 3148 poenitens
918 3067 1058 3130 videatur
1074 3087 1139 3131 esse
1152 3070 1187 3131 in
1199 3069 1278 3132 bona
1291 3069 1365 3145 tide,
1379 3086 1430 3133 nec

164 3159 296 3240 supersit
309 3165 430 3239 tempus
445 3175 517 3220 eum
529 3158 566 3220 de
581 3175 636 3218 sua
651 3156 833 3236 obligatione
844 3157 1009 3236 prudenter
1024 3157 1184 3233 monendi,
1200 3162 1254 3220 aut
1268 3158 1431 3238 previdea-

164 3255 216 3311 tur
234 3267 295 3310 non
311 3245 503 3327 probituram
520 3263 584 3308 esse
602 3244 817 3320 monitionem,
831 3246 888 3307 hac
901 3244 1027 3320 omissa,
1046 3245 1106 3307 erit
1121 3247 1335 3310 absolvendus.
1353 3250 1385 3308 ιι
1401 3247 1429 3310 sl

163 3355 234 3400 vero
245 3335 362 3399 unctus
377 3333 557 3398 monitionis
572 3341 720 3414 speretur,
736 3339 791 3396 aut
805 3333 832 3395 si
846 3333 996 3413 paenitens
1012 3352 1075 3398 non
1089 3333 1175 3397 sitin
1191 3334 1358 3410 bonafide,
1373 3333 1429 3398 fer-

162 3424 236 3488 titer
250 3424 344 3488 simul
362 3429 394 3486 et
413 3421 547 3486 suaviter
561 3423 770 3485 admonendus
784 3421 844 3484 erit
861 3423 898 3485 do
916 3421 1118 3486 restitutionis
1136 3422 1335 3503 obligatione,
1352 3425 1430 3486 etad

161 3512 247 3575 illam
260 3513 366 3576 statim
378 3512 580 3593 peragendam
594 3511 798 3592 adjuvandus.
815 3516 846 3575 3⁰
858 3510 890 3572 Si
904 3511 1047 3591 obligatio
1058 3511 1174 3574 occulta
1186 3513 1245 3588 sit,
1257 3529 1314 3575 nec
1326 3511 1430 3574 statim

161 3601 227 3665 lieri
241 3607 348 3682 quest,
358 3602 417 3664 erit
427 3600 617 3663 inducendus
630 3617 707 3680 aeger
719 3601 756 3663 ad
771 3617 926 3662 summam
936 3600 1072 3680 pecuniae
1085 3601 1145 3663 sibi
1157 3599 1361 3674 confessario,
1378 3619 1431 3662 seu

160 3689 277 3770 polius,
293 3691 320 3752 si
333 3690 399 3754 fieri
416 3689 529 3771 possit,
545 3688 612 3751 viro
626 3687 706 3751 fideli
720 3688 981 3763 committendam,
995 3695 1033 3752 ut
1045 3695 1149 3770 postea
1162 3687 1305 3752 creditori
1322 3691 1429 3752 secrete

159 3777 381 3854 committatur,
398 3779 445 3840 vel
459 3779 497 3840 ad
511 3795 579 3840 eam
591 3791 746 3840 summam
756 3777 791 3838 in
802 3783 985 3858 testamento
996 3776 1056 3857 ipsi
1063 3777 1307 3858 mlinaptendam
1316 3776 1428 3840 omissa

158 3867 363 3931 restitutionis
382 3865 548 3930 mentione.
560 3871 594 3929 ιι
606 3865 640 3931 si
651 3865 795 3946 obligatio
812 3884 876 3929 non
889 3865 931 3928 sit
940 3867 1070 3940 ooeulta,
1083 3865 1257 3928 neestatim
1269 3864 1428 3946 adimpleri

158 3956 269 4037 possit,
284 3955 489 4020 confessarius
505 3953 615 4018 efficiat
628 3959 664 4017 ut
677 3973 731 4035 per
748 3955 883 4018 heoredes
900 3961 981 4018 certo
993 3954 1130 4018 bcmnda
1143 3961 1279 4028 curetur,
1300 3954 1365 4018 sive
1378 3971 1433 4034 per

159 4045 333 4108 schedulam
345 4043 485 4110 creditori
500 4043 695 4118 uadentem,
711 4049 767 4107 etc.
783 4080 822 4090 -
845 4043 878 4107 V.
896 4042 1005 4121 Casas,
1018 4064 1051 4111 ιι.
1065 4047 1124 4108 580
1135 4053 1163 4108 ιι
1176 4063 1238 4126 seq.
