3206 5024
171 210 240 270 361
701 219 914 267 sanaturus

171 330 321 414 generalis
334 331 521 413 dispensatio
535 331 573 394 ab
588 331 640 395 iila
653 332 733 412 lege,
750 331 776 394 si
793 331 883 411 pauci
896 331 960 396 dies
979 331 1181 412 excipiantur.
1202 334 1267 395 lmo
1287 333 1323 395 in
1341 333 1451 396 multis

172 420 353 485 dioecesibus
368 420 527 501 Episcopi,
543 439 581 483 en
595 421 733 502 delegata
747 423 911 484 aldemano
921 421 1065 484 Pontifice
1076 418 1234 496 facultate,
1251 423 1352 504 quoad
1363 440 1453 484 esum

171 527 293 592 quoque
305 509 406 572 carnis
418 526 473 589 pro
486 507 637 590 praecipua
648 515 734 590 parte
744 507 987 589 Quadragesimae
997 508 1255 590 dispensationem
1269 511 1452 574 concedunt.

213 601 379 672 Ceterum,
391 597 537 679 quamvis
551 616 622 661 esus
636 616 767 661 ovorum
781 604 812 660 ct
825 596 1051 660 lacticiruorum
1064 616 1083 660 a
1094 605 1213 680 peccato
1225 600 1327 679 gravi,
1339 620 1398 682 per
1407 619 1452 676 sc,

172 686 310 750 exctasari
329 704 392 750 non
408 690 508 766 posset
523 689 615 768 juxta
636 704 831 749 communem
846 686 1048 762 sententiam,
1064 687 1182 750 facilius
1196 693 1299 750 tamen
1314 687 1455 751 materias

172 775 308 858 partitas
320 774 354 836 in
368 774 434 850 bis,
450 793 545 856 quam
558 775 592 837 in
607 793 662 838 esu
677 775 794 850 carnis,
811 775 1002 838 admittenda
1014 775 1148 839 videtur.

297 929 492 1005 Quaesita.

215 1078 285 1138 503.
299 1110 339 1119 —
352 1077 454 1151 Qatnu.
474 1079 506 1136 10
519 1075 570 1135 An
583 1073 766 1135 abstinentia
778 1093 797 1134 a
810 1073 975 1136 lacticiniis
984 1073 1103 1136 servari
1112 1071 1217 1136 deleat
1229 1078 1317 1136 etiam
1328 1075 1458 1158 injeja-

175 1167 226 1225 nio
237 1171 327 1224 entra
340 1172 457 1244 tempas
472 1161 763 1244 quadragesimale?

216 1252 304 1333 Resp.
326 1251 405 1332 tteq.
423 1251 500 1326 Quia
515 1250 694 1332 hujusmodi
712 1250 856 1331 obligatio
870 1251 955 1313 nulla
974 1251 1104 1332 generali
1122 1251 1186 1332 lege
1199 1251 1382 1333 imponitur.
1400 1255 1456 1314 Est

177 1340 329 1403 sententia
343 1339 531 1416 commentis,
553 1339 597 1402 ait
615 1339 653 1403 S.
674 1340 743 1420 Liq.
766 1359 797 1400 n.
817 1343 908 1404 1000.
924 1339 1046 1402 Aiicubi
1064 1345 1185 1414 tamen,
1203 1360 1234 1404 r.
1256 1359 1316 1420 gn,
1331 1345 1453 1414 Roma,

176 1428 311 1491 invainit
325 1428 529 1503 consuetude,
546 1427 664 1491 habens
683 1428 748 1491 vim
767 1426 859 1508 legis,
877 1434 915 1490 ut
933 1427 1027 1491 etiam
1041 1428 1228 1508 quibusdam
1246 1427 1314 1490 aliis
1332 1428 1452 1503 diebus,

177 1537 208 1580 v.
226 1536 285 1596 gn,
302 1522 434 1596 quatuor
446 1516 663 1596 Temporibus,
677 1517 828 1598 ejusmodi
842 1516 1029 1579 abstinentia
1043 1523 1142 1580 servet
1184 1565 1190 1578 .

216 1606 317 1678 Quaen.
343 1609 377 1667 00
398 1605 450 1667 An
468 1605 652 1669 abstinentia
665 1626 685 1666 a
704 1604 867 1668 lacticiniis
884 1605 1003 1668 servari
1016 1605 1122 1668 debeat
1139 1605 1173 1666 in
1191 1605 1359 1668 Dominicis
1374 1607 1455 1682 Ona·

175 1693 235 1755 dra
256 1691 373 1757 ssimae?

217 1713 308 1864 1190ορ.
321 1784 345 1844 Α
352 1781 463 1866 ffirm,
476 1781 549 1863 quia
563 1783 646 1845 diem
659 1782 850 1845 Dominicam
860 1799 958 1862 neque
967 1783 1016 1844 lex
1025 1801 1124 1864 neque
1133 1784 1320 1846 consuetudo
1331 1783 1450 1864 excipit.

178 1907 219 1917 -
234 1870 270 1933 S.
286 1871 371 1953 tta,
388 1892 420 1932 n.
431 1875 521 1946 1007,
538 1879 567 1932 ct
580 1870 638 1932 alii
654 1873 861 1948 communiter,
875 1876 980 1932 contra
994 1871 1171 1947 nonnullae,
1189 1889 1324 1952 quorum
1334 1877 1450 1934 senten-

177 1960 223 2022 tia
238 1977 299 2022 nou
314 1965 360 2021 cst
373 1958 538 2040 probabilis
548 1961 641 2041 iuxta
656 1958 692 2022 S.
710 1960 792 2040 Lip,
810 1959 885 2022 ibid.

219 2053 289 2112 aot.
306 2084 345 2093 -
356 2050 458 2122 Quaen.
474 2052 507 2110 3⁰
522 2049 573 2110 Aa
588 2057 720 2130 tempore
730 2047 974 2130 Quadrapcsimae
989 2048 1077 2110 lc'ccat
1089 2051 1122 2110 in
1134 2048 1296 2130 refectione
1310 2047 1451 2111 cannalcre

176 2157 271 2220 panes
285 2140 347 2198 cois
360 2135 528 2214 consectas?

221 2226 311 2306 [terp.
325 2225 418 2307 Nep,
435 2225 496 2288 nisi
513 2243 571 2288 ova
588 2224 705 2288 fitecint
722 2225 885 2306 permissa;
901 2225 979 2288 ratio
994 2231 1054 2300 est,
1075 2225 1149 2306 quia
1162 2243 1270 2288 eoram
1284 2224 1454 2290 substantia

181 2331 242 2376 non
256 2314 432 2393 deperditur
445 2332 483 2376 ex
496 2332 530 2378 eo
544 2314 627 2394 quod
638 2313 744 2376 farinas
753 2314 930 2377 misceatur.
944 2313 982 2377 S.
998 2315 1068 2396 Lip.
1080 2335 1111 2375 n.
1124 2317 1214 2388 1000,
1230 2321 1287 2378 010.

222 2405 324 2477 Qtnu.
340 2406 373 2464 4⁰
388 2402 441 2464 Ad
455 2402 625 2485 dispensati
638 2401 680 2463 ad
693 2403 848 2464 lacticinia
862 2412 1041 2465 censeantur
1055 2423 1087 2465 00
1102 2404 1168 2486 ipso
1178 2407 1267 2466 etiam
1285 2401 1460 2484 dispensati

179 2511 238 2574 pro
253 2489 338 2552 acis?

222 2580 310 2663 Hesp.
327 2580 469 2664 Alpina,
488 2578 561 2660 quia
578 2580 643 2642 haec
665 2599 703 2641 ec
721 2579 931 2642 consuetudine
951 2581 1192 2663 aequiparantur,
1213 2578 1273 2642 nisi
1295 2576 1453 2641 distinctio

184 2669 262 2732 clare
279 2670 312 2732 in
325 2669 550 2750 dispensatione
562 2667 764 2748 exprimatur.

224 2761 326 2832 Quen.
343 2762 376 2821 5⁰
390 2757 439 2818 An
456 2757 624 2846 dispensati
639 2757 680 2818 ad
695 2776 798 2819 carnes
815 2757 920 2818 alietas
931 2757 1049 2840 jejunii
1062 2759 1182 2840 possint
1200 2756 1347 2821 comedere
1365 2757 1457 2817 etiam

182 2846 300 2928 pisces?

226 2933 315 3014 Hesp.
326 2933 401 3015 Nep.
416 2933 443 2997 si
457 2940 566 3014 agatur
581 2935 617 2997 de
632 2934 823 2998 comedendis
832 2935 967 3014 piscibus
981 2936 1016 2998 in
1030 2937 1135 2999 eadem
1148 2935 1320 3000 refectione.
1332 2937 1457 2998 Constat

185 3041 223 3086 ex
236 3021 365 3085 Constit.
381 3025 492 3086 Bened.
508 3025 577 3088 XIV
593 3043 600 3085 :
619 3023 689 3086 Non
705 3023 898 3104 ambipimas.

686 3201 898 3265 ARTICULUS
921 3203 961 3262 111

610 3347 653 3392 nn
683 3347 777 3392 nona
805 3347 1040 3392 nannarrorus

227 3491 345 3556 Nostris
359 3491 409 3554 his
421 3491 625 3572 temporibus,
639 3510 677 3554 ex
689 3492 855 3554 universali
867 3491 1094 3570 consuetudine,
1108 3489 1190 3554 licite
1201 3491 1323 3554 reiectio
1334 3489 1394 3554 lere
1406 3487 1461 3552 sub

188 3579 315 3642 meridie
327 3580 473 3643 sumitur.
489 3616 528 3625 —
541 3578 575 3642 S.
588 3581 658 3662 Lip.
674 3585 814 3658 0.1010;
831 3579 922 3644 Hom.
938 3589 1045 3664 apost,
1059 3600 1141 3642 nam.
1157 3583 1188 3644 9.
1243 3631 1246 3638 ,

311 3734 504 3811 Quaesita.

230 3881 300 3942 505.
316 3915 356 3926 -
368 3882 470 3956 Quina.
489 3884 522 3942 i⁰
541 3878 589 3940 An
603 3879 677 3941 loro
691 3878 867 3960 resectionis
880 3882 1035 3961 pertineat
1053 3879 1096 3942 ad
1110 3877 1264 3942 amentiam
1274 3877 1410 3960 Mucii,
1424 3877 1468 3938 ita

189 3976 224 4028 nt
232 3971 370 4048 praviter
382 3977 499 4050 peccet,
516 3968 571 4050 qni
582 3967 758 4030 notabiliter
774 3987 841 4031 eam
856 3968 1026 4050 anticipet?

230 4057 321 4138 Resp.
338 4075 351 4118 .·
364 4055 620 4120 Controvertitar.
634 4056 750 4136 Duplex
759 4063 806 4120 est
818 4058 966 4119 sententia
976 4057 1157 4136 prolatilis.
1171 4057 1196 4118 A
1201 4055 1325 4139 [firmat
1333 4053 1369 4118 S.
1382 4055 1466 4136 110,

189 4143 279 4206 Ham.
297 4154 394 4227 apost.
411 4167 443 4207 n.
458 4151 549 4220 01,οτ
562 4145 620 4207 alii
633 4146 733 4208 malti.
748 4149 866 4226 Negant
875 4164 945 4208 vero
959 4145 1135 4229 Lnymann,
1151 4145 1262 4220 Elbel,
1280 4145 1396 4228 aliique
1410 4163 1470 4204 non

190 4234 294 4314 pauci.
319 4233 425 4323 Prapis
442 4234 551 4315 primas
570 4233 728 4297 sententiae
747 4251 878 4296 consona
896 4233 1020 4298 videtur
1032 4233 1233 4316 praeierenda,
1250 4233 1312 4296 nisi
1331 4231 1472 4313 legitima

192 4319 328 4384 locorum
342 4324 527 4386 consuetudo
542 4323 626 4386 aliud
640 4322 809 4404 permittat.

232 4410 333 4482 Quen.
349 4413 383 4469 2⁰
397 4408 449 4540 Aa}
460 4409 625 4491 frangatur
636 4412 804 4494 jejuniam,
826 4416 854 4474 si
870 4413 986 4476 coennla
1003 4412 1141 4492 meridie,
1162 4411 1402 4494 refectionalem
1420 4429 1471 4472 oc-

193 4513 278 4576 sperc
292 4504 440 4556 sumatur.
