3206 5024
769 167 974 216 TRACTATUS
1040 201 1043 206 -

764 395 942 472 CAPUT
968 397 984 472 Ι

725 592 776 642 ne
801 591 1014 642 nanoscro

753 789 968 852 ARTICULUS
986 788 1002 850 1

672 945 711 988 ua
730 931 882 989 nanneno
903 943 937 987 rs
957 942 1073 988 cannen

280 1094 350 1153 l38.
359 1088 602 1152 ——Mendaoium
616 1094 662 1151 est
675 1089 842 1152 locutiorel
856 1087 1036 1168 significatio
1050 1093 1157 1150 contra
1170 1093 1307 1151 mentem
1322 1090 1514 1155 mmvolun-

240 1185 303 1242 tate
318 1177 451 1240 fallendi.
467 1176 711 1240 simeonibus
727 1179 773 1240 vel
786 1178 887 1258 aliquo
902 1176 989 1252 lacto,
998 1175 1152 1241 simulatio
1166 1183 1301 1252 vocatur,
1318 1195 1388 1258 qua
1400 1179 1513 1243 iterum

239 1269 405 1350 hypocrisis
431 1265 554 1341 dicitur,
581 1267 702 1347 quando
724 1265 794 1346 quis
816 1265 942 1328 alterius
963 1283 1123 1346 personam
1147 1265 1297 1328 simulat:
1319 1286 1350 1329 v.
1367 1285 1425 1348 gn,
1442 1285 1514 1332 cum

239 1362 377 1438 peccator
398 1354 525 1417 simulat
544 1372 704 1436 personam
724 1355 815 1436 justi.
832 1355 922 1418 Scoo.
939 1389 979 1399 -
993 1353 1116 1434 Triplex
1138 1353 1343 1436 distinguitur
1362 1356 1514 1420 mendacii

241 1463 338 1526 genus
351 1464 358 1506 :
373 1450 405 1507 1⁰
423 1443 614 1517 damnosum,
635 1462 696 1524 quo
718 1443 874 1506 mediante
897 1444 1053 1525 injustum
1078 1442 1228 1506 damnum
1251 1443 1340 1509 alieni
1364 1443 1512 1522 insertum

240 1539 273 1597 2⁰
288 1533 472 1614 officiosam,
491 1533 572 1613 quod
595 1532 742 1594 utilitatis
762 1551 824 1594 sua
837 1533 884 1594 vel
905 1532 1011 1595 aliena
1029 1530 1127 1612 gratia
1143 1531 1308 1611 profertum
1323 1537 1356 1597 3⁰
1366 1535 1511 1616 jocosos,

240 1623 322 1704 quod
335 1622 370 1684 fit
384 1641 422 1683 ex
432 1623 498 1701 joco
509 1627 540 1683 et
555 1621 617 1682 sola
630 1621 768 1700 nugandi
780 1639 882 1686 causa.

361 1775 586 1855 Principia.

281 1921 457 1988 lta-1.
480 1919 673 1984 Mendacium
696 1919 814 2001 proprie
840 1919 960 1982 dictum
982 1925 1028 1983 est
1051 1937 1169 2003 semper
1195 1920 1362 1986 intrinsece
1383 1923 1514 1989 malum.

241 2011 332 2078 Ratio
346 2017 403 2084 est,
420 2015 453 2074 1⁰
468 2009 543 2091 quia
555 2015 644 2072 recta
660 2008 772 2072 rationi
787 2015 937 2088 repugnat
950 2009 1075 2072 vocibus
1089 2009 1137 2072 uti
1150 2015 1256 2072 eontra
1269 2027 1377 2074 earnm
1389 2014 1516 2074 natura-

241 2101 303 2164 lem
325 2100 419 2162 finem
437 2104 467 2161 et
489 2097 734 2172 institutionem;
749 2101 783 2160 2⁰
797 2097 870 2178 quia
887 2097 913 2159 si
927 2097 1002 2160 alios
1016 2097 1050 2159 in
1068 2097 1218 2178 loquendo
1239 2099 1373 2179 decipere
1392 2097 1512 2174 ficeret,

242 2190 314 2252 ordo
328 2187 488 2262 societatis,
506 2185 561 2268 qui
575 2193 685 2248 mutuo
705 2185 869 2248 hominum
885 2185 1063 2248 commercio
1077 2185 1203 2263 nititur,
1217 2187 1345 2250 omnino
1358 2185 1515 2250 subverte·
1588 2181 1589 2220 0

240 2282 338 2340 retur.
354 2276 443 2350 Hine,
457 2275 568 2338 coloss.
582 2293 617 2350 11,
634 2274 786 2338 9:Nolite
798 2277 923 2335 mentiri
932 2276 1119 2337 ioor'rem.-
1133 2275 1171 2337 S.
1184 2275 1289 2338 Ttom.
1303 2279 1333 2338 i.
1347 2280 1390 2353 2.,
1402 2281 1513 2358 pili),

240 2375 301 2426 ort.
318 2369 348 2428 3.
368 2399 408 2410 —
421 2365 454 2426 S.
466 2365 547 2446 Aug.
563 2363 615 2425 lib.
631 2363 667 2424 de
679 2363 836 2426 Mendacio
851 2371 879 2425 et
892 2372 996 2426 contra
1011 2363 1213 2426 Mendacium.

282 2455 319 2515 11.
341 2451 534 2516 Mendesium
555 2452 730 2514 damnosum
753 2469 843 2532 grave
866 2458 913 2514 est
934 2471 989 2533 pro
1013 2453 1129 2516 ratione
1151 2453 1253 2516 damni
1272 2455 1353 2534 quod
1375 2453 1523 2534 proximo·
1587 2535 1588 2538 Ἴ

241 2541 389 2616 infertum
405 2540 520 2604 idcirco
532 2541 675 2622 obligatio
689 2543 839 2604 damnum
850 2542 1011 2622 reparandi
1026 2561 1064 2603 ex
1075 2561 1109 2605 eo
1121 2542 1267 2624 sequitur.
1282 2541 1385 2603 —lto
1398 2561 1518 2603 omnes.

146 2707 152 2714 Ι
242 2665 282 2676 -
297 2629 333 2692 S.
356 2629 651 2709 Tlom.‚idid.,ort.
668 2635 698 2692 l.
1340 2679 1344 2688 .

282 2721 332 2781 ΙΙΙ.
347 2720 539 2784 Mendacium
553 2719 722 2802 officiosum
735 2725 893 2802 peccatum
909 2719 1027 2786 vernale
1039 2725 1084 2782 est
1094 2741 1156 2802 per
1170 2738 1210 2798 sc,
1226 2717 1299 2800 quia
1311 2717 1346 2780 in
1359 2735 1394 2779 eo
1408 2718 1519 2798 gravis

242 2806 432 2872 deordinatio
452 2827 515 2871 non
537 2809 786 2889 apprehenditur.
805 2843 845 2854 -
863 2807 915 2870 lta
934 2827 1042 2870 omnes.
1061 2843 1102 2856 -
1124 2810 1151 2871 A
1172 2808 1294 2889 fortiori
1316 2805 1521 2869 mendacium

234 2893 373 2978 jocosum
383 2915 444 2978 per
459 2917 490 2957 se
504 2896 621 2959 veniale
640 2905 797 2978 peccatum
808 2915 871 2959 non
883 2897 1011 2960 excedit.
1027 2899 1091 2960 lmo
1105 2897 1264 2960 interdum
1274 2895 1317 2970 id,
1333 2895 1419 2978 quod
1430 2913 1519 2958 men·
1586 2911 1587 2914 ’

242 2983 365 3047 dacium
383 2988 522 3065 jocosum
540 2985 664 3062 dicitur,
679 2986 766 3048 omni
783 3005 911 3067 prorsus
929 2987 1017 3066 culpa
1029 2993 1132 3062 vacat;
1149 2985 1224 3067 quia
1245 3003 1309 3048 non
1328 2991 1375 3047 est
1393 2985 1519 3047 menda-

243 3073 327 3134 cium
344 3077 470 3154 proprie
487 3073 620 3150 dictum‚
638 3075 690 3138 sed
707 3078 793 3157 jocus
816 3073 1011 3137 recreationis
1032 3093 1123 3138 causa
1142 3073 1300 3138 adhibitus
1320 3073 1435 3154 absque
1456 3072 1519 3134 ulla

242 3161 414 3224 intentione
434 3161 530 3224 alium
552 3163 738 3244 decipiendi,
754 3169 785 3226 ot
802 3163 928 3244 proinde
942 3182 1004 3226 non
1017 3163 1077 3244 ipsi
1091 3163 1235 3226 convenit
1249 3167 1354 3225 nostra
1367 3159 1517 3224 definitio.

244 3253 306 3314 lloc
323 3253 426 3312 autem
450 3256 573 3314 tantum
593 3252 719 3316 admitti
738 3258 853 3332 potest,
870 3253 992 3333 quando
1006 3252 1079 3314 talia
1096 3258 1171 3315 sunt
1188 3269 1296 3314 rerum
1309 3251 1467 3332 adjuncta,
1481 3255 1521 3310 ut
1585 3269 1586 3316 1

244 3339 402 3402 audientes
422 3339 507 3402 facile
531 3340 698 3422 intelligere
716 3341 836 3421 possint
857 3341 1035 3422 loquentem
1058 3348 1183 3404 tantum
1199 3339 1297 3422 jocari
1315 3340 1399 3404 velle.
1412 3337 1523 3398 -lta

244 3429 448 3490 communiter.

367 3583 577 3648 Resolves

285 3733 355 3792 lto.
374 3765 413 3774 —
432 3735 464 3791 1⁰
479 3732 546 3792 Non
566 3729 762 3792 mentiuntur
780 3729 834 3811 qui
851 3736 992 3792 asserunt
1009 3728 1122 3792 falsum
1140 3731 1221 3810 quod
1242 3730 1372 3792 credunt
1390 3745 1522 3803 rerum,

245 3817 298 3880 sed
312 3821 415 3879 errant
430 3822 564 3879 tantum.
581 3819 606 3878 E
621 3817 771 3880 contrario
785 3819 983 3882 mentiuntur
994 3818 1049 3900 qni
1063 3835 1173 3882 verum
1184 3818 1293 3880 dieunt
1309 3818 1392 3898 quod
1406 3817 1519 3880 laisum

245 3911 407 3985 reputant,
424 3906 497 3986 quia
511 3910 616 3967 contra
630 3911 767 3967 mentem
782 3908 962 3987 loquuntur.

286 3995 320 4054 2⁰
341 3997 406 4056 Non
421 4001 495 4057 sunt
510 3993 668 4056 mendacia
681 3994 847 4058 locutiones
861 3995 998 4075 tropica,
1015 3994 1153 4071 ironicae,
1167 3995 1385 4078 hyperbolica,
1400 4011 1471 4074 qua
1485 3999 1524 4054 ut

246 4081 322 4144 tales
336 4081 422 4145 iacile
435 4083 473 4145 ab
486 4082 683 4146 audientibus
698 4084 791 4164 accipi
807 4090 951 4165 possunt,
965 4090 996 4146 et
1008 4084 1116 4147 solent.
1128 4085 1224 4148 Multo
1236 4083 1342 4146 minus
1352 4082 1522 4164 parabola,

247 4170 360 4251 qrribus
375 4178 440 4234 tam
454 4171 627 4254 frequenter
638 4171 703 4253 ipse
716 4172 858 4235 Christus
868 4173 1028 4236 utebatur.
1040 4208 1082 4220 -
1091 4177 1152 4237 Nec
1165 4177 1238 4236 sunt
1251 4171 1413 4236 mendacia
1425 4170 1525 4252 eequi-

246 4259 434 4336 vooationes,
451 4261 477 4322 si
491 4279 552 4324 non
566 4261 738 4341 impediant
751 4261 919 4342 quominus
934 4279 1041 4324 sensus
1056 4261 1208 4344 loquentis
1222 4261 1360 4342 cognosci
1374 4267 1482 4341 queat.
1582 4275 1583 4310 0

289 4351 321 4409 30
342 4351 409 4411 Non
429 4351 626 4450 mentiuntur
644 4349 698 4431 qui
715 4347 832 4413 fabulas
851 4350 1065 4428 conscribunt,
1087 4352 1133 4414 rel
1149 4369 1187 4414 ex
1203 4353 1269 4432 joco
1290 4349 1401 4414 dicunt
1421 4351 1523 4430 aperto

246 4433 338 4510 falsa,
355 4442 391 4498 ut
404 4437 604 4501 manifestum
617 4445 673 4502 est.
