3136 5034
203 265 271 327 502
736 275 941 320 reseratus

203 408 325 474 quoqne
346 387 467 470 patroni
485 387 545 450 fere
563 387 600 450 ad
621 385 700 449 nihil
718 385 753 449 in
773 385 860 468 praxi
882 385 1037 466 redigrmt.
1057 387 1174 447 Putant
1191 383 1277 446 enim
1297 383 1482 466 hujusmodi

203 481 303 560 legata
314 478 365 559 pia
379 477 490 551 valere,
499 476 527 538 si
540 475 764 538 rationabiliter
776 481 980 556 praesumatur
991 493 1026 536 11
1039 477 1108 536 tum
1122 474 1161 536 ad
1173 473 1415 538 restitutionem
1426 475 1482 537 im-

202 569 355 650 plendam,
371 574 441 629 tum
455 566 495 628 ad
508 583 608 646 preces
622 583 676 645 pro
690 565 795 626 anima
809 563 943 628 defuncti
957 564 1120 644 erogandas
1134 562 1289 624 destinata
1299 561 1414 626 finisse.

243 657 329 720 Addo
336 661 450 730 111111,
461 653 813 730 confessariumhabita
824 652 942 716 ratione
951 650 1132 731 ignorantie
1141 650 1480 734 fideliumquisaepius

204 763 282 825 agre
291 744 351 807 sibi
364 744 494 806 suadent
505 741 663 823 prefatam
674 741 873 804 assertionem
883 759 988 804 veram
997 759 1070 815 esse,
1080 741 1262 821 plerumque
1271 740 1343 803 illos
1356 739 1394 804 in
1404 743 1481 806 bona

205 834 262 896 tide
276 833 447 912 relinquere
461 832 579 896 debere.
595 833 680 908 Quod
695 831 721 893 si
735 831 948 910 interrogetur,
966 837 1003 893 ut
1013 849 1106 911 supra
1116 829 1236 893 dictum
1247 835 1308 906 est,
1318 833 1481 912 responde
1560 845 1561 848 ’

202 922 258 986 bit.
271 957 313 970 -
332 921 367 984 V.
386 921 493 998 Casus,
507 942 539 982 n.
556 923 747 1002 81111111.

322 1076 462 1140 Casus.

242 1225 407 1285 111-10
419 1218 558 1282 handen
572 1239 590 1282 a
608 1219 734 1281 Libone
749 1218 893 1282 familiari
910 1237 964 1281 suo
978 1236 1078 1281 mexe
1092 1217 1172 1282 vivis
1186 1219 1342 1282 decessum
1355 1220 1477 1301 conspi-

203 1328 292 1373 cuam
312 1309 449 1390 pecuniae
472 1327 643 1384 summam,
659 1307 758 1370 instar
778 1306 916 1371 muneris
933 1307 971 1369 de
990 1327 1097 1380 manu,
1115 1313 1152 1370 ut
1170 1307 1274 1382 aiunt,
1295 1309 1335 1370 ad
1354 1329 1476 1370 nanum

202 1403 345 1480 acceptat.
370 1398 515 1460 Defuncto
536 1398 674 1471 Libente,
694 1396 808 1459 dubius
829 1415 997 1477 ancepsque
1015 1395 1165 1474 11111111,
1189 1400 1296 1458 utrum
1320 1405 1390 1460 tuta
1408 1417 1477 1462 cen-

204 1487 330 1552 seientia
344 1488 461 1550 donum
476 1505 596 1551 servare
608 1485 714 1567 possit,
730 1485 860 1565 ignorat.
878 1485 956 1560 Quid
970 1485 1173 1565 interroganti
1187 1487 1384 1565 respondebit
1403 1491 1477 1550 Con·

207 1576 427 1639 1111111111-
442 1577 557 1658 Respa:
572 1575 655 1638 Nihil
671 1593 734 1637 esse
751 1593 805 1636 our
823 1575 962 1636 Leander
976 1575 1012 1636 de
1031 1573 1203 1637 donationis
1215 1575 1314 1636 valore
1333 1576 1477 1650 dubitet,

205 1681 273 1728 earn
288 1665 401 1728 scilieet
414 1665 513 1728 valere
531 1664 579 1726 uti
598 1663 794 1727 donationem
808 1664 891 1724 inter
911 1665 1002 1726 vivos.
1018 1663 1145 1744 Excipe,
1164 1662 1263 1726 t⁰nisi
1280 1663 1406 1726 donatio
1422 1667 1479 1744 jus

205 1753 702 1828 11111111111111111111111111ο
719 1752 781 1814 nisi
801 1752 977 1815 donatarius
995 1751 1142 1815 inhabilis
1163 1752 1204 1815 sit
1220 1753 1258 1814 ad
1275 1753 1477 1816 donationem

200 1844 427 1924 acceptandam.
444 1842 582 1922 Gousset,
599 1862 631 1905 n.
647 1846 721 1917 196,
739 1847 796 1903 etc.

241 1936 273 1994 2⁰
285 1931 458 2014 Polydorus
474 1931 609 1994 moriens
622 1931 697 1994 dicit
709 1932 805 1993 Panlo
819 1930 932 1994 haeredi
943 1931 1077 1994 naturali
1089 1950 1096 1993 :
1108 1932 1226 2012 Sponde
1237 1931 1328 2006 mibi,
1339 1939 1368 1994 te
1380 1932 1478 2012 legata

207 2019 272 2083 haec
287 2023 462 2084 soluturum
478 2039 541 2083 esse
552 2040 560 2082 ε
571 2019 699 2083 haeredis
714 2027 819 2083 antem
830 2019 988 2101 promissis
1003 2020 1145 2096 confisae,
1158 2019 1335 2102 Polydorus
1345 2021 1477 2084 abstinet

201 2109 415 2173 acanticiendo
431 2111 480 2174 vel
494 2110 690 2173 immutando
704 2113 896 2182 testamento,
907 2109 954 2171 sel
965 2109 1004 2170 ab
1016 2108 1127 2172 iisdem
1141 2109 1248 2190 legatis
1260 2110 1475 2173 inscribendis.

200 2199 333 2275 Paulas,
354 2199 514 2280 promissis
536 2199 720 2272 valedicens,
739 2199 843 2261 renuit
861 2198 959 2278 legata
976 2199 1160 2278 persolvere,
1176 2216 1211 2261 eo
1231 2201 1315 2280 quod
1331 2199 1363 2260 in
1384 2205 1476 2262 testa-

202 2291 306 2350 mento
321 2287 468 2368 inscripta
479 2306 542 2350 non
559 2287 683 2350 fuerint.
700 2287 780 2363 Quid
792 2287 893 2369 juris?
905 2323 946 2332 —
959 2288 1066 2368 Hesp:
1079 2291 1125 2348 Ex
1136 2289 1206 2367 jure
1222 2293 1343 2350 natura
1358 2289 1475 2350 Paulas

199 2375 233 2436 in
247 2375 310 2438 fero
325 2377 516 2438 eonscientiae
531 2377 569 2438 ad
585 2376 726 2438 solvenda
738 2376 843 2438 omnia
854 2377 951 2456 legata
960 2375 1110 2457 premissa
1120 2379 1252 2450 tenetur,
1263 2377 1474 2440 nonobstante

200 2463 318 2524 defectu
336 2463 516 2525 formarum.
533 2464 621 2528 Ratio
642 2470 703 2538 est,
721 2469 753 2525 1ο
766 2465 840 2545 quia
858 2464 982 2527 1111111
1002 2484 1038 2526 ea
1060 2465 1232 2527 conditione
1253 2470 1475 2528 testamentum

200 2550 326 2630 accepit3
344 2557 377 2614 2⁰
392 2551 465 2630 quia
479 2569 531 2631 per
545 2551 781 2632 promissionem
794 2570 883 2614 suam
897 2552 1113 2616 confeob'enem
1127 2559 1181 2616 aut
1196 2553 1395 2616 mutationem
1411 2557 1473 2616 tes-

200 2639 330 2701 tamenti
343 2638 517 2720 impedivit.

242 2733 276 2792 3ο
292 2727 434 2803 eatenus,
448 2728 546 2791 haeres
558 2747 594 2791 ex
606 2733 791 2792 testamento
803 2731 941 2807 informi,
959 2730 1066 2812 accipit
1081 2737 1111 2794 et
1126 2732 1235 2795 retinet
1246 2731 1474 2808 hereditatem,

199 2819 235 2880 nt
249 2816 308 2880 sibi
327 2816 463 2897 legitime
482 2818 681 2900 acquisitam
696 2820 748 2882 sed
767 2819 901 2882 abstinet
920 2841 938 2882 a
957 2820 1107 2883 solvendis
1128 2820 1248 2901 legatis,
1264 2819 1301 2882 ob
1320 2819 1478 2884 defectum

199 2906 305 2968 forma
323 2905 358 2968 in
377 2912 449 2968 actu
465 2907 632 2970 testatoris.
650 2909 729 2984 Quid
748 2910 785 2972 de
803 2927 837 2972 eo
856 2910 897 2971 sit
912 2909 1128 2972 sentiendum?
1140 2945 1181 2957 -
1194 2911 1304 2992 desp:
1319 2913 1475 2986 Quantum

200 2993 240 3056 sit
251 2994 389 3075 injustus
402 3001 435 3057 et
447 2996 599 3059 ridiculus
616 2997 687 3059 talis
704 2999 812 3077 agendi
826 3004 857 3060 et
870 2998 1072 3060 ratiocinandi
1090 3001 1269 3074 11111111
1287 3019 1382 3062 sensu
1398 3019 1475 3063 com-

203 3082 293 3145 muni
317 3083 394 3146 elare
415 3091 446 3147 et
466 3085 622 3148 evidenter
635 3090 726 3167 patet.
744 3123 783 3132 -—
803 3087 886 3165 Veit,
902 3087 938 3148 de
960 3087 1166 3168 Conscientia,
1183 3109 1214 3151 a.
1232 3093 1302 3153 101.
1319 3125 1362 3134 -
1373 3087 1473 3167 Ettet,

202 3171 238 3234 de
252 3170 372 3254 Conse,
384 3193 415 3235 n.
433 3179 502 3238 190.
516 3210 556 3219 -
568 3175 716 3254 Lacroiae,
733 3175 753 3237 l.
767 3179 795 3251 I,
809 3197 839 3236 n.
854 3181 923 3240 313.

206 3283 209 3289 ·
239 3265 273 3323 1ο
285 3261 459 3338 Α11111111,
472 3263 603 3325 confecto
615 3268 797 3327 testamento
807 3264 999 3345 holographa
1016 3265 1149 3329 moritur
1161 3273 1332 3348 autequam
1346 3267 1476 3330 subseri-

199 3350 269 3412 bere
281 3351 424 3431 potuerit.
439 3351 581 3426 Sabinus,
595 3353 691 3416 haeres
705 3354 884 3416 nominatus
895 3353 928 3415 in
942 3353 999 3417 hoc
1011 3359 1203 3430 testamento,
1218 3356 1474 3437 subscriptionem

201 3439 357 3502 testatoris
370 3447 436 3502 tam
454 3440 530 3503 bene
547 3441 688 3517 simulat,
702 3448 739 3504 ut
753 3461 821 3506 vere
835 3443 873 3504 ab
888 3443 954 3523 ipse
966 3443 1097 3506 confecta
1111 3443 1178 3507 risa
1191 3445 1297 3508 fuerit.
1316 3447 1472 3517 Attamen,

198 3544 270 3595 eum
292 3529 417 3591 suborta
437 3528 557 3591 fraudis
583 3530 754 3611 suspicione
776 3535 997 3594 testamentum
1019 3533 1057 3596 11
1073 3533 1217 3614 J'udiciale
1237 3534 1340 3596 fortem
1363 3531 1476 3595 1111511

202 3613 350 3692 delatum,
369 3636 387 3678 a
401 3617 505 3699 judice
519 3618 656 3682 validum
675 3619 862 3682 declaratum
880 3620 952 3682 fuit.
969 3621 1049 3696 Quid
1059 3621 1190 3703 judicii?
1200 3659 1242 3668 -
1256 3624 1346 3705 Reep.
1356 3643 1367 3684 .·
1380 3622 1474 3684 sati-

199 3721 254 3763 nns
268 3704 306 3766 11
318 3705 547 3769 restitutionem
562 3711 691 3783 1111111,
702 3709 776 3790 quia
783 3727 837 3790 per
848 3709 985 3771 fraudem
999 3710 1209 3774 hereditatem
1219 3711 1473 3784 sibieindicarit3

199 3789 304 3855 111111
323 3793 408 3856 enim
428 3803 557 3871 remota,
575 3804 654 3859 certo
672 3816 726 3878 per
746 3797 931 3860 sententiam
950 3799 988 3860 ab
1007 3799 1182 3862 haereditate
1194 3802 1338 3865 exclusus
1356 3801 1474 3864 fmsset.

201 3881 358 3945 Sententia
371 3882 468 3964 igitur
482 3883 598 3946 Sabino
612 3885 712 3949 favere
725 3905 788 3949 non
803 3887 904 3961 debet,
921 3905 993 3950 cerm
1004 3887 1078 3951 falso
1091 3887 1169 3954 facto
1183 3889 1353 3954 innitatur.

740 4099 879 4145 renerus
898 4101 922 4145 11

541 4262 560 4302 ·.
600 4217 641 4275 Ite
653 4217 839 4279 testatoribus
854 4221 883 4277 et
896 4220 1071 4280 heredibus.

229 4332 575 4434 ’111-1111111111
592 4389 656 4435 esse
667 4381 811 4455 possunt,
825 4395 863 4437 en
873 4375 949 4438 June
960 4377 1108 4458 Romano,
1120 4395 1226 4442 omnes
1238 4397 1334 4444 11111
1347 4377 1475 4444 rationis

199 4451 356 4550 habentes,
371 4458 504 4536 exceptis
524 4461 748 4525 surdis-mutis
763 4483 781 4526 1
799 4464 973 4541 nativitate,
990 4465 1214 4548 impuberibus,
1229 4468 1377 4550 prodigis,
1393 4469 1479 4533 dam-

199 4542 282 4596 natis
300 4541 338 4598 ad
362 4547 491 4602 mortem
510 4546 632 4622 ciuilem
650 4551 698 4612 vel
718 4553 905 4630 naturalem,
929 4571 1048 4620 necnon
1067 4555 1226 4636 Religiosis
1246 4557 1403 4638 molossis.
1423 4559 1479 4622 Ee
