3216 5020
221 219 291 281 260
757 225 964 270 aurdanaus

220 343 408 416 intenditur,
425 347 472 404 est
487 340 563 421 quid
577 338 753 419 temporale.
771 374 811 382 -
824 335 902 401 Hine
915 341 1000 417 potes
1017 336 1090 398 dare
1104 335 1267 417 pecuniam
1281 334 1410 398 inimico
1424 341 1496 412 tuo,

222 433 250 498 si
271 439 399 496 conetur
422 449 476 512 per
498 428 638 491 fraudem
661 425 809 508 impedire
833 427 990 500 electores,
1013 443 1052 486 ne
1074 422 1132 486 tibi
1155 423 1287 486 faveant.
1308 459 1348 470 -
1368 423 1406 486 S.
1426 426 1497 508 Lip.

221 543 253 585 n.
270 526 345 596 101,
362 519 461 582 etalii
476 517 684 579 communiter.
702 517 766 578 lmo
776 514 810 577 in
824 513 858 577 id
871 515 975 594 ipsum
987 515 1046 575 DD.
1059 512 1272 588 consentiunt,
1287 511 1411 576 etiamsi
1426 515 1497 578 solis

220 609 363 694 precihus
377 605 526 689 impedire
540 604 624 669 velit.
642 609 709 668 Non
723 609 828 666 autem
846 608 931 682 potes
951 603 1021 664 dare
1035 599 1198 682 peoumam
1210 601 1249 664 iis
1264 601 1319 682 qui
1334 601 1439 664 obesse
1451 604 1499 667 vel

221 700 363 782 prodesse
378 701 509 778 possunt
527 693 663 773 eligendo
678 692 726 755 vel
744 691 955 772 praesentando
974 691 1013 752 ad
1033 689 1232 766 heneficium
1253 689 1370 752 etenim
1389 689 1496 755 offerre

221 787 283 850 illis
296 785 459 868 pecuniam
473 801 512 846 ne
529 781 647 856 obsint,
663 781 746 844 idem
761 780 839 844 foret
857 799 891 842 ae
909 780 1014 842 offerre
1029 786 1066 841 ut
1085 777 1218 858 prosint,
1235 778 1350 842 seilicet
1369 786 1406 843 ut
1424 799 1498 844 oon-

222 893 348 940 sensum
361 893 423 938 non
438 874 598 952 denegent.
613 907 654 916 —-
668 870 705 934 S.
719 871 789 951 Lip.
806 890 836 932 n.
853 872 903 932 99.
922 873 981 932 Neo
995 867 1053 930 tibi
1067 867 1137 929 lieet
1150 867 1312 948 pecuniam
1327 868 1399 930 dare
1413 887 1498 932 eum·

219 963 345 1048 petitori
357 970 427 1038 tuo,
438 967 475 1024 ut
487 959 615 1022 desistat
624 959 663 1021 ad
673 957 856 1020 heneficium
867 975 1058 1034 concurrere;
1071 955 1145 1036 quia
1154 955 1214 1018 tibi
1226 955 1310 1018 nulla
1320 962 1368 1018 est
1377 955 1498 1038 injusta

221 1052 342 1116 vexatio
356 1050 548 1124 redimenda,
564 1055 596 1110 et
609 1046 694 1109 riam
710 1046 823 1108 directe
836 1047 875 1108 ad
888 1044 1072 1108 heneficium
1087 1063 1140 1125 per
1154 1043 1316 1125 pecuniam
1335 1043 1393 1106 tibi
1405 1064 1498 1126 para-

221 1160 284 1217 res,
301 1140 382 1222 quod
395 1137 599 1201 simoniacum
610 1143 667 1199 est.
681 1171 721 1180 -
735 1135 787 1198 Ita
800 1136 1006 1198 eomnzuniter.

275 1231 377 1305 Qumn.
395 1232 427 1292 5⁰
442 1227 491 1288 An
507 1224 647 1288 Simonia
660 1225 701 1286 eit
714 1224 787 1286 dare
805 1223 853 1286 oet
864 1223 1000 1306 occipere
1013 1221 1133 1306 aliqua‘d
1142 1243 1201 1306 pro
1214 1223 1352 1306 inpressu
1366 1225 1400 1285 in
1415 1225 1498 1288 nett-

243 1317 357 1381 eonem?

220 1340 241 1402 9
261 1408 350 1490 Κεφ.
362 1425 375 1470 .·
393 1413 426 1471 l⁰
442 1407 566 1469 Certum
585 1409 646 1478 est,
666 1421 731 1464 non
745 1401 833 1464 licere
852 1403 923 1466 dare
941 1401 989 1464 rel
1008 1400 1139 1481 accipere
1157 1399 1274 1482 aliquid
1296 1420 1349 1482 pro
1369 1403 1432 1465 solo
1446 1403 1496 1466 in-

220 1515 341 1578 gressu;
361 1495 434 1578 quia
451 1495 508 1557 hoo
525 1499 605 1555 esset
619 1491 817 1554 commutatio
831 1491 876 1554 rei
896 1509 1003 1565 sacrae,
1019 1490 1191 1571 eujusmodi
1208 1497 1253 1552 est
1268 1491 1401 1571 Religio,
1423 1511 1496 1556 eum

219 1604 252 1648 re
266 1592 330 1647 tem
369 1585 437 1646 rati.

259 1677 291 1736 2⁰
305 1603 431 1737 cgnitum
449 1678 496 1734 est
514 1669 623 1745 etiam,
643 1669 732 1732 liuere
750 1667 935 1732 monasterio
953 1667 1079 1750 pauperi
1098 1665 1216 1749 aliquid
1234 1666 1352 1750 exigere
1371 1688 1425 1750 pro
1443 1669 1496 1732 in-

219 1761 386 1844 gredientis
405 1759 644 1834 sustentatione,
663 1758 737 1838 quia
756 1764 830 1820 tune
847 1777 910 1820 non
929 1764 1141 1820 commutatur
1158 1774 1206 1818 res
1229 1757 1401 1837 spiritualis
1420 1777 1495 1821 eum

216 1849 392 1932 temporali;
408 1855 440 1911 et
457 1847 594 1928 alioquin
612 1847 748 1928 postulat
761 1845 890 1927 equitas
904 1852 941 1908 ut
957 1845 1122 1926 recipiatur
1136 1843 1268 1926 aliquid,
1285 1865 1323 1909 ne
1336 1855 1494 1910 moneste-

218 1939 304 2002 rium
318 1937 462 2002 onen'bus
477 1941 639 2016 gravatum
652 1941 784 1998 corruat.

258 2033 292 2092 3⁰
306 2030 432 2090 Certum
446 2031 493 2088 est
513 2024 637 2106 pariter,
661 2024 751 2086 linere
771 2023 975 2098 monasterio,
995 2029 1088 2104 prout
1106 2040 1244 2105 expresse
1263 2023 1457 2104 permittitur
1473 2043 1496 2087 a
1600 2001 1601 2036 ³

212 2116 359 2180 Concilio
383 2113 580 2188 Tridentino,
604 2132 672 2175 sess.
693 2112 795 2189 XXV,
820 2133 887 2195 cap.
911 2109 964 2176 xvi
988 2112 1025 2174 de
1047 2111 1133 2194 Req„
1157 2111 1276 2194 aliquid
1298 2113 1415 2193 exigere
1438 2131 1496 2194 pro

220 2203 445 2268 sustentatione
455 2201 665 2276 Novitiorum,
682 2201 756 2282 quia
768 2219 840 2264 eum
853 2219 917 2263 non
930 2200 1030 2264 adhue
1046 2200 1220 2281 pertineant
1232 2201 1271 2262 ad
1283 2193 1513 2282 Religionem)

219 2299 250 2355 et
263 2311 318 2374 pro
335 2291 428 2354 libitu
447 2289 597 2354 discedere
616 2289 750 2372 possint,
771 2296 803 2352 et
821 2307 898 2371 seepe
916 2289 1015 2371 reipsa
1033 2289 1204 2362 discedant,
1221 2307 1347 2370 aequum
1368 2309 1430 2353 non
1444 2298 1495 2353 est

219 2381 443 2444 monasterium
462 2399 516 2461 pro
534 2379 610 2461 ipsis
629 2385 695 2441 tam
714 2378 799 2459 gravi
818 2378 904 2440 oneri
923 2379 1058 2441 subesse.
1082 2377 1196 2457 Religio
1219 2384 1321 2440 tamen
1344 2383 1494 2442 Fratrum

219 2469 373 2535 Minorum
382 2487 420 2531 ex
433 2469 551 2531 decreto
563 2467 684 2548 spetiali
700 2467 779 2529 nihil
793 2465 925 2548 accipere
939 2472 1047 2547 potest.

258 2563 291 2621 4⁰
311 2561 436 2621 Certum
458 2563 504 2619 est
525 2557 664 2630 tandem,
690 2555 811 2618 licitum
834 2574 898 2618 esse
919 2553 1103 2618 Monialihus
1123 2556 1227 2618 dotem
1247 2555 1283 2618 ab
1304 2555 1497 2636 ingressuris

218 2647 352 2729 exigere,
376 2651 412 2709 ut
433 2651 552 2708 oonstat
569 2664 607 2708 ex
625 2663 685 2708 usu
706 2643 822 2726 ubique
842 2648 958 2724 reoepto
976 2648 1007 2706 et
1023 2643 1165 2726 pluribus
1183 2643 1384 2707 decisionibus
1403 2647 1494 2708 Suer.

215 2741 310 2816 cong.
334 2735 417 2817 apud
437 2733 635 2798 Benedictum
651 2735 730 2807 XIV,
746 2732 782 2794 de
800 2732 927 2815 Synodo
943 2731 963 2792 l.
982 2734 1037 2806 XI,
1059 2751 1123 2813 cup.
1142 2751 1187 2794 vr.
1205 2769 1244 2777 -
1259 2736 1367 2796 Carere
1385 2737 1496 2797 tamen

220 2825 332 2888 debent
343 2842 381 2886 ne
392 2822 544 2887 inhabiles
554 2821 643 2886 unice
654 2827 777 2903 propter
789 2823 892 2884 dotem
904 2820 1054 2884 autaliud
1066 2821 1234 2902 quodpiam
1245 2822 1495 2886 emolumentum

217 2912 385 2992 temporale
398 2910 546 2992 recipiant
561 2930 568 2973 ε
585 2911 617 2973 id
631 2909 715 2974 enim
730 2909 934 2973 simoniacum
948 2916 1037 2972 esset.

260 3005 292 3064 5⁰
312 2999 555 3063 controvertitur
577 3003 695 3072 autem,
721 2999 748 3061 si
769 3003 878 3080 agatur
898 3000 935 3062 de
955 2999 1139 3061 monasterio
1165 2997 1306 3062 virorum
1330 3001 1492 3081 opulento,

219 3091 327 3151 utrum
347 3086 479 3150 simonia
499 3087 540 3150 sit
562 3087 679 3169 aliquid
698 3087 830 3168 exigere,
848 3089 967 3150 ratione
986 3087 1080 3150 solius
1102 3087 1353 3162 sustentationis
1379 3108 1398 3151 a
1419 3089 1497 3152 reei-

220 3176 330 3258 piendo
344 3176 399 3257 qui
413 3175 556 3240 infirmus
571 3195 632 3240 non
644 3182 691 3239 est
705 3183 760 3238 aut
774 3194 880 3250 senex,
898 3176 999 3258 alique
1010 3181 1110 3257 potest
1125 3175 1191 3239 sine
1205 3175 1347 3256 expensis
1361 3182 1498 3242 extraor-

220 3265 360 3329 dinariis.
386 3264 542 3328 Sententia
560 3265 660 3329 verior
679 3270 710 3328 et
731 3265 924 3328 communior
947 3263 1080 3327 affirmat
1102 3282 1174 3326 oum
1193 3263 1228 3326 S.
1251 3265 1363 3328 Thomu
1383 3265 1430 3347 (9.
1449 3271 1498 3344 2,
1598 3269 1599 3342 ᾗ

220 3375 251 3438 q.
265 3360 339 3430 100,
352 3363 414 3416 ort.
429 3357 463 3428 3,
478 3354 519 3416 ud
530 3355 582 3436 t),
594 3359 625 3416 et
636 3354 672 3418 S.
686 3353 755 3438 Liq.
770 3374 801 3414 n.
814 3359 864 3418 99.
881 3353 969 3416 Retio
980 3353 1132 3435 praeeipua
1145 3359 1207 3428 est,
1219 3352 1293 3434 quia
1300 3357 1354 3436 jus
1368 3353 1500 3419 vivendi

220 3445 257 3508 de
271 3443 361 3507 bunis
375 3443 555 3506 monasterii
573 3450 620 3506 est
637 3443 713 3525 quid
731 3441 885 3505 adnexum
904 3451 1114 3524 consequenter
1132 3441 1177 3504 rei
1196 3441 1366 3523 spirituali,
1382 3443 1501 3524 proies-

222 3531 301 3595 sioni
315 3549 425 3614 nempe
438 3529 600 3611 religiosm;
616 3550 686 3612 ergo
700 3531 797 3613 pretio
811 3530 958 3594 aestimari
972 3537 1003 3594 et
1017 3530 1109 3594 vendi
1120 3549 1184 3593 non
1200 3537 1300 3612 potest
1313 3531 1379 3594 sine
1395 3531 1500 3596 Simo-

219 3619 283 3684 nia.
307 3619 530 3685 contradicunt
546 3626 652 3683 tamen
670 3621 786 3701 plures,
810 3627 847 3682 ut
866 3619 968 3682 videre
986 3625 1033 3682 est
1049 3621 1132 3700 apud
1151 3619 1188 3682 S.
1207 3620 1291 3701 Lig„
1309 3619 1364 3682 loc.
1384 3621 1436 3682 eit.
1455 3657 1499 3668 -·

218 3713 371 3773 Caeterum
389 3727 475 3772 nuno
494 3707 555 3772 fere
579 3709 732 3772 evanescit
757 3727 847 3771 omne
871 3707 1002 3771 dubium
1024 3708 1062 3771 oh
1079 3713 1253 3789 temporum
1271 3707 1498 3773 difficultatem.

218 3801 297 3862 Cum
315 3799 416 3874 enim,
437 3802 473 3860 ut
495 3797 628 3860 advertit
648 3796 764 3860 iterum
793 3797 829 3859 S.
853 3797 922 3878 Lip.
944 3818 975 3858 n.
994 3801 1050 3872 99,
1075 3797 1115 3859 ad
1135 3797 1320 3877 exigendum
1339 3797 1458 3879 aliquid
1480 3818 1501 3861 a

218 3886 417 3968 recipiendis,
434 3905 496 3950 non
516 3885 692 3967 requiratur
710 3891 794 3948 areta
812 3885 990 3960 nenessitas,
1010 3887 1063 3949 sed
1080 3884 1209 3949 sufficiat
1225 3885 1292 3960 illa,
1311 3905 1373 3967 qua
1389 3904 1500 3950 mona-

219 3975 351 4038 sterium
364 3993 428 4038 non
442 3974 539 4057 possit
551 3974 625 4037 alias
638 3975 795 4037 commode
808 3973 852 4036 eis
869 3973 1022 4037 alimenta·
1030 3973 1280 4052 subministrare,
1297 3993 1393 4056 pauoa
1407 3975 1501 4040 inve-

217 4062 350 4126 niuntur
365 4064 551 4127 monasteria
565 4064 638 4127 adeo
653 4063 810 4145 opulenter
824 4061 968 4141 lundata,
987 4069 1024 4126 ut
1038 4062 1153 4126 auxilio
1167 4063 1265 4126 alieno
1279 4081 1334 4144 pro
1349 4064 1499 4144 prasenti

217 4157 249 4213 et
261 4150 366 4215 futuro
380 4153 557 4217 nullatenus
571 4151 742 4234 indigeant.

256 4243 325 4303 999.
346 4277 386 4288 -
406 4245 508 4319 Qum.
529 4246 562 4306 6⁰
584 4241 634 4302 An
657 4241 827 4304 Simoniam
849 4241 1014 4304 committat
1032 4239 1180 4304 Sacerdos
1200 4245 1254 4324 qui
1271 4241 1399 4326 spondet
1419 4239 1499 4304 loe'ee
1597 4251 1598 4258 ’

216 4325 340 4391 Mr'eeem
354 4349 411 4412 pro
426 4333 512 4393 eeitu
528 4329 609 4412 ludi,
623 4329 694 4393 dum
707 4337 804 4392 somus
814 4331 948 4414 pretium
961 4331 1126 4414 tenporale
1137 4329 1279 4414 exponit?

254 4415 343 4498 Reep.
359 4417 438 4501 Nep.
450 4439 509 4502 per
520 4439 566 4500 ee,
583 4419 656 4502 quia
672 4419 729 4483 heo
742 4419 860 4483 ratione
874 4439 922 4483 res
937 4419 1108 4502 spiritualis
1123 4439 1186 4483 non
1200 4419 1409 4502 aequipamtur
1424 4437 1501 4500 pro-

211 4505 278 4590 prie
289 4507 463 4588 temporali,
478 4506 558 4572 siout
569 4527 632 4572 non
646 4509 864 4592 aequiparatur,
878 4509 1002 4590 quando
1017 4509 1110 4574 ltlissu
1121 4507 1235 4572 dieitur
1249 4526 1303 4590 pro
1316 4507 1472 4589 stipendio
1484 4529 1494 4586 ς
