3202 5020
204 157 248 218 81
407 157 413 174 ·
631 166 755 211 661166
782 165 1057 212 cunouonocrca

236 279 282 338 11.
302 278 433 338 Ecclesia
442 294 499 334 non
513 277 600 334 habet
611 279 781 351 potestatem
796 276 956 348 dogmatice
966 277 1122 335 deliniendi
1137 277 1314 350 Religionem
1329 279 1479 339 catholice

201 360 338 419 Ecclesiae
349 375 416 417 6666
428 358 513 415 66166
525 373 622 414 reram
632 356 822 429 Religionem.

344 439 410 498 Litt.
425 437 523 512 Apost.
540 437 727 510 Multiplices
737 436 828 504 inter,
844 436 879 493 16
893 437 971 495 lunii
987 436 1068 496 1851.

235 528 281 586 11.
301 527 446 599 obligatio
474 541 529 598 qna
552 524 685 582 catholici
713 524 844 596 magistri
870 525 899 580 ct
925 525 1080 600 scriptores
1103 526 1219 584 omnino
1244 526 1477 600 adstringuntur,

199 610 358 667 coarctatur
372 605 450 663 iniis
464 607 576 663 tantum
590 621 654 679 quae
668 605 704 662 ab
717 603 866 662 infallibili
875 605 1011 662 Ecclesiae
1022 606 1133 679 judicio
1149 605 1239 664 veluti
1251 606 1331 664 Fidei
1344 607 1481 679 dogmata

201 689 236 747 ab
251 688 385 746 omnibus
398 685 540 744 credenda
551 686 759 759 proponuntur,

345 767 437 842 Epist.
453 765 489 823 ad
502 765 635 839 archiep.
648 764 773 836 Erising.
793 767 872 823 Tuos
883 762 1021 832 libenter,
1033 765 1066 822 11
1081 766 1250 823 Decembris
1260 765 1342 824 1863.

173 913 176 924 ,
234 855 278 912 13.
298 855 419 913 llomani
432 853 583 910 Pontifices
600 853 629 908 et
644 851 772 910 Concilio
794 853 971 910 oecumenica
991 869 1008 908 a
1028 850 1174 910 limitibus
1196 870 1256 910 snae
1270 853 1420 928 potestatis
1435 871 1479 912 16-

198 936 361 1004 cesserunt,
372 937 438 1007 jura
457 932 622 1007 Principum
641 930 833 1005 usurparunt,
855 935 941 1004 atque
960 933 1047 989 etiam
1062 932 1093 989 in
1117 933 1202 991 rebus
1216 933 1295 990 Fidei
1314 936 1343 990 et
1364 951 1477 993 morum

198 1015 371 1074 definiendis
386 1014 527 1071 errarunt.

340 1095 406 1152 Litt.
420 1095 518 1168 Apost.
535 1090 719 1166 Multiplices
733 1091 825 1158 inter,
840 1091 874 1147 16
889 1091 969 1148 16611
984 1090 1069 1150 1851.

233 1183 277 1242 El.
293 1181 422 1242 Ecclesia
445 1182 490 1238 vis
509 1179 664 1237 inlerendae
688 1180 857 1254 potestatem
883 1179 1059 1250 nonhabet,
1084 1196 1176 1254 neque
1188 1182 1361 1254 potestatem
1383 1180 1476 1238 ullam

197 1263 381 1338 temporalem
396 1261 534 1318 directam
548 1258 593 1316 vel
609 1258 789 1316 indirectam.

339 1344 406 1400 litt.
420 1341 518 1416 Aposl.
531 1340 582 1397 Ad
595 1338 791 1413 Apostolicea,
807 1338 842 1395 11
858 1339 980 1410 Augusti
994 1339 1077 1398 1811.

231 1431 276 1489 15.
297 1433 403 1488 Praeter
415 1427 586 1503 potestatem
603 1426 782 1501 episcopatui
798 1426 999 1498 inhaerentem,
1015 1426 1131 1484 aliaest
1150 1426 1289 1484 attributa
1307 1429 1477 1501 temporalis

196 1513 324 1586 potestas
339 1527 357 1567 a
371 1509 450 1567 cirili
464 1508 585 1582 imperio
597 1507 644 1564 vel
655 1521 793 1582 expresse
804 1504 850 1563 vel
864 1506 951 1563 tacite
967 1521 1121 1578 concessa,
1135 1508 1294 1565 revocanda
1307 1511 1475 1583 propterea,

196 1607 261 1649 cnm
275 1590 408 1658 libuerit,
421 1606 439 1646 6
450 1587 531 1646 cirili
547 1587 678 1660 imperio.

339 1667 578 1743 1111666111
590 1665 786 1740 Apostolicae,
800 1665 834 1722 11
849 1666 972 1737 angusti
988 1665 1069 1725 1851.

231 1757 275 1816 16.
296 1756 426 1816 Ecclesia
439 1771 496 1813 noa
516 1754 602 1812 habet
621 1755 750 1811 nativum
764 1769 798 1810 ac
811 1753 973 1826 legitimum
990 1755 1039 1826 jus
1060 1755 1228 1828 acquirendi
1245 1772 1278 1812 ac
1292 1755 1474 1830 possidendi.

338 1836 429 1895 dlloc.
445 1835 617 1908 Nunquam
638 1833 719 1907 fore,
744 1832 778 1889 15
801 1834 966 1890 Decembris
981 1832 1060 1893 1856.
1075 1865 1112 1876 -
1130 1836 1222 1910 Epist.
1241 1838 1350 1910 encycl.
1371 1836 1476 1893 Incre-

373 1915 481 1986 dibili,
493 1915 526 1971 17
543 1913 718 1988 Septembris
733 1908 815 1970 1863.

230 2006 275 2064 17.
291 2006 370 2062 Sacri
380 2003 517 2061 Ecclesiae
529 2001 654 2058 Minislri
669 2002 870 2072 Romanusque
880 2000 1009 2057 Pontifex
1019 2001 1055 2058 ab
1069 2001 1148 2058 omni
1161 2018 1257 2060 rerum
1268 2001 1473 2077 temporalium

195 2102 263 2144 cura
277 2101 310 2142 ac
322 2083 448 2140 dominio
463 2082 531 2138 6661
542 2080 659 2136 omuino
670 2079 851 2136 excludendi.

336 2162 427 2218 Alloc.
442 2159 586 2217 Maxima
600 2158 741 2232 quidem,
757 2158 865 2215 916611
881 2157 958 2217 1861.

230 2250 275 2308 18.
291 2249 457 2324 Episcopis‚
474 2247 538 2304 sine
547 2245 685 2304 Gubernii
697 2245 796 2315 venia,
809 2244 853 2302 166
871 2260 927 2302 666
941 2247 985 2304 661
998 2246 1044 2305 661
1058 2247 1138 2322 ipsas
1153 2248 1332 2326 Apostolicas
1345 2249 1471 2307 Litteras

214 2330 386 2402 romulgare.

195 2349 213 2406 p
336 2409 427 2466 dlloc.
441 2406 610 2482 Nunquam
623 2405 706 2479 sore,
722 2404 739 2461 5
752 2405 917 2462 Decembris
937 2404 1018 2463 1856.

229 2499 275 2556 19.
291 2497 399 2556 Gratiae
418 2513 435 2553 a
456 2499 582 2553 Romano
601 2493 738 2550 Pontifice
757 2508 902 2549 concessae
920 2493 1081 2551 existimari
1094 2494 1198 2553 debent
1214 2496 1350 2568 tauquam
1365 2497 1457 2555 irritae

194 2579 252 2637 nisi
265 2595 315 2653 per
327 2577 505 2635 Gubernium
520 2574 628 2632 inerint
637 2573 805 2647 imploratae.

337 2657 428 2715 dlloc.
445 2656 614 2729 Nunquam
628 2654 711 2728 sore,
727 2653 760 2710 15
773 2651 938 2710 Decembris
951 2652 1031 2711 1856.

229 2753 274 2812 30.
287 2753 425 2812 Ecclesia
447 2753 476 2810 et
490 2766 677 2826 personarum
696 2749 959 2807 ecclesiasticarum
979 2751 1147 2808 immunitas
1167 2753 1265 2824 ajure
1279 2751 1359 2810 civili
1377 2757 1472 2812 ortam

197 2834 309 2892 habult·
337 2913 402 2971 mt.
418 2912 517 2986 Apes&
530 2909 714 2983 Multiplices
726 2907 819 2976 inter,
835 2908 869 2966 lD
882 2910 960 2967 lunii
972 2909 1053 2967 1851.

229 3010 275 3067 tll.
293 3007 530 3066 Ecclesiasticum
546 3007 639 3063 lorum
653 3021 704 3080 pro
721 3003 929 3079 temporalibus
944 3006 1117 3064 clericorum
1132 3006 1229 3062 causis
1250 3008 1313 3066 sive
1334 3008 1473 3068 civilibus

195 3092 256 3148 sive
270 3086 471 3146 criminalibus
483 3087 600 3145 omnino
623 3085 659 3142 16
679 3083 773 3142 medio
791 3084 951 3142 tollendum
968 3086 1023 3156 661,
1044 3086 1133 3142 etiam
1147 3085 1310 3145 inconsulta
1330 3090 1359 3145 et
1376 3088 1474 3148 recla-

194 3173 291 3228 mante
305 3166 469 3243 Apostolica
481 3166 565 3223 Sede.

337 3248 427 3306 Alloc.
439 3244 692 3312 Acerbissimum,
708 3246 742 3303 17
756 3245 933 3319 Septembris
944 3243 1025 3303 1851.
1036 3276 1073 3287 -
1090 3245 1181 3303 11166.
1201 3245 1369 3322 Nunquam
1385 3249 1470 3323 fore,
1589 3293 1590 3332 3

373 3328 407 3385 111
420 3326 585 3383 Decembris
597 3323 679 3382 1856.

228 3425 272 3484 31.
294 3426 391 3497 nsque
405 3421 466 3479 ulla
486 3421 627 3478 naturalis
637 3421 712 3494 iuris
727 3422 755 3478 61
773 3421 918 3494 aequitatis
939 3419 1095 3479 violatione
1113 3421 1207 3495 potest
1225 3423 1356 3497 abrogari
1372 3442 1473 3500 perso-

193 3507 268 3565 66116
292 3504 477 3572 immunitas,
500 3518 556 3575 qua
576 3501 679 3560 Clerici
702 3500 739 3558 ab
760 3516 846 3559 onere
866 3501 1023 3559 subeunde
1041 3502 1262 3575 exercendaque
1285 3504 1473 3565 1611116611-

193 3590 325 3655 muntur;
345 3584 419 3641 hanc
432 3597 499 3640 vera
509 3582 723 3653 abrogationem
736 3580 864 3656 postulat
876 3580 972 3638 civilis
988 3597 1176 3654 progressus,
1191 3583 1316 3641 maxime
1332 3585 1364 3642 in
1379 3589 1472 3647 socie·

193 3668 251 3724 tate
263 3667 298 3724 61
312 3666 434 3723 iormam
443 3662 588 3719 liberioris
603 3662 754 3733 regiminis
767 3661 934 3719 constituta.

335 3743 428 3818 Epist.
449 3741 485 3798 ad
508 3742 604 3816 Episc.
625 3741 730 3799 llontis
751 3741 852 3814 Regel.
878 3739 1055 3815 Singularis
1080 3741 1249 3818 Nobisque‚
1278 3743 1313 3802 19
1342 3747 1472 3822 Septem·
1588 3741 1589 3764 ³

371 3824 432 3880 bris
452 3819 533 3880 1861.

228 3919 272 3977 33.
292 3922 355 3978 Non
366 3919 488 3994 pertinet
500 3917 585 3975 unice
597 3917 632 3972 ad
647 3915 874 3974 ecclesiasticam
884 3917 1095 3988 jurisdictionis
1109 3921 1278 3993 potestatem
1301 3924 1416 3997 proprio
1434 3941 1469 3983 ac

191 3999 289 4058 nativo
300 4001 365 4072 iure
379 4000 504 4071 dirigere
515 3994 739 4068 theologicarum
752 4013 848 4053 rerum
857 3996 1027 4054 doctrinam.

334 4081 424 4154 Epist.
441 4079 484 4136 dd
498 4075 631 4150 Archiep.
645 4075 769 4148 Frising.
789 4077 868 4134 Tuas
882 4074 1020 4145 libenter,
1035 4075 1067 4135 11
1083 4079 1248 4137 Decembris
1258 4079 1340 4140 1863.

225 4174 270 4232 dl.
291 4175 424 4232 Doctrina
438 4171 664 4249 comparentium
686 4174 844 4229 Romanum
861 4171 1027 4230 Pontificem
1044 4174 1170 4250 Principi
1184 4175 1275 4234 libero
1286 4179 1314 4234 et
1328 4181 1425 4252 agenti
1436 4181 1467 4238 in
1587 4157 1588 4194 ἢ

191 4256 327 4314 66116166
341 4253 485 4325 Ecclesia,
498 4253 628 4313 doctrina
642 4254 688 4310 est
698 4268 762 4325 qnae
773 4252 867 4309 medio
878 4268 938 4312 oero
952 4253 1117 4327 prevaluit.

330 4335 398 4392 1111.
412 4335 510 4408 apost.
525 4331 781 4408 adspernans,
798 4331 833 4391 11
848 4333 969 4406 Augusti
982 4331 1063 4392 1851.

224 4431 267 4491 35.
288 4430 369 4490 Nihil
384 4431 479 4500 retal,
494 4429 617 4505 alicujus
634 4429 755 4490 Concilii
769 4429 913 4504 generalis
933 4431 1077 4490 sententia
1095 4434 1146 4491 aut
1160 4433 1362 4496 universorum
1378 4454 1467 4516 popu·
1586 4417 1587 4432 ³
