3202 5020
679 261 722 305 ne
747 261 897 306 recrees
1358 249 1426 310 155

152 369 385 444 existimentur,
397 389 460 432 non
475 369 617 450 obligaris
632 372 670 433 ad
685 371 880 445 solvendum,
892 371 954 434 nisi
960 392 1020 454 per
1033 371 1181 446 accidens,
1195 391 1224 434 v.
1237 391 1295 452 gr„
1307 373 1426 438 ratione

152 457 306 532 scandale
333 458 385 520 sed
398 464 473 522 tnnc
496 463 578 539 potes
595 463 624 521 te
644 478 838 540 compensare
861 459 954 522 etiam
970 463 1038 541 post
1061 459 1156 524 latam
1176 461 1369 526 sententiam.
1386 499 1427 514 -

152 547 192 610 S.
208 547 279 626 riq.
295 566 327 606 n.
345 551 488 611 ido-150.
506 583 545 593 -
559 545 683 610 Suorez.
700 585 740 593 —
758 548 942 629 Roacaqlio,
959 549 1060 610 etalii
1074 550 1278 610 communiter.

193 635 285 716 Resp.
306 640 360 698 9οε
378 635 409 698 Si
428 637 477 698 lex
490 635 634 699 fundetur
650 637 685 699 in
699 636 935 718 presumptione
949 637 1076 718 periculi
1095 637 1292 714 universale,
1311 640 1422 720 culpe,

151 724 316 800 fraudum,
331 729 400 800 etc,
417 727 482 805 ejus
501 724 658 806 applicatio
673 744 791 806 semper
807 725 920 806 obligat
936 725 970 788 in
984 725 1182 800 conscientie,
1199 725 1294 790 etiam
1310 729 1426 791 seclusa

151 813 239 876 omni
254 813 357 893 culpa;
369 811 442 894 quia
456 813 572 877 bonum
581 832 743 877 commune
756 813 886 896 requirit
899 819 935 876 ut
946 833 1051 877 omnes
1066 814 1217 877 stabiliter
1230 814 1403 896 obligentur
1416 835 1423 878 :

152 919 240 964 secus
254 902 338 964 mala
351 920 414 964 non
430 902 653 984 impedirentur
672 902 843 978 efficaciter;
859 907 889 964 et
903 903 951 964 lex
964 903 1101 985 alioquin
1114 902 1250 966 intendit
1261 921 1427 983 precavere

152 988 327 1070 periculum
340 990 603 1068 hallucinationis,
618 1011 736 1054 necnon
750 992 872 1054 reddere
891 991 1031 1054 homines
1046 991 1203 1054 cautiores.
1220 991 1299 1054 Hinc
1314 993 1426 1055 teneris

153 1079 193 1140 ad
206 1079 384 1141 solvendum
404 1080 568 1156 mulctum,
591 1083 630 1144 ad
651 1097 745 1161 quum
766 1079 977 1142 condemnaris
996 1098 1050 1160 pro
1069 1081 1181 1144 damno
1200 1099 1269 1144 vere
1283 1081 1366 1143 illato
1387 1081 1425 1143 ab

152 1166 283 1230 animali
299 1169 367 1242 tuo,
393 1166 449 1230 etsi
469 1171 619 1231 damnum
638 1169 716 1232 illud
735 1168 850 1250 ubsque
869 1173 923 1230 tue
940 1168 1104 1249 theologica
1122 1169 1210 1249 culpe
1225 1168 1369 1232 evenerit.
1385 1203 1425 1215 ·-

151 1253 190 1316 S.
205 1256 277 1337 Lip.
293 1275 325 1317 a.
343 1261 412 1321 100.
429 1293 469 1302 -
491 1257 522 1320 V.
540 1257 669 1320 dicenda
682 1260 715 1318 in
736 1257 837 1318 Tract.
854 1256 890 1318 de
904 1257 1026 1333 Restit„
1048 1257 1102 1320 ubi
1120 1258 1156 1320 de
1173 1259 1288 1340 injusto
1308 1259 1426 1320 domni-

154 1343 289 1426 flectcre.

663 1511 876 1573 ARTICULUS
896 1510 922 1570 11

444 1688 482 1733 DE
502 1689 582 1734 MODO
604 1689 829 1735 surlsrrcfflt'nt
851 1689 1041 1734 OBLIGATIONI
1064 1689 1147 1734 LEGIS

279 1846 502 1929 Principia.

196 2003 268 2064 {03.
284 2036 324 2046 —
341 2004 364 2063 Ι.
381 2002 429 2064 Ad
448 2003 695 2066 satisfaciendmn
712 2003 888 2086 obligationi
907 2003 1033 2066 cuilibet
1047 2001 1216 2084 requiritur
1232 2000 1363 2070 intentio
1384 2001 1427 2064 fa-

154 2087 258 2152 ciendi
271 2089 304 2152 id
318 2090 399 2170 quod
413 2099 599 2173 preceptum
612 2097 672 2166 est,
685 2092 711 2155 si
726 2093 774 2155 lex
788 2092 829 2154 sit
838 2092 1043 2173 affirmativa,
1055 2110 1086 2153 v.
1101 2109 1159 2170 gr.,
1175 2089 1224 2152 lex
1238 2089 1428 2152 auditionem

154 2176 260 2240 Misse
276 2178 325 2240 die
337 2177 411 2241 festo
425 2180 612 2261 precipiens.
631 2181 721 2246 Retio
742 2185 801 2255 est,
818 2180 892 2262 quie
908 2199 994 2242 secus
1011 2185 1096 2242 actus
1116 2196 1176 2240 non
1196 2178 1320 2258 ponitur
1338 2179 1428 2240 modo

154 2263 307 2327 humano.
325 2302 365 2313 -
381 2267 509 2332 Minime
528 2288 613 2346 vero,
635 2270 661 2332 si
680 2273 823 2351 nepetino
844 2269 898 2346 sit,
916 2273 951 2331 ut
968 2269 1017 2330 lex
1037 2267 1201 2348 prohibens
1220 2266 1328 2328 diebus
1344 2265 1428 2328 lestis

157 2371 253 2432 opera
265 2355 393 2419 senilia.
412 2357 501 2421 Retio
517 2363 576 2434 est,
593 2359 666 2440 quie
678 2359 726 2421 lex
740 2358 881 2438 negativa
895 2375 956 2421 non
970 2358 1039 2439 plus
1055 2354 1203 2430 intendit,
1220 2371 1314 2437 quam
1330 2355 1428 2436 operis

155 2441 368 2506 omissionem.
388 2481 427 2490 -
445 2445 495 2508 lta
509 2467 619 2510 omnes.

198 2533 235 2593 ll.
252 2535 320 2594 Non
338 2537 439 2596 temen
460 2535 629 2617 requiritur
648 2535 778 2598 intentio
795 2535 944 2616 implendi
966 2539 1164 2616 preceptum,
1190 2551 1244 2595 seu
1266 2532 1375 2612 agendi
1390 2550 1428 2594 er

154 2619 274 2683 motivo
295 2619 431 2686 formalis
453 2622 646 2701 obedientie3
669 2625 743 2706 quie
759 2624 912 2704 legislator
932 2623 1068 2704 precipit
1087 2627 1209 2684 tentum
1227 2621 1327 2702 operis
1349 2619 1429 2700 posi-

156 2708 274 2772 tionem
290 2711 337 2772 vel
349 2711 556 2775 omissionem.
567 2712 654 2775 -S.
669 2714 735 2794 Liq.
751 2733 783 2775 a.
798 2711 1071 2788 tce-Sancte,
1092 2708 1191 2772 etalii
1205 2710 1408 2770 communiter.

197 2799 247 2860 ΠΙ.
270 2803 337 2862 Non
360 2799 535 2881 requiritur,
556 2807 592 2863 ut
606 2801 655 2863 lex
671 2801 836 2883 implectur
853 2820 891 2864 ex
911 2801 1025 2863 motivo
1044 2797 1203 2873 Caritatis,
1220 2815 1276 2860 neo
1294 2796 1329 2859 in
1346 2803 1430 2860 stetu

157 2887 277 2966 gratie,
293 2887 356 2948 nisi
369 2889 561 2969 precipiatur
576 2890 641 2970 ipse
654 2889 798 2953 Caritatis
814 2896 918 2965 ectus,
935 2889 982 2951 vel
997 2891 1095 2952 status
1107 2885 1228 2968 gretie,
1244 2892 1281 2948 ut
1296 2885 1331 2948 in
1345 2903 1430 2948 sum-

157 2974 263 3056 ptione
282 2977 494 3040 Eucharistiae.
513 2978 601 3043 Ratio
620 2985 681 3054 est,
698 2978 771 3060 quia
784 2997 860 3059 opus
880 2977 1067 3060 precipitur,
1088 2993 1150 3038 non
1168 2993 1239 3037 vero
1259 2973 1428 3050 motivum,

158 3063 221 3126 nisi
237 3065 314 3128 forte
328 3072 358 3128 et
372 3065 428 3130 hoc
442 3067 642 3148 exprimatur.
659 3070 783 3131 Constet
797 3067 891 3130 etiem
905 3086 942 3130 err
956 3064 1157 3147 propositione
1171 3067 1210 3126 tc
1226 3062 1300 3124 Boii
1310 3081 1328 3125 e
1340 3062 1392 3126 Pio
1404 3063 1431 3122 V

156 3153 321 3303 (ἔωιιιιιιιι,
344 3173 413 3236 que
435 3155 477 3218 sic
498 3173 529 3218 se
545 3156 637 3220 habet
653 3174 660 3216 τ
675 3155 747 3218 Non
766 3167 808 3218 est
830 3175 903 3218 cero
926 3156 998 3238 lepis
1018 3153 1199 3231 odedientia,
1222 3171 1288 3234 pce
1306 3151 1345 3233 fit
1368 3152 1432 3211 sine

186 3247 310 3304 oritate.

199 3333 251 3392 lV.
268 3335 335 3396 Non
349 3332 519 3414 requiritur
534 3332 665 3396 intentio
680 3333 830 3415 implendi
845 3334 941 3396 finem
955 3332 1112 3413 precepti,
1130 3330 1192 3394 riisi
1206 3330 1277 3392 linis
1290 3329 1340 3389 ille
1354 3343 1430 3416 pre-

156 3420 220 3483 cise
238 3439 299 3502 per
311 3441 342 3484 ee
355 3422 564 3503 precipiatur3
583 3422 657 3503 quie
672 3423 825 3486 ordinarie
846 3441 899 3503 per
915 3423 1010 3484 solam
1029 3428 1115 3484 ectus
1134 3419 1330 3501 positionem,
1348 3433 1431 3496 que-

157 3527 292 3590 cumque
306 3509 348 3573 sit
366 3511 492 3574 demum
505 3511 635 3575 intentio
649 3511 785 3590 agentis,
802 3511 874 3574 finis
888 3511 953 3591 ipse
967 3509 1041 3590 legis
1056 3509 1239 3573 sufficienter
1253 3503 1428 3578 obtinetur;

158 3598 290 3680 ideoque
317 3618 379 3663 non
404 3605 544 3664 censetur
567 3600 661 3663 luisse
689 3617 707 3662 a
734 3600 903 3680 legislatore
937 3605 1120 3680 preceptus,
1145 3595 1206 3660 nisi
1232 3594 1264 3656 id
1292 3609 1431 3671 expresse

157 3687 339 3751 declaretur.

198 3777 278 3840 Hinc
290 3777 413 3841 exiome
425 3797 432 3839 :
446 3779 534 3842 Finr'e
542 3781 692 3863 precepti
705 3799 766 3841 noc
778 3777 858 3840 cadit
870 3777 924 3839 aod
935 3787 1094 3860 precepto.
1109 3809 1149 3823 -
1162 3772 1196 3836 S.
1213 3770 1325 3834 Ttom.
1342 3773 1370 3831 t.
1385 3773 1430 3845 9.,

156 3885 190 3948 q.
207 3871 285 3941 100,
303 3875 363 3928 ort.
382 3871 417 3944 9,
434 3872 502 3944 etc,
520 3869 631 3932 etalii.

281 4021 494 4087 Resolves.

199 4171 385 4230 rot-10
406 4167 571 4240 Satisfecit‚
593 4167 647 4249 qui
667 4167 756 4230 audit
778 4167 917 4240 Missam,
942 4165 1087 4246 ignorans
1110 4160 1195 4224 illam
1214 4161 1272 4223 hec
1295 4159 1343 4223 die
1366 4175 1431 4222 esse

157 4261 358 4336 praeceptam,
379 4256 428 4319 rel
448 4255 498 4319 cui
517 4255 669 4335 cognoscit
685 4255 810 4337 quidem
826 4253 1057 4336 obligationem,
1080 4250 1132 4314 scd
1149 4248 1285 4312 intendit
1303 4254 1430 4311 tentum

156 4341 209 4406 hic
228 4350 261 4446 et
276 4362 360 4406 nunc
372 4335 530 4408 'devotioni
549 4342 734 4421 satisfecere,
756 4362 827 4407 cum
845 4340 998 4425 proposito
1016 4339 1109 4402 aliam
1127 4339 1251 4406 Missam
1270 4335 1426 4401 audiendi.

158 4431 578 4600 Stfflobhvbffisatislacit,
595 4521 649 4606 qui
663 4541 739 4604 opus
754 4522 816 4586 voti
831 4520 878 4585 vel
888 4518 1057 4603 juramenti
1072 4519 1159 4603 ponit
1172 4516 1356 4584 intendendo
1373 4529 1427 4574 ee-
