3156 5026
183 167 252 227 tto
718 178 925 225 ranornrus

182 289 365 364 invenisset,
382 293 436 352 aut
449 289 525 371 quid
537 289 651 365 simile;
666 289 740 371 quia
754 287 921 371 cooperatio
936 293 1076 353 1611666
1089 289 1150 352 fuit
1164 307 1234 353 vere
1248 289 1368 366 efficax,
1384 308 1464 372 prm-

182 378 289 442 sertim
301 377 326 440 si
340 377 519 459 praevideris
530 377 631 441 iurem
645 396 776 459 pravum
790 395 882 441 suum
894 377 1085 458 propositum
1095 397 1159 441 non
1170 397 1234 441 esse
1246 385 1461 442 mutaturimi.

167 467 214 530 ei
228 472 332 530 autem
346 485 478 548 nequeas
493 474 699 530 exsecutorem
713 473 848 530 avertere
858 485 876 529 a
886 468 999 529 damno
1010 466 1184 542 inferendo,
1198 467 1312 529 teneris
1323 467 1465 549 exjusti-

180 556 225 618 tia
240 556 364 618 adeum
378 556 583 630 monendum,
598 555 649 618 cui
663 556 815 618 damnum
833 554 993 631 imminet,
1017 560 1053 618 ut
1070 562 1197 618 censent
1217 559 1358 619 Doctores
1380 559 1466 638 apud

180 643 216 707 S.
231 643 438 726 Alpbonrum,
452 665 483 707 a.
501 647 571 708 559.

221 737 323 809 01166.
341 738 373 797 2⁰
384 736 436 795 An
452 742 594 794 teneatur
608 732 649 796 ud
661 737 880 795 restitutionem
895 733 1050 795 consulens
1066 735 1166 794 minus
1179 732 1292 794 molum
1306 733 1349 796 ad
1361 735 1464 816 majus

182 821 403 885 avertendum?

222 911 310 994 Reep.
327 909 419 993 Nep,
435 910 462 974 si
474 916 583 990 agatur
593 911 630 973 de
639 911 744 974 eadem
753 928 897 991 persona,
908 910 982 992 quia
991 909 1154 974 consilium
1163 909 1224 992 ipsi
1235 911 1334 985 favet,
1345 912 1463 975 nedum

183 1005 304 1075 noceat;
322 1017 407 1062 secus
421 1005 542 1074 autem,
555 1001 646 1080 juxta
661 999 789 1073 multos,
807 998 833 1062 si
850 1007 960 1080 agatur
973 999 1010 1062 de
1024 999 1099 1074 alie,
1116 999 1153 1062 de
1169 1015 1231 1080 qua
1249 999 1464 1064 damnificatur

181 1107 243 1152 non
263 1087 431 1168 cogitabat,
454 1087 527 1168 quie
544 1087 610 1150 haec
629 1087 852 1150 rationabiliter
865 1087 965 1150 invita
985 1087 1094 1150 merito
1115 1095 1265 1151 censetur.
1279 1124 1321 1135 —
1334 1086 1370 1149 S.
1390 1089 1462 1172 Lep.

182 1199 214 1239 o.
231 1181 301 1241 666.
318 1175 513 1240 Contrarium
529 1183 636 1239 temen
652 1183 757 1239 tenent
771 1176 822 1238 alii
836 1176 935 1256 pauci.

223 1271 292 1330 678.
308 1299 349 1312 -
364 1267 465 1341 Quen.
487 1270 519 1328 3⁰
538 1265 588 1326 Aa
610 1267 763 1326 considens
780 1265 892 1328 malum
911 1265 1002 1326 alteri
1025 1275 1161 1328 teneatur
1180 1269 1270 1328 etiam
1289 1265 1327 1328 de
1345 1265 1463 1330 damno

184 1375 247 1438 qnae
261 1353 310 1418 tte
321 1373 429 1437 possus
439 1363 482 1416 est
496 1353 681 1436 essequeado
690 1375 823 1436 pronum
837 1355 1020 1416 concilium?

224 1444 316 1524 Hesp.
333 1442 426 1524 Nep,
444 1461 500 1524 per
520 1461 559 1503 ee.
583 1441 670 1505 Ratio
689 1450 749 1514 est,
768 1442 842 1523 quia
859 1442 919 1523 ipsi
940 1441 1058 1504 nullam
1080 1440 1189 1504 intulit
1209 1441 1374 1523 injuriam,
1392 1463 1462 1508 cum

185 1533 269 1595 nulla
281 1529 397 1612 injuria
407 1531 511 1592 scienti
520 1535 550 1592 et
563 1533 678 1592 uolenti
691 1530 759 1607 fiat;
774 1549 894 1594 merum
909 1532 994 1594 enim
1008 1529 1171 1592 consilium
1187 1549 1250 1593 non
1265 1529 1398 1612 impedit
1407 1553 1464 1614 per

185 1640 230 1696 16,
246 1619 413 1702 quominus
427 1618 505 1681 actio
520 1618 701 1681 consultoris
714 1618 754 1681 sit
764 1618 852 1700 plane
864 1617 1047 1682 voluntaria.
1060 1653 1099 1664 —-
1109 1620 1201 1681 Secus
1215 1625 1337 1694 11111166,
1352 1621 1379 1684 si
1393 1640 1462 1685 con-

187 1709 289 1772 sulens
300 1709 372 1771 adeo
384 1713 591 1770 exsecutorem
605 1706 841 1770 circumvenerit
856 1707 1016 1771 fraudibus
1030 1707 1076 1770 161
1092 1705 1351 1787 sophismatibus,
1366 1715 1401 1772 ut
1413 1710 1463 1774 hic

187 1799 225 1861 ad
237 1795 355 1861 consilii
369 1795 568 1878 iniquitatem
581 1815 642 1859 non
659 1796 836 1859 adverterit.
1167 1795 1172 1806 '
1322 1805 1324 1810 '

226 1890 328 1963 Quina.
342 1891 374 1950 t⁰
390 1884 438 1946 An
453 1885 607 1946 consulens
618 1895 737 1947 tontum
752 1885 875 1948 modom
890 1885 1015 1967 injusto
1028 1887 1154 1948 oetiouis
1170 1895 1311 1948 teneatur
1324 1887 1365 1948 od
1374 1888 1463 1950 resti·

188 1973 353 2038 tutionem?
1207 2027 1210 2032 .

227 2065 321 2146 Hesp.
339 2063 430 2146 Nep,
445 2063 471 2126 si
486 2063 595 2126 modus
610 2063 651 2126 sit
662 2081 745 2126 mere
759 2063 967 2138 accidentalis,
982 2070 1017 2125 ut
1029 2069 1103 2126 sunt
1117 2064 1326 2128 communiter
1338 2065 1463 2128 circum·

188 2153 310 2217 stantiae
327 2153 488 2233 temporie,
504 2152 576 2226 loci,
591 2152 696 2214 medii.
714 2155 805 2214 Secus
817 2159 936 2227 autem,
949 2151 975 2214 si
988 2153 1097 2214 modus
1109 2152 1305 2232 aliquatenus
1317 2154 1464 2218 redundet

188 2241 221 2304 in
236 2240 459 2314 substantiam,
476 2260 506 2302 v.
523 2259 581 2320 gr„
599 2243 626 2302 si
636 2242 787 2303 damnum
801 2246 924 2320 augeat,
941 2247 997 2302 etc.
1014 2276 1053 2288 -
1067 2241 1101 2303 S.
1115 2240 1186 2322 Liq.
1203 2245 1321 2304 11563.

227 2330 328 2404 Quen.
340 2332 371 2390 5⁰
380 2330 431 2389 An
440 2339 576 2390 teneatur
584 2329 624 2390 od
632 2330 849 2391 restitutionem
856 2329 983 2390 suadens
991 2340 1024 2390 ut
1033 2328 1175 2391 domnum
1186 2331 1274 2390 citius
1284 2331 1466 2410 inseratur?

226 2415 315 2498 Resp.
338 2416 428 2496 Nep,
449 2415 476 2476 si
492 2423 592 2478 certus
613 2417 668 2490 sit,
693 2419 824 2480 alterum
845 2435 909 2479 esse
930 2418 1105 2479 adulatum
1127 2417 1381 2492 determinatum,
1403 2437 1462 2481 nec

187 2522 319 2586 pravum
340 2503 483 2566 animum
504 2522 569 2566 esse
591 2511 803 2582 mutaturum;
828 2523 913 2569 secus
935 2505 969 2568 in
992 2505 1052 2568 alia
1076 2503 1244 2588 hypothesi.
1267 2539 1306 2549 —-
1326 2504 1361 2566 S.
1385 2506 1462 2588 Le'p.

189 2615 221 2656 n.
238 2597 312 2668 563,
329 2598 385 2655 etc.

229 2685 299 2747 679.
312 2719 353 2728 -
369 2684 470 2758 Quian.
487 2686 520 2745 6ο
534 2681 583 2742 An
600 2682 754 2744 consulens
767 2686 916 2766 primorie
936 2683 983 2744 vel
998 2681 1175 2744 secundario
1196 2689 1308 2742 tontum
1323 2680 1362 2742 611
1373 2681 1467 2744 resti-

194 2776 340 2834 tutionem
354 2771 511 2832 tenentur?

231 2861 319 2941 Resp.
337 2877 349 2920 ,·
362 2860 423 2920 Per
440 2879 470 2920 se
487 2859 664 2921 secundario
683 2867 808 2922 tantum
826 2867 959 2936 tenetur,
980 2858 1053 2941 quia
1066 2866 1224 2922 exsecutor
1242 2864 1288 2922 est
1306 2861 1468 2944 principa-

193 2949 263 3011 liter
277 2968 382 3030 opens,
400 2953 503 3028 utpote
518 2949 570 3029 qui
586 2949 710 3012 nomine
724 2948 845 3030 proprio
859 2949 931 3029 agit.

231 3041 332 3114 Quma.
348 3042 379 3099 7⁰
397 3037 446 3097 An
460 3038 508 3099 ool
521 3038 665 3120 quoocodo
676 3048 813 3098 tenentur
824 3037 864 3099 ud
872 3039 1091 3099 restitutionem
1103 3037 1180 3099 dans
1193 3037 1350 3100 eonsilium
1359 3037 1467 3100 dochi-

190 3127 259 3190 6616
273 3127 411 3187 nocivum
426 3146 464 3187 er:
476 3130 652 3208 iqraorontc'o
666 3129 802 3208 praviter
818 3127 988 3208 culpabili?

231 3215 325 3297 Resp.
343 3221 373 3278 1ο
393 3234 399 3276 :
416 3215 448 3278 Si
463 3215 539 3277 dans
553 3214 730 3289 consilium,
751 3213 784 3276 id
800 3219 869 3295 agat
881 3233 918 3277 ex
937 3234 992 3278 suo
1007 3218 1088 3277 statu
1104 3214 1151 3278 rel
1163 3211 1274 3290 officio,
1291 3233 1323 3276 v.
1342 3231 1401 3294 gr„
1417 3214 1467 3276 ad-

192 3311 331 3379 vocatus,
348 3303 501 3378 medicus,
521 3303 742 3376 confessarius
764 3310 835 3378 etc,
856 3309 977 3366 tenetur
995 3304 1033 3365 ad
1054 3302 1282 3366 restitutionem
1302 3302 1338 3364 de
1357 3303 1465 3365 damno

133 3397 138 3408 '
193 3393 308 3475 injusto
326 3392 408 3474 quod
426 3411 463 3454 ox
486 3410 540 3453 suc
559 3391 684 3453 consilio
703 3391 852 3471 sequitur,
871 3391 935 3454 sire
954 3411 1023 3472 erga
1037 3396 1192 3472 potentem
1206 3391 1389 3464 consilium,
1407 3391 1467 3452 sire

194 3500 264 3562 erge
281 3481 370 3543 illurn
389 3488 494 3543 contra
511 3497 604 3560 quom
623 3481 724 3542 datur.
741 3480 830 3543 Ratio
848 3487 910 3555 est,
930 3480 1003 3561 quia
1024 3480 1148 3542 societas
1161 3483 1215 3560 jus
1234 3479 1341 3554 habet,
1366 3487 1402 3541 ut
1421 3479 1467 3540 ifle

194 3569 353 3630 scientiam
362 3569 474 3630 habeat
483 3569 606 3631 muneri
621 3586 675 3630 suo
690 3567 932 3630 convenientem.
947 3569 1046 3630 -lto
1059 3569 1266 3630 communiter.

235 3657 321 3738 Reep.
337 3659 372 3719 '2⁰
392 3677 398 3716 :
422 3657 453 3718 Si
474 3658 635 3719 consulens
655 3675 717 3718 non
740 3655 781 3718 sit
803 3657 872 3718 talis
890 3675 1031 3737 persone,
1050 3675 1119 3738 quae
1137 3655 1255 3718 ratione
1269 3657 1410 3719 muneris
1423 3655 1467 3716 161

196 3752 295 3808 status
315 3745 364 3808 sui
376 3744 519 3825 peritiam
534 3763 595 3826 prae
611 3763 642 3807 se
660 3744 752 3819 ierat,
768 3753 799 3806 1ο
818 3763 881 3806 666
896 3751 1018 3808 tenetur
1032 3765 1102 3826 erga
1117 3749 1273 3826 petentem
1290 3744 1465 3814 consilium,

195 3834 257 3896 nisi
269 3853 306 3896 61
320 3833 445 3896 oonsilio
458 3834 568 3906 doloso,
580 3852 635 3895 seu
645 3833 707 3895 nisi
721 3833 840 3896 affectet
853 3851 998 3913 magnam
1007 3835 1159 3915 peritiam,
1175 3837 1342 3914 quacaret;
1354 3832 1468 3895 9061111·

195 3929 285 4001 gutur
308 3929 411 3984 tamen
435 3940 505 4004 erga
525 3922 649 3984 tertiam
670 3939 932 4003 personamque
953 3923 1024 3985 inde
1041 3924 1191 3985 damnum
1210 3921 1340 4002 patitur,
1362 3922 1387 3984 si
1408 3922 1468 4000 ipse

194 4009 349 4090 propriam
374 4009 564 4092 imperitiam
582 4011 718 4084 noverit,
740 4017 770 4072 et
795 4012 946 4074 damnum
964 4017 1144 4074 secuturum
1166 4010 1281 4074 saltem
1294 4009 1331 4071 in
1347 4010 1469 4073 confuso

193 4098 379 4178 praeviderit.
395 4135 436 4146 -
449 4098 483 4161 S.
502 4099 573 4181 Lep.
588 4120 618 4159 n.
636 4103 711 4174 561,
728 4109 758 4159 et
771 4099 829 4160 olii
842 4103 1050 4161 communiter.

316 4228 529 4293 ResolreS.

236 4337 306 4418 680.
321 4361 405 4418 --1ο
419 4357 574 4432 MuliereS,
598 4357 705 4437 plebeii
727 4363 758 4419 et
776 4356 828 4420 alii
851 4356 1034 4436 generatim,
1051 4373 1184 4438 quorum
1202 4360 1273 4418 nota
1291 4363 1340 4419 est
1352 4351 1471 4418 insuffi-

196 4441 322 4515 cientia,
336 4463 389 4506 neo
403 4443 546 4524 peritiam
559 4446 659 4508 dolose
673 4445 831 4522 affectant,
850 4445 929 4508 nihil
946 4445 1107 4509 restituere
1122 4451 1266 4508 tenentur
1281 4443 1320 4507 iis
1332 4443 1388 4525 qui
1401 4459 1469 4506 con-
