3156 5026
199 236 269 296 ldd
734 241 941 290 rnacrnnns

199 359 270 424 dod.
292 357 350 422 civ.
371 365 432 418 ort.
453 357 549 430 2236,
572 359 678 418 contra
697 353 772 417 alios
793 353 849 436 qui
871 352 995 428 dicunt,
1022 353 1114 416 talem
1135 351 1288 416 heredem
1305 369 1369 416 non
1389 371 1475 434 posse

199 445 457 528 prescriptionem
472 443 623 525 prosequi.
637 478 680 489 -
692 441 839 506 Billaort.
855 479 896 490 -
910 441 1012 526 Lupo,
1027 447 1086 506 oto.

238 539 339 612 Quen.
355 539 388 598 l·
401 532 451 593 Ao
466 531 548 594 mola
562 531 638 614 fides
648 532 840 595 antecessoris
853 540 959 593 noceat
971 529 1089 594 toredt
1096 529 1249 594 mediato?

238 624 327 707 Resp.
342 621 419 706 Nep.
433 621 637 706 probabilius,
653 620 727 703 quia
744 619 797 684 hic
816 636 880 684 non
900 625 1041 683 censetur
1058 619 1153 684 iacere
1167 619 1292 684 unicam
1312 639 1474 702 porsonam

198 731 270 778 oum
284 719 480 775 antecessore.
494 709 595 772 -lta
609 709 711 793 plures
727 719 834 772 contra
841 708 960 792 plores.
970 745 1010 756 -
1021 708 1057 771 S.
1073 709 1143 790 Lip.
1156 729 1188 771 o.
1204 712 1278 784 512,
1293 727 1366 772 oum
1374 710 1471 792 Lupo,

198 803 346 881 Loaroio,
362 801 533 882 lopiano,
549 804 619 874 eto,
636 796 823 862 sententiam
836 797 1041 862 affirmmtcm
1056 796 1149 862 habet
1164 803 1313 880 anquam
1331 798 1473 879 prohabi-

198 892 316 958 liorcm.
330 925 369 937 —
389 890 422 954 V.
441 889 550 968 daem,
567 891 628 952 434
640 896 742 970 etseq.

737 1089 878 1136 runctmt
898 1090 933 1136 lv

720 1237 761 1294 Dc
775 1235 952 1294 accessione.

238 1408 309 1468 591.
323 1434 364 1450 -
374 1398 513 1463 decessio
529 1403 576 1462 est
589 1397 699 1461 modus
713 1397 891 1480 acquirendi
905 1396 1079 1460 dominium
1097 1397 1131 1460 in
1148 1415 1215 1460 rem
1232 1395 1385 1480 aliquam,
1407 1417 1474 1480 pro-
1571 1381 1572 1430 3

197 1500 301 1593 pterea
315 1490 397 1591 quod
418 1508 466 1552 res
484 1487 536 1550 illa
551 1486 597 1550 rei
610 1494 723 1586 nostres
741 1485 913 1569 adJ'iciatur.
930 1485 1067 1550 decessio
1085 1492 1190 1550 autem
1209 1486 1275 1550 fieri
1288 1486 1366 1550 solet
1380 1487 1473 1551 variis

199 1578 473 1742 motiliilostctirliiiie,
490 1685 543 1730 seu
557 1665 679 1748 quaudo
698 1683 736 1729 ex
754 1663 882 1728 animali
900 1670 1005 1728 nostro
1023 1664 1108 1728 aliud
1125 1663 1273 1740 nascitur,
1294 1665 1353 1729 etsi
1371 1685 1475 1730 conce-

199 1765 290 1841 ptum
303 1758 341 1819 de
356 1756 490 1818 masculo
507 1757 546 1818 ad
560 1754 658 1817 alium
671 1753 854 1836 pertinente.
870 1752 929 1829 Qui
945 1753 1029 1816 enim
1043 1753 1299 1830 tabernatam,
1311 1758 1365 1837 jus
1383 1755 1476 1818 habet

201 1849 239 1910 ad
253 1864 360 1910 omncs
374 1848 439 1927 ejus
454 1849 571 1924 partus.
593 1843 671 1906 Hinc
690 1841 836 1905 axioma:
857 1842 972 1905 Portus
989 1843 1126 1924 sepultor
1138 1845 1288 1919 joentrem.
1304 1877 1344 1890 -
1360 1844 1472 1906 Eodem
1572 1841 1573 1844 ’

200 1938 238 2000 de
251 1953 342 1999 causa
353 1931 452 1997 nostri
469 1939 544 1996 sunt
559 1949 664 1996 omnes
678 1930 798 1995 fructus
811 1930 981 2006 naturales,
998 1930 1103 1994 civiles
1119 1937 1175 1994 aut
1190 1931 1399 2007 industriales,
1415 1932 1472 2013 qui

201 2024 322 2088 erebus
335 2021 449 2086 nostris
468 2020 565 2084 veluti
584 2025 765 2096 nascuntur,
781 2038 813 2082 v.
828 2039 887 2102 gn,
904 2018 1024 2083 arbores
1038 2037 1176 2101 onagro,
1192 2020 1298 2102 pensio
1313 2021 1470 2083 eudemus

200 2113 361 2188 locatione,
377 2115 435 2173 oto.

241 2207 273 2264 2⁰
290 2200 471 2278 Alluciooe,
489 2218 544 2261 seu
562 2199 683 2280 quando
702 2197 735 2263 vi
755 2204 811 2260 aut
830 2199 925 2261 otiam
938 2217 1058 2262 recessu
1077 2215 1230 2279 aquarum
1248 2199 1473 2262 monumentum

202 2290 293 2354 alicui
305 2287 418 2369 predio
432 2287 582 2368 paulatim
601 2287 726 2351 accedit.
741 2291 809 2351 Non
829 2295 934 2350 autem
952 2287 1104 2352 alluvione
1122 2287 1283 2368 repentino
1300 2286 1473 2351 dominium

202 2378 317 2460 acquiri
329 2382 438 2458 potest.
455 2377 509 2439 Sic
524 2379 625 2439 omnio
635 2377 715 2440 duro
729 2383 879 2438 statuunt.

243 2471 275 2532 3⁰
290 2466 507 2548 adjunctione,
524 2484 579 2528 seu
589 2466 712 2547 quando
726 2483 775 2528 res
787 2465 856 2528 duae
870 2465 909 2528 ad
921 2462 1056 2528 diversos
1070 2463 1208 2528 dominos
1222 2465 1410 2546 pertinentes
1430 2467 1479 2528 ita

201 2558 237 2622 in
251 2573 352 2620 unum
367 2555 444 2636 quid
458 2555 643 2629 coalescunt,
666 2561 703 2616 ut
721 2552 854 2634 separari
871 2553 937 2616 sine
955 2554 1141 2617 detrimento
1157 2553 1349 2633 nonpossint
1366 2573 1375 2615 :
1397 2559 1478 2616 tunc

203 2653 304 2710 totum
319 2643 524 2725 compositum
535 2649 581 2706 est
597 2641 696 2716 iliius,
708 2645 796 2725 cujus
808 2641 939 2705 matoria
949 2648 997 2704 est
1010 2641 1044 2704 in
1058 2661 1091 2705 re
1105 2641 1263 2722 composita
1275 2641 1476 2721 prestantior

203 2737 268 2800 sive
282 2733 515 2814 magnitudine,
533 2731 597 2798 sive
610 2730 723 2813 pretio,
739 2731 873 2813 adeoque
889 2737 1038 2814 tanquam
1056 2749 1127 2812 pars
1142 2729 1313 2812 principalis
1329 2729 1479 2792 habenda

202 2831 266 2902 est;
282 2825 335 2888 sed
347 2822 398 2886 hio
412 2822 542 2884 alterum
561 2820 740 2884 indemnem
755 2819 850 2884 iacere
864 2820 962 2884 dehet.
982 2853 1022 2870 -
1036 2819 1089 2884 Sic
1102 2821 1158 2882 loc
1172 2819 1338 2881 Romanum
1353 2828 1384 2881 et
1398 2818 1480 2880 Gol-

203 2915 304 2976 licum.

242 3006 275 3064 l⁰
291 2999 541 3082 Specificotione,
556 3017 610 3063 seu
624 2999 746 3082 quando
760 3018 797 3062 ex
809 2999 908 3062 aliena
919 2999 1048 3062 materia
1059 3017 1140 3062 nova
1154 2997 1284 3078 corporis
1298 2997 1411 3078 specics
1423 3016 1477 3078 per

203 3095 301 3154 utem
315 3088 484 3153 conficitur.
500 3092 588 3152 'lunc
600 3109 638 3152 co
648 3089 723 3150 lore
734 3089 835 3163 Rom,
850 3087 876 3151 si
887 3087 998 3169 species
1009 3089 1048 3150 ad
1058 3085 1190 3168 priorem
1202 3087 1366 3150 materiam
1380 3087 1478 3150 redire

203 3196 265 3243 non
279 3177 390 3259 possit,
407 3195 455 3240 res
469 3177 602 3258 pertinet
616 3178 655 3240 ad
669 3176 832 3251 artificem,
845 3175 900 3256 qui
914 3181 1035 3239 tenetur
1049 3175 1185 3256 pretium
1198 3175 1337 3240 materia
1351 3176 1475 3250 solvere,

203 3275 234 3330 et
247 3268 374 3340 damna,
392 3265 419 3327 si
433 3284 503 3346 quae
517 3267 596 3342 sint,
612 3283 817 3347 compensare.
828 3299 869 3312 -
882 3264 938 3326 lia
948 3264 1025 3326 lure
1034 3270 1140 3328 autem
1155 3263 1236 3328 Gall.
1252 3265 1397 3328 dominus
1411 3282 1478 3326 ma-

205 3354 287 3420 uua
301 3371 415 3418 novam
434 3353 564 3434 speciem
580 3360 713 3435 repetere
727 3360 842 3435 potest,
861 3351 973 3416 laboris
994 3353 1131 3434 pretium
1149 3354 1304 3418 solvendo.
1322 3353 1353 3416 si
1373 3359 1479 3415 tamen

202 3445 338 3526 pretium
355 3441 517 3506 industriae
537 3443 624 3523 longe
642 3447 763 3524 superet
782 3441 918 3524 pretium
937 3441 1091 3516 materie,
1108 3441 1217 3505 aniles
1232 3442 1362 3505 retinere
1378 3449 1479 3523 potest

203 3533 333 3613 speciem
346 3552 366 3596 a
379 3551 411 3596 se
425 3529 604 3606 confectam,
622 3531 720 3595 soluto
734 3531 871 3594 materiae
884 3531 993 3612 pretio.
1013 3531 1045 3593 si
1065 3529 1176 3594 artilex
1193 3531 1276 3593 mala
1292 3531 1350 3594 tide
1366 3531 1478 3612 egerit,

203 3621 315 3685 damna
329 3621 453 3685 domino
467 3619 512 3684 rei
527 3618 612 3684 illota
627 3639 765 3702 reparare
779 3625 912 3683 tenetur.

243 3715 275 3774 5⁰
297 3709 531 3784 Commiotiooe,
555 3728 609 3773 seu
630 3709 804 3790 confusione
823 3707 957 3772 duorum
975 3727 1080 3772 rerum
1100 3727 1185 3791 aeque
1203 3708 1422 3791 principalium
1440 3710 1480 3771 ad

203 3800 338 3864 diversos
351 3798 574 3880 pertinentium
589 3797 739 3862 dominos.
752 3801 852 3872 Tune,
868 3797 895 3860 si
905 3816 952 3860 res
965 3797 1072 3862 mixta
1082 3797 1200 3880 possint
1210 3797 1347 3878 dignosci
1358 3803 1481 3878 etsepa-

202 3888 279 3964 rari,
297 3893 489 3968 separentur;
504 3886 616 3950 sivero
627 3906 690 3950 non
706 3886 825 3968 possint
839 3884 989 3967 dignosci,
1006 3905 1055 3950 res
1074 3886 1248 3950 communis
1262 3886 1337 3964 erit,
1354 3895 1387 3950 et
1398 3885 1480 3950 diti-

203 3976 301 4040 denda
310 3995 364 4057 pro
375 3979 441 4039 rata
453 3975 639 4057 quantitatis
653 3975 781 4057 proprie
796 3975 1001 4055 sinprtorum.
1021 3978 1168 4040 Attamen
1181 3975 1328 4040 dominus
1343 3975 1480 4038 materie

203 4064 423 4146 prestantioris
441 4070 542 4128 totum
559 4065 721 4128 cumulum
741 4081 860 4128 servare
874 4069 989 4144 potest,
1004 4064 1085 4128 iacta
1098 4064 1202 4128 debita
1214 4064 1477 4145 compensatione;

203 4154 229 4218 si
244 4161 348 4216 autem
362 4172 409 4218 res
421 4154 528 4218 mixte
542 4153 606 4218 sint
615 4152 734 4217 oircitu
744 4153 890 4233 aequales,
902 4153 1103 4234 compositrun
1116 4153 1251 4234 pertinet
1262 4155 1300 4216 ad
1312 4160 1481 4236 utrumque

203 4243 365 4305 dominum
385 4243 419 4305 in
436 4243 609 4319 communi,
625 4247 661 4306 ct·
677 4240 725 4306 vel
748 4243 891 4304 cumulus
910 4241 1017 4318 vendi,
1035 4250 1070 4307 ut
1087 4241 1223 4324 pretium
1241 4240 1409 4316 dividatur,
1431 4240 1481 4302 vel

203 4330 300 4394 dividi
314 4349 367 4412 pro
382 4339 449 4394 rata
461 4336 569 4414 potest.

244 4421 312 4481 592.
328 4455 369 4467 -
383 4425 416 4484 6⁰
437 4421 675 4504 AEda'ficotiooe,
700 4439 754 4484 seu
777 4421 899 4502 quando
922 4421 1114 4484 constrantur
1136 4419 1300 4486 edificium
1323 4439 1360 4484 ex
1381 4418 1481 4483 siena

206 4507 335 4571 materia
352 4507 385 4572 in
404 4509 525 4591 proprio
542 4510 653 4589 fundo,
670 4510 718 4575 vel
737 4529 775 4574 ex
794 4509 916 4592 propria
934 4509 1063 4574 materia
1081 4509 1228 4574 infundo
1247 4509 1360 4586 alieno,
1376 4508 1423 4572 vel
1443 4527 1484 4572 ax
1516 4579 1526 4590 ⁸
