3168 5002
478 188 769 233 Pu0P0s1T10rlnnt
794 187 1046 236 numunianum
1353 179 1395 238 43

158 299 205 357 56.
218 297 321 366 David,
332 298 479 367 ieremias,
495 299 524 354 et
538 298 622 356 multi
637 315 671 356 cx
684 300 791 357 sanctis
805 300 950 374 prophetis
965 299 1129 374 hujusmodi
1142 300 1293 357 violentias
1309 303 1397 374 patie·

122 380 229 438 bantur
243 379 344 434 harum
358 377 536 452 impurarum
550 379 747 453 operationum
760 380 952 437 externarum.

157 475 205 532 51.
218 477 252 532 ln
274 490 355 531 sacra
372 474 520 549 Scriptura
540 474 630 532 multa
648 479 717 532 sunt
734 477 863 550 exempla
879 476 1080 534 violentiarum
1102 475 1138 532 ad
1161 477 1242 533 actus
1263 478 1395 534 externos

122 555 358 632 peccaminosos:
374 555 416 612 uti
435 553 509 612 illud
530 556 564 612 de
586 557 724 614 Samsone
743 557 792 630 qui
807 573 857 632 per
871 557 1036 614 violentiam
1052 573 1082 614 se
1096 557 1192 630 ipsum
1213 556 1316 613 occidit
1330 573 1396 614 cnm

122 635 294 704 Philistaeis,
308 635 472 708 conjugium
491 636 557 692 iniit
571 651 635 693 cum
654 635 831 707 alienigena,
844 637 873 693 et
887 653 951 694 cum
966 637 1059 695 Dalila
1073 637 1222 694 meretrice
1239 638 1395 694 fornicatus

123 721 184 784 est,
199 729 261 790 quae
282 712 355 771 alias
374 716 455 771 erant
469 715 627 788 prohibita,
643 717 672 772 et
683 718 798 789 peccate
818 716 941 774 luissent
952 738 959 773 ε
971 717 1005 773 de
1025 717 1155 786 tuditba,
1170 732 1233 789 quae
1252 716 1397 773 Holoferni

125 795 242 852 mentita
260 793 316 851 luit
328 815 334 850 :
347 795 383 851 de
398 794 516 865 Elisaeo,
533 795 582 867 qui
604 795 701 869 pueris
723 796 892 853 maledixit:
907 796 944 854 de
964 796 1042 867 Elia,
1063 797 1112 870 qui
1132 797 1291 854 combussit
1307 797 1397 853 duces

126 891 189 934 cum
201 875 307 932 turmis
321 874 398 946 regis
409 875 516 932 Achab.
527 876 571 933 An
584 891 650 934 vero
664 877 752 932 luerit
765 876 902 934 violentia
917 876 1082 934 immediate
1101 893 1118 933 a
1134 880 1191 935 Deo
1206 877 1335 952 peracta,
1350 876 1397 933 vel

125 955 284 1012 demonum
300 955 475 1025 ministerio,
492 957 524 1012 ut
539 954 570 1012 in
588 955 656 1012 aliis
669 957 822 1013 animabus
836 957 990 1029 contingit,
1005 957 1036 1014 in
1050 957 1137 1014 dubio
1150 956 1332 1030 relinquitur.

158 1050 203 1108 52.
217 1052 288 1110 Cum
303 1050 468 1123 hujusmodi
484 1051 628 1109 violentiae
644 1053 730 1109 etiam
747 1054 866 1127 impurae
879 1053 989 1127 absque
1005 1054 1109 1111 mentis
1124 1053 1311 1110 offuscatione
1324 1053 1397 1110 acci·

122 1131 208 1200 dunt,
224 1135 294 1188 tunc
307 1131 405 1188 anima
416 1134 474 1188 beo
486 1133 581 1206 potest
594 1132 685 1201 uniri,
701 1132 778 1189 etde
792 1134 866 1190 lacto
881 1151 993 1208 semper
1007 1134 1099 1206 magis
1116 1134 1225 1191 unitur.

158 1226 205 1284 53.
219 1227 262 1284 Ad
277 1228 506 1299 cognoscendum
524 1228 554 1284 in
568 1227 649 1301 praxi
663 1245 699 1284 an
713 1229 810 1303 aliqua
824 1231 950 1304 operatio
966 1231 996 1287 in
1013 1231 1079 1286 aliis
1093 1230 1223 1303 personis
1238 1229 1325 1286 tuerit
1338 1229 1399 1287 rio-

121 1307 212 1376 lenta,
222 1307 322 1378 regula
337 1323 423 1381 quam
437 1307 471 1365 de
483 1307 536 1364 hoc
548 1308 649 1378 habeo,
662 1307 767 1364 nedum
781 1313 849 1366 sunt
863 1311 1081 1384 protestationes
1096 1310 1256 1366 animarum
1268 1309 1396 1378 illarum,

123 1403 191 1459 quer
204 1388 397 1461 protestantur
410 1403 441 1445 so
455 1387 540 1444 dictis
551 1388 697 1445 violentiis
712 1405 769 1444 non
783 1390 975 1460 consensisse,
991 1391 1041 1447 aut
1048 1391 1146 1462 Jurare
1159 1407 1215 1447 non
1224 1406 1311 1464 posse
1323 1389 1397 1462 quod

123 1467 162 1524 iis
178 1467 385 1538 consenserint,
401 1470 430 1524 et
447 1467 543 1525 ridere
558 1467 632 1541 quod
649 1468 707 1525 sint
721 1469 823 1526 animae
839 1486 901 1542 quae
920 1469 1073 1544 proliciunt
1090 1471 1121 1525 in
1137 1471 1184 1527 ria
1199 1469 1329 1527 interna:
1346 1469 1397 1526 sed

122 1547 253 1618 regulam
274 1563 419 1605 sumerem
438 1565 455 1604 a
473 1547 584 1605 lumine
598 1548 721 1621 quodam
742 1548 847 1606 actuali
862 1550 1024 1622 cognitione
1042 1550 1168 1606 bumana
1185 1565 1218 1606 ac
1237 1549 1397 1622 theologica

123 1627 286 1701 superiore,
306 1628 381 1700 quod
403 1643 449 1684 me
468 1629 544 1685 certo
563 1643 734 1700 cognoscere
748 1628 817 1686 lacit
835 1645 901 1686 cum
920 1630 1031 1685 interna
1050 1629 1220 1686 certitudine
1234 1629 1309 1702 quod
1328 1628 1397 1685 talis

122 1708 250 1780 operatio
269 1709 316 1764 est
330 1707 456 1764 violenta
468 1727 475 1764 τ
488 1710 517 1766 et
534 1709 630 1765 certus
645 1725 709 1765 sum
724 1709 799 1781 quod
816 1709 869 1765 hoc
884 1709 981 1765 lumen
1003 1725 1020 1765 a
1040 1711 1098 1766 Deo
1117 1708 1257 1782 procedit,
1273 1709 1340 1782 quia
1360 1707 1396 1765 ad

121 1803 167 1844 mc
189 1787 323 1862 provenit
343 1790 526 1862 conjunctum
549 1803 614 1845 cum
632 1788 802 1846 certitudine
823 1790 898 1862 quod
920 1805 936 1845 a
955 1789 1014 1845 Deo
1028 1787 1189 1862 proveniat,
1205 1789 1233 1843 et
1253 1789 1325 1844 mihi
1344 1804 1397 1845 nec

121 1867 253 1924 umbram
268 1867 350 1925 dubii
363 1868 500 1941 relinquit
513 1869 544 1924 in
558 1869 733 1926 contrarium
744 1891 751 1926 :
764 1885 798 1926 eo
812 1869 910 1939 modo,
927 1885 982 1942 quo
998 1870 1141 1926 interdum
1155 1869 1307 1938 contingit,
1321 1868 1395 1939 quod

118 1947 214 2016 Deus,
230 1947 341 2022 aliquid
355 1948 523 2018 revelando,
536 1947 635 2006 eodem
654 1949 780 2023 tempore
794 1950 919 2007 animam
938 1951 1045 2007 certam
1060 1948 1167 2018 reddit,
1184 1947 1259 2022 quod
1275 1948 1339 2020 ipse
1359 1947 1397 2003 sit

121 2027 173 2099 qui
189 2029 310 2098 revelat,
327 2029 356 2085 et
369 2029 465 2085 anima
479 2029 510 2084 in
522 2029 697 2086 contrarium
711 2045 767 2086 non
781 2031 876 2103 potest
888 2030 1031 2087 dubitare.

159 2123 205 2180 5⁴.
217 2124 389 2198 spirituales
397 2126 463 2182 vitae
473 2125 624 2182 ordinarie
636 2126 665 2182 in
680 2125 750 2183 hora
764 2127 864 2183 mortis
876 2143 907 2184 se
919 2125 1036 2184 delusos
1049 2125 1195 2182 invenient
1207 2124 1237 2180 et
1250 2123 1395 2192 contusos,

120 2204 152 2259 et
166 2219 234 2259 cum
248 2205 381 2262 omnibus
395 2204 580 2280 passionibus
595 2206 625 2262 in
640 2205 698 2264 alio
713 2207 818 2264 mundo
833 2206 1000 2280 purgandis.

160 2299 209 2356 55.
225 2300 279 2356 Per
292 2300 363 2358 bunc
377 2302 453 2359 riam
466 2302 606 2358 internam
626 2302 800 2375 pervenitur,
815 2303 871 2359 etsi
890 2302 980 2359 multa
1000 2318 1065 2358 cum
1087 2300 1266 2369 sufferentia,
1282 2298 1317 2356 ad
1333 2313 1399 2372 pur-

123 2377 238 2448 gandas
250 2377 280 2433 et
292 2379 494 2450 extinguendas
507 2395 606 2436 omnes
618 2380 782 2452 passiones,
796 2381 836 2436 ita
851 2381 925 2453 quod
940 2379 1013 2436 nihil
1026 2381 1151 2454 amplius
1167 2379 1299 2448 sentitur,
1309 2377 1394 2446 nihil,

120 2455 494 2595 poilglillnzopzpiuslilgipentitur
506 2458 684 2532 inquietudo,
698 2459 772 2517 sicut
782 2477 884 2535 corpus
899 2461 1053 2529 mortuum,
1062 2476 1114 2518 nee
1123 2459 1219 2518 anima
1229 2474 1261 2516 se
1270 2456 1396 2531 amplius

155 2622 201 2681 56.
213 2627 283 2682 Duae
295 2624 374 2698 leges
389 2626 418 2683 et
429 2626 494 2683 duae
509 2627 680 2700 cupiditates
697 2626 812 2702 tanimae
825 2643 882 2685 una
895 2627 925 2685 et
935 2628 1042 2684 amoris
1052 2627 1160 2702 proprii
1171 2624 1274 2698 altera]
1286 2625 1397 2682 tamdiu

121 2705 292 2779 perdurant,
307 2707 445 2778 quamdiu
461 2706 596 2780 perdurat
611 2723 691 2764 amor
710 2708 843 2782 proprius
855 2729 862 2763 τ
873 2706 948 2764 unde
962 2708 1075 2781 quando
1088 2707 1137 2765 hic
1155 2707 1293 2780 purgatus
1307 2706 1352 2762 est
1368 2706 1398 2760 et

121 2787 268 2856 mortuus,
286 2789 319 2842 ut
335 2787 368 2842 fit
383 2803 434 2860 per
446 2788 522 2843 uiam
536 2786 692 2857 internam,
706 2803 762 2844 non
782 2787 888 2843 adsunt
901 2786 1026 2860 amplius
1045 2786 1103 2843 illae
1121 2785 1184 2843 duae
1199 2785 1277 2856 leges
1290 2785 1319 2841 et
1333 2785 1397 2840 duae

123 2865 307 2939 cupiditates,
320 2882 373 2924 nec
387 2867 509 2924 ulterius
523 2866 624 2940 lapsus
638 2866 744 2940 aliquis
760 2866 925 2938 incurritur,
936 2883 988 2923 nec
1001 2866 1109 2939 aliquid
1121 2865 1243 2922 sentitur
1257 2865 1394 2937 emplius,

122 2959 160 3001 ne
175 2945 289 3017 quidem
301 2945 414 3003 veniale
427 2949 583 3021 peccatum.
1186 2953 1188 2958 ’

156 3031 201 3089 67.
217 3034 272 3090 Per
289 3033 560 3110 contemplationem
575 3034 747 3108 acquisitam
762 3034 926 3107 pervenitur
947 3033 983 3090 ¹ad
1003 3035 1109 3090 statum
1126 3048 1182 3089 non
1195 3031 1319 3089 faciendi
1339 3047 1398 3088 am·

123 3112 200 3185 plius
213 3115 331 3187 peccata
344 3130 396 3171 nec
410 3114 542 3171 mortalia
556 3130 608 3171 nec
620 3114 754 3172 venialia.

157 3201 202 3257 58.
213 3201 257 3258 Ad
268 3201 433 3274 hujusmodi
447 3203 553 3260 statum
565 3201 739 3276 pervenitur,
751 3217 808 3258 non
820 3201 993 3258 reflectendo
1005 3200 1130 3275 amplius
1140 3199 1176 3257 ad
1187 3201 1315 3274 proprias
1330 3213 1396 3271 ope-

122 3281 268 3338 rationes:
281 3282 348 3354 quia
362 3281 488 3340 delectus
503 3297 537 3338 cr
552 3282 706 3339 reflexione
720 3283 862 3338 oriuntur.

157 3368 202 3426 69.
215 3369 269 3428 Via
286 3369 398 3426 interna
412 3369 541 3442 sejuncta
558 3372 604 3426 est
622 3387 639 3427 a
654 3369 853 3438 Confessione,
868 3385 886 3424 a
902 3368 1101 3438 confessariis,
1117 3369 1146 3424 et
1160 3384 1179 3424 a
1191 3366 1307 3426 casibus
1326 3378 1393 3420 con·
1501 3415 1505 3426 ,

124 3449 270 3518 scientiae,
286 3448 474 3522 atheologie,
490 3451 519 3506 et
533 3448 726 3523 philosophis.

158 3543 202 3602 60.
219 3545 379 3602 Animabus
392 3545 547 3617 provectis,
561 3561 624 3617 quae
637 3544 838 3601 reflexionibus
852 3544 924 3600 mori
938 3543 1090 3616 incipiunt,
1104 3543 1133 3599 et
1144 3558 1178 3601 eo
1192 3541 1278 3600 etiam
1294 3555 1395 3612 perre-

124 3624 208 3681 niunt
229 3627 262 3682 ut
280 3625 339 3682 sint
360 3627 492 3698 mortuae,
512 3627 589 3682 Deus
609 3624 818 3681 contessionem
839 3623 992 3697 aliquando
1015 3621 1104 3680 elficit
1124 3617 1346 3697 impossibilem,
1366 3621 1396 3675 et

122 3705 239 3779 supplet
258 3705 321 3780 ipse
340 3706 419 3762 tanta
439 3705 531 3778 gratia
550 3705 755 3779 praeservante,
772 3705 905 3777 quantam
927 3704 957 3759 in
978 3705 1154 3761 sacramento
1174 3700 1350 3773 reciperent:
1367 3702 1396 3757 et

122 3783 188 3841 ideo
202 3785 370 3858 hujusmodi
384 3785 534 3844 animabus
547 3801 603 3841 non
616 3786 661 3842 est
675 3783 781 3842 bonum
795 3783 891 3841 intuli
905 3799 974 3842 casu
987 3783 1023 3839 ad
1038 3783 1243 3842 sacramentum
1255 3780 1396 3836 Paeniten-

124 3865 173 3921 tiae
184 3865 334 3936 accedere,
351 3865 419 3939 quia
434 3865 462 3921 id
475 3867 520 3922 est
533 3863 639 3922 inillis
651 3864 841 3940 impossibile.

159 3961 204 4018 el.
212 3961 327 4033 Anima,
336 3977 401 4019 curn
413 3962 450 4018 ad
462 3961 581 4018 mortem
593 3961 744 4034 mysticam
759 3961 898 4035 pervenit,
907 3976 964 4019 non
978 3961 1072 4035 potest
1085 3957 1210 4030 amplius
1220 3955 1298 4014 aliud
1308 3955 1394 4027 velle,

122 4041 300 4178 qabratmlnssqtuod
314 4045 390 4099 Deus
407 4039 484 4114 uult,
500 4042 569 4114 quia
589 4056 646 4098 non
666 4041 754 4099 habet
774 4041 898 4115 amplius
914 4040 1104 4108 voluntatem,
1119 4037 1147 4094 et
1167 4038 1244 4095 Deus
1265 4037 1310 4094 illi
1331 4052 1395 4093 eam

123 4137 142 4176 a
162 4138 176 4178 s
222 4139 255 4179 1.

155 4207 201 4265 oe.
217 4211 270 4267 l'er
284 4209 362 4267 viam
382 4209 525 4268 internam
546 4210 712 4284 pervenitur
729 4209 765 4266 ad
785 4209 951 4266 continuum
965 4209 1072 4264 statum
1086 4203 1262 4263 immobilem
1278 4205 1310 4260 in
1323 4217 1393 4277 pace

123 4289 364 4362 imperturbabili.

156 4383 201 4442 63.
209 4387 346 4446 Persium
357 4387 497 4446 internam
509 4386 674 4460 pervenitur
684 4387 771 4444 etiam
780 4385 816 4442 ed
828 4386 948 4442 mortem
961 4397 1099 4439 sensuum
1110 4403 1117 4438 z
1129 4382 1265 4455 quinimo
1277 4381 1392 4451 signum

118 4465 196 4534 quod
210 4469 277 4541 quis
292 4467 323 4525 in
338 4468 415 4525 statu
430 4465 585 4525 nihilitatis
599 4469 713 4525 maneat
726 4465 756 4524 id
770 4467 816 4522 est
827 4464 930 4522 mortis
943 4462 1080 4535 mystice,
1094 4463 1149 4534 est,
1165 4463 1190 4520 si
1203 4473 1306 4520 sensus
1321 4457 1396 4515 exte·

16 4539 19 4620 l
