3168 5002
226 163 270 224 6AE
656 173 779 218 sualua
805 175 1076 222 cnaoxomoica

225 305 278 344 nec
297 285 466 360 spiritaliter
481 283 516 341 de
532 285 656 343 Victima
674 285 861 359 participant;
880 289 908 344 et
929 288 1013 360 quasi
1032 287 1200 349 damnandae
1221 297 1320 352 essent
1339 298 1371 354 ut
1386 297 1494 358 illicite

223 369 320 428 blissae
340 367 398 423 illae
417 365 583 438 inquibus,
605 365 666 421 solo
681 365 829 422 sacerdote
848 368 1090 440 communicante,
1110 387 1192 429 nemo
1207 371 1285 430 adsit
1303 376 1353 450 qui
1373 379 1433 436 sive
1452 397 1495 437 sa·

224 448 438 506 eramentaliter
453 447 513 502 sire
529 445 697 518 spiritaliter
712 447 902 502 communicet
919 468 925 504 :

432 524 531 594 Falsa,
548 540 679 594 erronea,
697 524 732 581 de
747 525 850 582 naresi
865 527 1012 601 suspecta,
1028 545 1148 604 eamque
1162 531 1287 606 sapiens.

586 691 621 734 ns
639 679 722 736 airus
741 693 973 737 coasncasrroms
993 698 1138 740 asrieacm

347 795 388 850 Dc
400 791 494 850 Erech.
510 791 529 863 ἓ
543 789 571 847 l.

256 883 300 940 29.
321 880 454 938 Doctrina
475 879 596 952 Synodi,
612 894 668 950 qua
688 880 769 950 parte
787 879 901 936 tradere
923 881 1079 938 instituens
1100 883 1181 940 Fidei
1201 885 1360 944 doctrinam
1379 889 1414 946 de
1435 891 1490 948 ritu

219 959 458 1029 consecrationis,
476 961 593 1016 remotis
612 957 820 1031 questionibus
846 959 1027 1018 scholasticis
1049 962 1125 1019 circa
1146 963 1261 1022 modum
1284 983 1338 1039 qua
1360 969 1491 1028 christus

218 1045 306 1104 estin
319 1040 515 1110 Eucharistia,
528 1055 546 1095 a
558 1037 663 1112 quibus
678 1037 816 1112 parochos
832 1040 952 1096 docendi
969 1057 1087 1098 munere
1101 1044 1252 1116 iungentes
1269 1048 1415 1106 abstinere
1428 1051 1493 1108 bor-

218 1127 306 1194 tatur,
328 1122 439 1180 duobus
458 1121 505 1176 his
525 1119 636 1176 tantum
653 1119 832 1193 propositis:
853 1121 879 1176 l.
897 1119 1042 1178 Christum
1061 1125 1126 1198 post
1147 1128 1390 1186 consecrationem
1407 1147 1491 1202 rere,

216 1204 343 1273 realiter,
360 1199 591 1259 substantialiter
607 1214 672 1256 esse
687 1199 741 1254 sub
756 1197 923 1272 speciebus;
939 1199 966 1256 t.
983 1205 1062 1259 Tunc
1079 1219 1193 1262 omnem
1209 1208 1292 1279 panis
1307 1211 1335 1265 et
1349 1210 1409 1266 vini
1428 1211 1494 1267 sub

217 1285 354 1343 stantiam
368 1297 496 1350 cessare,
511 1280 580 1336 solis
596 1279 810 1336 remanentibus
821 1280 988 1353 speciebus3
1004 1297 1120 1355 prorsus
1135 1285 1241 1342 omittit
1257 1287 1346 1346 ullam
1365 1294 1491 1349 mentio.

216 1382 282 1424 nem
299 1366 393 1421 lacere
411 1359 755 1419 Transsnbstantiatlonis
776 1376 828 1416 seu
845 1362 1042 1420 conversionis
1057 1365 1145 1422 totius
1163 1367 1332 1426 substantiae
1351 1371 1437 1444 panis
1461 1373 1491 1430 in

216 1447 339 1520 Corpus,
354 1445 384 1499 et
402 1441 490 1498 totius
507 1439 676 1498 substantie
697 1440 757 1495 vini
777 1440 807 1496 in
829 1441 1018 1514 sanguinein,
1034 1459 1118 1516 quam
1134 1445 1213 1502 velut
1233 1449 1388 1506 articulum
1408 1451 1490 1509 Fidei

215 1523 414 1585 Tridentinum
431 1519 589 1578 Concilium
607 1519 752 1588 delinivit,
767 1521 796 1577 et
819 1536 881 1592 qnae
900 1521 931 1576 in
954 1521 1074 1578 solemni
1096 1524 1175 1581 Fidei
1199 1528 1377 1600 professione
1398 1534 1491 1589 conti.

215 1607 319 1664 netur:

250 1687 397 1755 Quatenus
420 1698 470 1758 per
494 1679 685 1736 inconsultam
712 1679 876 1735 istiusmodi
902 1681 1151 1756 suspiciosamque
1173 1687 1360 1745 omissionem
1384 1693 1488 1750 notitia

214 1764 392 1824 subtrabitur
408 1765 470 1819 tum
491 1758 606 1816 articuli
623 1759 658 1814 ad
679 1757 776 1815 Fidem
798 1760 986 1832 pertinentis,
1009 1764 1069 1819 tum
1093 1765 1179 1821 etiam
1201 1767 1280 1824 vocis
1302 1770 1339 1825 ab
1357 1771 1488 1829 Ecclesia

213 1847 385 1905 consecratae
400 1842 435 1898 ad
451 1841 532 1897 illius
553 1837 688 1894 tuendam
708 1838 915 1913 professionem
931 1841 1069 1899 adversus
1088 1843 1226 1916 haereses,
1247 1849 1396 1923 tenditque
1415 1855 1490 1912 adeo

212 1928 248 1985 ad
269 1929 333 2000 ejus
354 1921 527 1980 oblivionem
547 1917 751 1989 inducendam,
777 1922 861 1992 quasi
884 1922 1017 1992 ageretur
1040 1923 1075 1980 de
1095 1925 1253 1996 quaestione
1273 1946 1351 1986 mere
1374 1931 1490 1991 schola-

213 2009 304 2064 stica:

246 2084 425 2150 Perniciosa,
444 2081 584 2151 derogans
599 2079 770 2152 expositioni
792 2080 923 2136 veritatis
945 2081 1094 2141 catholicae
1112 2085 1188 2142 circa
1203 2086 1305 2159 dogma
1325 2092 1488 2150 Transsup.

283 2161 492 2230 stantlationis,
508 2161 607 2216 lavans
622 2159 774 2217 baeretlcis.

564 2330 599 2373 ns
616 2330 818 2372 ffrnlmnona
837 2331 959 2374 sauctus
978 2331 1128 2376 sacalslcn

332 2429 373 2488 ne
385 2429 480 2488 aaa.
497 2427 516 2502 ἓ
531 2427 557 2486 a.

243 2521 286 2578 30.
308 2521 441 2576 Doctrina
459 2517 581 2590 Synodi,
595 2533 665 2589 qua,
682 2513 750 2572 dum
764 2517 913 2589 prolitetur
930 2517 1049 2575 credere
1066 2519 1220 2594 Sacra'fioii
1234 2521 1413 2583 oblationem
1430 2545 1487 2586 ea:-

206 2601 325 2660 aneae
336 2617 366 2656 se
379 2599 419 2656 od
434 2613 538 2654 omnes
543 2596 604 2666 ,ito
616 2601 716 2652 manea
729 2595 806 2652 atta
820 2596 948 2670 titurqa'o
956 2597 1127 2673 fieripossa‘t
1144 2601 1283 2674 specialis
1297 2619 1486 2666 commemo-

204 2679 285 2738 ratio
304 2680 480 2753 aliquorum
496 2682 558 2733 tom
572 2676 713 2732 vivorum
725 2693 817 2749 qaam
829 2677 1057 2750 defunctorum,
1069 2681 1223 2753 precando
1237 2681 1333 2738 Deum
1344 2687 1486 2758 peculia·

203 2761 281 2819 riter
291 2777 349 2835 pro
363 2757 456 2833 ipsis,
471 2757 538 2814 dein
551 2757 686 2814 continuo
698 2755 815 2828 subjicit
831 2755 919 2814 :Non
931 2764 1032 2814 tomen
1041 2759 1121 2832 qaod
1129 2761 1289 2819 mactamus
1298 2763 1333 2818 ia
1348 2765 1484 2828 arbitrio

203 2858 264 2898 esse
281 2839 443 2898 sacerdotis
461 2838 617 2912 applicare
634 2836 755 2910 fractus
768 2836 920 2910 Sacrificat
940 2838 992 2893 cui
1011 2838 1090 2910 vult,
1112 2841 1175 2898 imo
1194 2843 1379 2902 damnamus
1395 2847 1485 2908 buna

203 2938 337 2977 canorem
356 2917 638 2994 veteomapaopere
660 2915 859 2989 offendentem
880 2917 957 2989 juro
970 2917 1040 2988 bei,
1060 2919 1116 2992 qui
1132 2919 1212 2979 solas
1229 2923 1387 2983 distribuit
1404 2929 1482 3000 fru-

202 3006 267 3058 ctas
285 2997 437 3069 Socadfioii
457 2998 509 3055 eui
530 2995 609 3067 eall,
627 3001 655 3052 et
672 2997 839 3053 secundum
856 3015 1032 3056 mensuram
1051 3017 1118 3072 quaa
1137 3001 1200 3076 ipsi
1220 3002 1316 3077 placet
1320 3023 1333 3072 ;
1349 3007 1425 3064 unde
1449 3015 1482 3068 et

201 3081 407 3153 consequenter
423 3079 548 3137 traducit
564 3077 645 3135 velut
661 3075 774 3151 soleam
792 3076 968 3151 opinionem
983 3079 1133 3138 inuectam
1156 3081 1192 3138 in
1211 3084 1375 3157 populum,
1393 3093 1482 3160 qued

200 3159 264 3232 itti,
280 3159 334 3234 qai
352 3159 570 3234 eleemosynam
583 3157 819 3214 subministrant
831 3158 979 3216 sacerdoti
994 3160 1048 3217 sub
1068 3161 1241 3219 conditione
1254 3165 1333 3237 quod
1349 3167 1483 3228 celebret

199 3259 296 3300 anam
309 3239 452 3308 Missam,
464 3237 623 3314 specialem
634 3238 774 3312 [motum
787 3256 827 3295 eac
841 3256 876 3295 eo
887 3239 1079 3312 percipiant:
1571 3257 1572 3312 j

236 3324 284 3382 Sic
303 3320 463 3389 intellecta,
474 3320 526 3389 ut,
546 3321 648 3393 prater
662 3319 837 3392 peculiarem
854 3321 1153 3380 commemorationem
1167 3325 1196 3379 et
1216 3323 1391 3396 orationem,
1409 3345 1482 3404 spe-
1571 3345 1572 3360 ¹

198 3402 282 3460 cialis
304 3402 367 3476 ipsa
381 3393 496 3458 'oblatio
518 3415 570 3456 seu
591 3398 745 3472 applicatio
767 3397 921 3468 Sacrillcli,
936 3415 999 3472 quac
1025 3400 1057 3458 lit
1076 3418 1094 3457 a
1116 3403 1277 3475 sacerdote,
1298 3422 1354 3462 non
1369 3411 1481 3482 {nragis

197 3484 289 3556 prosit
314 3481 437 3553 lcaeteris
460 3480 591 3553 paribus)
614 3479 674 3535 illis
697 3493 746 3552 pro
768 3479 873 3551 quibus
896 3480 1066 3554 applicatur,
1093 3499 1179 3554 quam
1202 3483 1269 3542 aliis
1292 3486 1479 3562 quibusque;

197 3563 281 3635 quasi
304 3561 402 3618 nullus
423 3559 556 3634 specialis
577 3559 687 3616 tructus
710 3559 871 3633 proveniret
892 3577 927 3617 ex
949 3561 1067 3633 speciali
1089 3562 1292 3636 applicatione,
1314 3583 1399 3638 quam
1421 3587 1479 3643 pro

197 3641 394 3701 determinatis
409 3640 539 3712 personis
557 3641 607 3696 aut
623 3656 809 3712 personarum
826 3640 975 3698 ordinibus
987 3641 1146 3698 taciendam
1163 3645 1341 3701 commendat
1355 3663 1388 3703 ac
1402 3665 1479 3721 prae-

196 3724 266 3797 cipit
280 3722 422 3788 Ecclesia,
437 3721 587 3792 speciatim
608 3737 626 3776 a
645 3721 809 3793 pastoribus
830 3737 880 3794 pro
902 3721 964 3777 suis
981 3720 1098 3790 ovibus,
1119 3723 1194 3796 quod
1215 3724 1294 3781 velut
1314 3742 1350 3782 ex
1369 3727 1477 3788 divino

196 3806 336 3878 praecepto
351 3799 526 3858 descendens
541 3816 557 3856 a
573 3815 655 3856 sacra
668 3799 834 3858 Tridentino
848 3799 961 3871 Synodo
975 3799 1082 3857 diserta
1094 3805 1139 3859 est
1152 3820 1320 3877 expressum
1334 3826 1341 3863 ε

231 3885 310 3940 Sess.
325 3883 434 3950 XXlll,
450 3895 512 3954 cap.
526 3897 551 3949 1,
562 3880 597 3936 de
612 3879 724 3937 relorm.
734 3910 771 3922 -
782 3880 886 3937 Bened.
902 3881 977 3950 xlv,
990 3882 1197 3941 constiteCam
1211 3901 1327 3959 &nepes
1340 3885 1473 3958 oblatas,

195 3961 215 4035 ἓ
230 3962 262 4034 2,

229 4041 327 4110 Falsa,
344 4041 509 4109 temeraria,
526 4037 704 4114 perniciosa,
724 4039 860 4097 Ecclesia
878 4037 1032 4113 injuriosa,
1048 4042 1187 4102 inducens
1204 4045 1234 4102 in
1250 4061 1376 4104 errorem
1392 4047 1477 4108 alias

265 4122 432 4180 damnatum
445 4123 476 4180 in
489 4119 634 4180 Wicletlo.

493 4284 527 4326 11ss
546 4281 728 4324 condamnari
747 4281 847 4324 0111111111
866 4283 894 4324 lll
914 4282 1002 4325 CULTU
1020 4284 1163 4328 suessano

226 4469 270 4528 31.
293 4381 575 4543 Ρτιέἷοξῖἷῑξὸξιῗοάἰ
592 4467 748 4525 enuntians
764 4468 937 4526 conveniens
957 4485 1037 4540 esse,
1053 4485 1103 4544 pro
1125 4469 1287 4528 divinorum
1306 4471 1476 4534 officiorum
