3202 5020
229 203 297 263 did
761 211 965 256 rasurarus

226 331 294 390 Vos
309 331 414 389 autem
426 341 547 405 poscere
561 322 644 385 idem
663 321 814 402 significat
835 340 869 384 aa
886 321 1055 402 gubernare
1073 326 1103 384 et
1121 341 1233 403 regere.
1248 360 1288 369 —
1307 326 1390 388 Adde
1408 329 1495 392 uerba

225 415 339 480 Marta.
355 432 423 487 xri,
441 417 494 488 19,
521 429 613 492 supra
627 411 723 474 relata
739 431 746 472 :
765 409 974 492 Quodcumque
994 411 1148 492 licaveris,
1172 416 1227 474 etc.
1251 415 1331 494 Papa
1351 414 1433 478 enim
1452 425 1495 480 est

224 524 316 568 verus
331 521 481 566 successor
495 501 576 563 Petri
590 499 624 562 in
643 499 787 562 cathedra
803 503 955 574 Romanu
972 503 1018 561 est
1035 500 1162 579 proinde
1175 499 1318 564 Summus
1336 501 1493 585 Pontifex,

223 593 364 656 Summus
379 590 533 672 Clocipar,
550 588 664 650 Pastor
676 587 854 665 Pastorum,
870 587 985 650 Christi
1007 587 1144 650 Vinarius
1156 589 1190 652 in
1204 589 1305 652 terris

263 687 294 745 Ψ
306 678 475 744 Concilium
487 676 630 761 pecuale
643 675 751 740 itidem
759 696 820 759 pro
835 685 899 738 tota
911 675 1063 738 Ecclesia.
1083 677 1253 740 Concilimn
1265 679 1349 742 onim
1365 684 1494 760 generale

218 770 350 853 juridice
365 772 484 830 constat
502 786 540 829 ex
560 765 706 829 omnibus
721 765 817 828 totius
837 763 948 826 mundi
963 765 1152 846 Episcopisa
1172 769 1252 848 Papa
1266 770 1452 842 convocatis
1468 778 1494 833 ct

223 861 359 922 Romano
371 855 531 930 Pontifice,
548 872 690 937 supremo
705 853 798 917 totius
813 853 951 916 Ecclesia
963 853 1075 933 capite,
1087 858 1175 935 eujus
1188 856 1369 918 auctoritate
1382 858 1494 922 decute

220 950 287 1028 ejus
301 944 467 1009 necessario
486 943 694 1007 confirmanda
713 948 798 1004 sunt.
820 945 899 1022 Ergo
917 941 1130 1023 plenissimam
1152 943 1244 1006 hahet
1264 943 1298 1006 in
1321 945 1493 1008 universam

221 1033 386 1098 Ecclesiam
397 1031 653 1115 jurisdictionem.

262 1127 293 1188 3⁰
306 1122 455 1206 Episcopi
470 1141 529 1204 pro
548 1119 674 1183 dioecesi.
694 1123 755 1183 IIoe
774 1119 859 1182 anim
883 1119 1088 1182 necessarium
1108 1127 1155 1182 est
1173 1121 1212 1182 ad
1230 1125 1343 1184 rectem
1362 1122 1493 1186 dioecesis

221 1209 531 1276 administrationem.
548 1211 672 1272 Constat
685 1208 779 1270 etiarn
798 1227 836 1270 ex
852 1207 903 1269 ilio
921 1208 988 1270 Act.
1005 1227 1059 1283 xx,
1077 1212 1141 1278 aa:
1165 1208 1221 1271 Vos
1236 1207 1371 1292 Spiritus
1382 1223 1494 1274 sanctus

220 1301 325 1384 posuit
337 1300 503 1382 Episcopos
519 1317 621 1378 repere
634 1296 803 1359 Ecclesiam
816 1295 884 1358 Dei.
900 1298 962 1359 Hoc
981 1303 1086 1359 autem
1097 1299 1150 1378 jus
1165 1296 1273 1377 accipit
1288 1297 1452 1379 Episcopus
1463 1301 1494 1362 iu

222 1407 278 1452 sua
292 1387 437 1451 canonica
450 1385 658 1449 institutione.
675 1384 758 1449 Nihil
772 1403 861 1466 porro
874 1391 974 1465 potest
988 1385 1155 1466 Episcopus
1169 1386 1249 1448 cirea
1262 1386 1359 1466 legem
1374 1388 1493 1450 Summi

220 1476 391 1550 PontificiS‚
408 1493 479 1538 curn
493 1473 619 1537 inferior
632 1473 667 1536 in
681 1473 868 1556 superiorem
878 1473 1123 1554 jurisdictionem
1140 1493 1203 1537 non
1219 1475 1340 1538 habeat.
1359 1479 1420 1540 Nec
1433 1496 1493 1558 pre

220 1566 292 1628 inde
313 1564 485 1646 quidquam
506 1569 639 1626 statuere
661 1567 773 1644 potest,
797 1563 879 1643 quod
900 1561 958 1642 legi
977 1562 1135 1626 communi
1154 1567 1324 1644 opponatur
1342 1565 1393 1628 vel
1414 1565 1492 1628 illam

220 1653 365 1718 infirmet.
382 1690 423 1699 -
441 1655 562 1715 Statuta
575 1651 716 1732 Episcopi
727 1650 820 1714 etiam
840 1653 924 1714 extra
941 1652 1099 1732 Synodum
1114 1651 1235 1732 (audito
1252 1659 1356 1714 tamen
1372 1654 1492 1716 consilio

220 1741 368 1823 Capituli)
386 1742 463 1804 iacta
479 1746 509 1803 et
525 1740 733 1822 promulgata,
746 1743 838 1821 juxta
857 1738 1007 1802 veriorem
1027 1741 1227 1817 sententiam,
1240 1739 1379 1803 earudem
1395 1760 1491 1822 perpe-

220 1831 367 1894 tuitatem
378 1830 495 1893 habent
508 1847 543 1892 ac
556 1828 796 1892 constitutiones
807 1829 977 1910 synodales
991 1864 1030 1874 -
1041 1829 1091 1891 Ita
1100 1828 1215 1892 Bened.
1227 1828 1315 1904 XIV,
1333 1829 1368 1891 de
1380 1831 1490 1913 Spnod.

219 1919 334 1981 diacos.
352 1918 376 1979 l.
392 1920 475 1993 XIH,
493 1938 518 1978 a.
534 1936 566 1991 a,
582 1936 613 1977 u.
633 1923 660 1981 I.
678 1951 717 1962 —
736 1916 961 1996 ArchIepiscopi
982 1935 1053 1979 vero
1073 1923 1102 1979 et
1121 1917 1302 1981 Patriarchaa
1323 1919 1405 1999 leges
1422 1919 1492 1982 ferre

220 2014 379 2088 nequeunt
392 2025 446 2089 pro
461 2004 642 2070 dioecesibus
653 2004 933 2085 suflraganeorum,
948 2005 1022 2086 quia
1032 2025 1094 2068 non
1106 2013 1180 2068 sunt
1189 2006 1363 2089 Superiores
1377 2008 1492 2089 proprie

219 2095 309 2171 dicti,
329 2095 472 2176 mamma
487 2111 594 2158 eorum
609 2093 676 2155 lites
691 2093 772 2156 adse
786 2093 901 2156 delatas
913 2092 1057 2156 dirimere
1071 2094 1198 2174 possint.

258 2188 290 2246 4⁰
307 2183 446 2248 Concilio
458 2181 664 2264 particularia
675 2201 736 2264 pro
745 2183 919 2264 provincia.
932 2183 1057 2244 Etenim
1074 2183 1101 2244 si
1118 2183 1258 2264 Episcopi
1271 2184 1400 2247 seorsim
1412 2203 1491 2247 sarm·
1576 2253 1577 2260 χ

217 2271 265 2353 pti
278 2273 357 2352 leges
372 2290 426 2353 pro
439 2271 621 2334 dioecesibus
636 2276 771 2334 statuere
785 2270 902 2344 valent,
917 2269 1060 2333 similiter
1069 2277 1099 2334 et
1113 2271 1148 2333 in
1162 2271 1308 2346 Concilio,
1321 2273 1388 2336 sive
1400 2274 1491 2337 natio
1576 2283 1577 2314 t

219 2359 283 2424 nali
297 2361 361 2424 sire
376 2358 571 2441 provinciali,
587 2358 666 2440 leges
684 2377 738 2440 pro
761 2359 886 2422 natione
905 2359 952 2422 vel
972 2359 1128 2440 proviacia
1149 2361 1335 2424 constituere
1352 2368 1487 2442 possunt.

218 2450 364 2512 Attamen
376 2449 489 2511 horum
503 2446 708 2511 conciliarum
719 2448 838 2510 decreta
851 2448 890 2510 ad
905 2449 934 2510 S.
950 2451 1058 2528 Gangr.
1076 2452 1165 2512 donc.
1180 2449 1266 2511 Tria.
1283 2450 1367 2512 mitti
1384 2451 1491 2514 dehent

218 2543 255 2600 ut
278 2543 540 2618 recognoscantur.
567 2536 616 2600 Sic
637 2555 676 2599 aa
698 2536 826 2617 antiquo
849 2538 919 2617 jure
948 2555 965 2598 a
991 2537 1077 2599 Sixto
1100 2539 1127 2598 V
1149 2537 1327 2601 confirmato
1350 2539 1385 2601 iu
1409 2539 1490 2603 Bulla

217 2626 365 2690 Immensa
388 2626 509 2705 aterni,
534 2624 588 2687 ubi
612 2626 648 2688 de
670 2627 700 2688 S.
721 2627 830 2705 Congr.
853 2624 979 2688 Consilii
1003 2625 1118 2688 dicitur
1137 2625 1401 2690 :Prouincialium
1424 2647 1491 2688 uero

216 2714 467 2797 (Conciliorum),
483 2714 582 2777 ulicis
600 2723 750 2776 tamarum
770 2713 824 2776 illa
844 2712 1040 2788 celebrentur,
1060 2713 1178 2776 decreta
1193 2714 1235 2776 od
1251 2735 1281 2777 sa
1294 2715 1376 2777 mitti
1387 2717 1489 2798 praeci-
1575 2761 1576 2780 a

215 2803 294 2885 pict,
306 2822 398 2886 caque
407 2803 526 2885 n'npula
538 2801 684 2886 expendet
697 2813 726 2864 ct
739 2812 935 2884 rocopnoscct.
952 2805 1078 2866 Constat
1087 2803 1181 2865 etiarn
1193 2821 1231 2865 ex
1244 2803 1405 2868 Benedicta
1414 2807 1487 2877 Xlt',
1575 2813 1576 2830 ¹

217 2891 254 2952 dc
266 2891 344 2974 Syn.
359 2890 444 2954 dioec.
463 2891 483 2953 l.
501 2894 583 2968 XIII,
600 2911 626 2952 c.
643 2909 695 2966 111,
712 2891 767 2954 ubi
788 2890 853 2954 haec
871 2891 963 2954 habet
979 2910 986 2953 :
1002 2891 1054 2954 Ea
1066 2891 1230 2973 (decreta),
1249 2899 1411 2975 antequam
1423 2913 1489 2975 pro-

215 2979 398 3061 rnulpantur,
417 2981 586 3042 transmitti
588 2980 685 3062 jussit
698 2979 807 3042 Status
830 2978 911 3040 Vad
923 2997 1038 3042 sacram
1054 2978 1324 3061 Conprepotionem
1340 2981 1487 3058 Caecilii,

215 3085 277 3128 mon
299 3069 420 3150 quadem
441 3079 477 3129 ut
492 3079 599 3151 postea
621 3067 877 3150 coadunationem
895 3077 1086 3149 reportante
1104 3067 1180 3131 Sede
1193 3069 1379 3151 apotolica,
1397 3070 1447 3133 sed
1458 3081 1487 3130 ut

215 3156 421 3238 comparatur,
437 3156 551 3239 siquid
564 3157 690 3239 fortasse
705 3160 738 3217 in
753 3156 924 3230 inclamant
939 3157 1030 3217 nimis
1044 3157 1189 3236 ripidum,
1205 3158 1366 3220 autminus
1379 3159 1491 3222 rotroni

215 3263 379 3326 coupruum
398 3243 651 3328 deprehendatur.
671 3245 741 3308 Non
759 3243 852 3306 semel
867 3255 963 3308 tamen
982 3245 1107 3326 occidit,
1129 3245 1331 3328 provincialia
1352 3245 1488 3310 Concilio
1574 3274 1575 3295 κ

214 3351 276 3394 uon
290 3333 383 3396 salum
403 3354 423 3395 a
439 3352 528 3396 socru
549 3332 790 3417 Conprapatirmc
808 3332 942 3397 Consilii
957 3335 1140 3416 recopuoscr',
1165 3343 1209 3414 ct,
1231 3338 1259 3396 ai
1281 3355 1356 3416 opus
1377 3336 1485 3416 suerit,

214 3421 383 3502 emendari,
399 3441 502 3486 aarum
518 3430 609 3486 eliam
626 3443 645 3484 a
663 3420 785 3484 Summo
798 3422 963 3505 Pontifice,
979 3423 1026 3484 ita
1036 3423 1205 3506 petentibus
1218 3424 1488 3507 Metropolitanus

213 3511 324 3591 quidue
336 3521 406 3588 aunt
419 3511 583 3586 celebrata,
600 3531 656 3594 per
672 3512 857 3593 apostolicas
877 3509 994 3573 litteras
1007 3511 1194 3593 confirmari.
1208 3512 1407 3576 Confirmatio
1421 3531 1486 3574 sero

212 3599 404 3680 synadorum
425 3618 480 3681 per
507 3599 712 3680 apostolicam
741 3601 848 3663 sedem
874 3601 993 3662 duabus
1015 3600 1114 3662 modis
1138 3601 1241 3663 sedrdo
1264 3601 1486 3682 distinguendis
1573 3631 1574 3634 π

211 3685 278 3749 fleri
291 3693 389 3770 potest
406 3709 412 3750 :
429 3687 463 3750 in
477 3688 575 3754 forma
589 3688 763 3764 communi,
781 3688 828 3752 vel
840 3689 874 3752 in
888 3687 987 3752 forma
1001 3689 1146 3769 specifica.
1163 3692 1198 3752 In
1212 3690 1314 3770 somna
1325 3691 1483 3762 communi,

210 3793 272 3856 qua
286 3794 393 3840 corum
406 3781 537 3851 statuta,
552 3795 651 3857 neque
660 3777 798 3840 absoluta
809 3777 1027 3858 approbantur,
1038 3795 1139 3858 neque
1150 3777 1294 3842 sfortiari
1305 3779 1486 3842 sanciuntur

210 3864 391 3928 auctoritate
405 3864 591 3946 Apostolus,
608 3866 660 3928 sed
681 3865 869 3945 promulgari
891 3866 1054 3927 dumtaxat
1073 3867 1312 3947 permittuntur;
1332 3868 1366 3930 in
1385 3866 1485 3948 forma

209 3953 363 4035 specifica,
377 3971 453 4034 qua,
472 3951 629 4034 praemisso
650 3951 790 4033 diligenti
809 3952 965 4028 eramiae,
989 3971 1095 4016 eorum
1118 3955 1237 4022 decreta
1257 3965 1340 4018 motu
1358 3955 1484 4038 proprio
1572 3959 1573 4020 ;

209 4045 301 4121 atque
320 4059 356 4104 ex
374 4050 458 4104 certa
475 4043 599 4104 senentio
618 4041 839 4104 confirmantur
857 4041 895 4103 ab
913 4042 1084 4121 Apostolica
1099 4044 1182 4119 sede,
1198 4043 1324 4124 ideoque
1342 4048 1484 4107 naturam

208 4127 346 4192 induunt
360 4131 433 4211 Iegis
447 4129 609 4214 pontificia
624 4129 723 4210 quoad
743 4147 792 4192 eos
806 4129 845 4192 ad
861 4146 938 4210 quos
952 4129 1140 4211 diriguntur.
1164 4131 1198 4195 V.
1215 4131 1326 4195 Bened.
1343 4131 1390 4194 XI
1398 4131 1432 4208 V,
1450 4129 1484 4192 cla

210 4215 327 4297 Spnod.
344 4217 430 4281 diac.
444 4220 464 4284 l.
481 4221 564 4296 XIII,
580 4237 605 4282 c.
617 4238 653 4293 r,
667 4239 698 4280 n.
714 4223 769 4292 II,
786 4217 853 4280 etl.
870 4221 937 4292 XII,
951 4238 978 4281 a.
992 4239 1023 4296 r,
1039 4241 1072 4283 u.
1090 4225 1252 4286 Iit—Nec
1267 4229 1370 4284 tamen
1383 4227 1482 4282 traus-

208 4305 316 4368 missIo
334 4307 372 4369 ad
386 4309 415 4369 S.
432 4311 540 4389 congr.
558 4313 648 4373 Gonc.
665 4313 695 4370 et
709 4307 808 4370 multo
828 4307 934 4370 minus
954 4307 1145 4373 confirmatio
1161 4329 1214 4392 per
1229 4311 1336 4374 Sedena
1355 4312 1482 4389 Aposto-

207 4393 298 4542 Ιιὶοαω
314 4395 488 4460 necessarias
502 4403 576 4460 sunt
590 4416 644 4479 pro
659 4394 785 4462 statutis
801 4395 915 4480 Synodi
930 4396 1118 4462 dioecesana.
1136 4435 1177 4446 -
1190 4399 1303 4462 Benaci.
1319 4397 1408 4476 XIV,
1427 4396 1480 4472 ic,

225 4485 315 4558 ‚XII,
333 4503 359 4546 a.
376 4501 428 4559 111,
443 4505 474 4548 n.
490 4489 520 4549 6.
