3168 5002
439 237 733 286 raorosrrrouuu
756 239 1011 286 nannnrsauu
1320 233 1364 292 d'l

158 349 328 485 pmripciae,
344 349 475 408 redolens
489 349 660 424 pravitatem
674 366 761 424 quam
779 351 809 408 in
823 367 857 409 ea
873 351 1011 410 decretali
1032 355 1150 410 sanctus
1171 356 1300 415 Pontifex
1315 375 1364 414 ex-

180 445 244 487 orre
259 471 267 486 .

422 549 458 592 1)ss
475 550 656 594 erumnosus
673 549 828 593 annuarum
849 551 1031 595 conrnsslean

212 662 255 720 lle
269 661 380 721 Poenit.
396 663 416 736 ξ
431 664 475 722 lt.

124 749 170 808 39.
192 750 353 810 Declaratio
367 753 474 825 Synodi
492 752 524 809 in
542 754 722 828 peccaterum
734 753 892 811 venialium
910 753 1092 812 consessione
1107 771 1193 828 quam
1209 757 1308 830 optare
1331 775 1363 817 se

88 831 129 888 ait
144 847 201 888 non
215 833 364 906 tantopere
377 833 567 906 trequentari,
580 850 616 891 ne
633 833 756 891 nimium
774 833 1005 908 contemptibiles
1025 834 1182 893 reddantur
1195 835 1362 910 hujusmodi

13 919 14 922 ’
88 911 303 970 comessiones:

19 4551 23 4634 t

124 993 300 1068 Temeraria,
314 992 490 1066 perniciosa,
508 993 672 1051 sauctorum
689 1008 723 1052 ac
741 992 854 1068 piorum
868 994 949 1068 praxi
967 1011 986 1052 a
1002 1009 1084 1052 sacro
1103 992 1230 1054 Concilio
1245 997 1364 1056 Triden-

159 1073 221 1129 tino
235 1071 365 1146 probatae
379 1073 533 1131 contraria.

602 1211 636 1254 D!
656 1211 852 1256 remanemus

213 1299 258 1356 De
271 1300 381 1358 Poenit.
401 1300 420 1373 5
436 1299 480 1357 16.

123 1385 169 1444 ld.
189 1387 351 1462 Propositio
366 1403 507 1458 asserens,
518 1386 743 1462 indulpentiam
756 1387 922 1444 secundum
934 1404 1025 1446 suam
1033 1389 1195 1462 pracisam
1208 1389 1363 1448 notionem

89 1464 177 1523 atiud
190 1483 254 1524 non
268 1485 345 1536 esse,
359 1485 452 1542 quam
463 1467 674 1526 remissionem
688 1468 789 1542 partis
804 1468 870 1542 ejus
883 1467 1068 1542 paenitentia
1081 1487 1147 1542 paras
1159 1487 1214 1542 per
1230 1488 1362 1529 canones

89 1551 202 1604 statuta
215 1552 284 1604 erat
295 1551 433 1622 peccanti
438 1568 450 1618 ;

123 1626 213 1696 Quasi
234 1627 430 1700 indulgentia,
451 1629 554 1703 praeter
572 1630 678 1686 nudam
694 1627 899 1684 'remissionem
918 1643 1009 1702 poenae
1023 1629 1182 1698 canonica,
1201 1646 1257 1686 nou
1272 1632 1363 1688 etiam

89 1707 181 1765 ualeat
195 1707 231 1764 ad
247 1709 448 1766 remissionem
471 1725 562 1783 poenae
580 1707 748 1784 temporalis
768 1724 818 1782 pro
838 1708 963 1784 peccatis
982 1707 1144 1765 actualibus
1164 1709 1266 1767 debitas
1287 1711 1364 1785 apud

91 1787 216 1844 divinam
228 1789 394 1862 justitiam:

123 1867 224 1940 Falsa,
240 1870 410 1938 temeraria,
430 1869 536 1927 Christi
551 1869 663 1926 meritis
682 1868 837 1942 injuriosa,
852 1868 960 1925 dudum
978 1869 1008 1924 in
1027 1869 1081 1925 art.
1099 1867 1134 1925 19
1149 1868 1265 1927 Luthcri
1285 1869 1365 1927 dam·

161 1951 239 2006 nata.

125 2148 172 2207 tl.
192 2151 280 2219 ltem,
302 2149 333 2206 in
348 2165 382 2207 eo
402 2150 478 2224 quod
491 2149 633 2220 subditur,
650 2147 840 2206 scholasticos
857 2147 924 2204 suis
945 2146 1162 2205 subtilimtihas
1174 2147 1297 2222 inflatas
1311 2149 1364 2207 in·

92 2228 211 2286 resim
235 2229 410 2286 thesaurum
431 2228 510 2286 male
530 2228 714 2286 intellectum
736 2227 918 2284 meritorum
937 2227 1051 2286 Christi
1071 2232 1100 2284 et
1118 2228 1318 2300 Sanctorum,
1337 2235 1365 2286 et

91 2307 184 2366 clarae
196 2309 315 2366 nationi
328 2309 526 2368 absolutionis
536 2327 556 2367 a
568 2326 658 2383 paena
669 2307 816 2366 canonica
828 2306 1019 2366 substituisse
1032 2307 1193 2381 confusam
1207 2313 1234 2365 et
1250 2307 1365 2382 salsam

91 2385 312 2462 applicationis
327 2390 507 2448 meritorum
514 2410 525 2459 ,·

129 2467 225 2537 Quasi
237 2467 361 2528 thesauri
375 2471 524 2540 Ecclesia,
534 2469 611 2527 uude
625 2470 702 2544 Papa
716 2468 766 2526 dat
776 2468 988 2541 indulgentias,
999 2482 1056 2525 non
1070 2467 1130 2525 sint
1143 2469 1245 2526 merita
1258 2468 1364 2528 Christi

95 2551 122 2606 et
136 2549 325 2607 Sanctorum:

127 2628 230 2698 Falsa,
244 2631 410 2701 temeraria,
427 2630 533 2689 Christi
547 2633 577 2689 et
589 2629 757 2689 Sanctorum
772 2627 883 2686 meritis
899 2628 1055 2702 injuriosa,
1070 2627 1180 2686 dudum
1195 2629 1225 2685 in
1243 2629 1366 2687 articulo

163 2710 199 2766 ll
214 2709 331 2767 lutheri
343 2711 489 2768 damnata.

217 2821 295 2880 ibid.

130 2909 172 2967 lt.
192 2913 281 2983 ltem,
297 2911 329 2967 in
348 2911 474 2985 eoquod
497 2910 678 2986 superaddit,
700 2907 868 2967 luctuosius
889 2905 989 2966 adbuc
1010 2905 1172 2979 essequod
1193 2907 1366 2966 chamaemca

96 2989 193 3048 isaac
207 2991 373 3066 applicatio
386 2990 550 3066 trutissant
562 2989 655 3048 volita
670 2989 710 3047 sit
723 2988 759 3045 in
771 2988 930 3063 defunctos
945 3004 955 3041 .-

129 3069 226 3140 Falsa,
251 3071 420 3143 temeraria,
445 3072 558 3146 piarum
583 3071 697 3127 aurium
721 3068 874 3138 odansiva,
895 3067 927 3123 in
948 3069 1090 3126 Romanos
1108 3067 1261 3126 Pontifices
1284 3069 1365 3126 etin

163 3152 276 3226 praxim
289 3153 318 3210 et
332 3167 449 3210 sensum
463 3150 636 3211 universalis
651 3149 788 3209 Ecclesia
803 3147 957 3222 injuriosa,
974 3147 1114 3205 inducens
1129 3148 1159 3204 in
1173 3164 1298 3206 errorem
1312 3147 1367 3205 hm

164 3231 278 3290 reticali
302 3233 369 3290 nota
390 3233 421 3289 in
441 3233 524 3290 Petro
547 3231 583 3288 da
604 3233 693 3290 osma
710 3229 869 3299 confixum,
889 3227 994 3286 iterum
1015 3227 1181 3285 damnatum
1201 3228 1234 3284 in
1252 3228 1306 3286 art.
1330 3227 1366 3284 tt

163 3311 292 3371 lutheri.

215 3424 294 3482 Ibid.

128 3510 173 3568 la.
193 3514 225 3568 ln
235 3529 269 3569 eo
284 3509 398 3571 demum
413 3513 488 3587 quod
501 3510 753 3588 impudentissime
767 3509 913 3566 invehitur
927 3510 958 3564 in
972 3507 1095 3565 tabellas
1110 3503 1363 3578 indulgentiarum,

94 3591 194 3648 ellada
207 3593 406 3668 privilegiata,
422 3597 477 3652 etc.
492 3615 499 3650 ι

127 3673 304 3742 Temeraria,
321 3675 433 3748 piarum
446 3673 561 3732 aurium
574 3670 727 3740 odensiva,
750 3667 935 3740 scandaloso,
956 3668 987 3725 in
1007 3683 1136 3725 summos
1157 3663 1309 3724 Pontifices
1323 3665 1367 3721 at·

163 3769 219 3826 que
232 3754 264 3810 in
278 3754 389 3828 praxim
402 3755 461 3811 tota
477 3753 607 3812 Ecclesia
618 3751 827 3824 hequentatam
841 3747 1058 3806 contumeliosa.

536 3931 571 3974 ll!
590 3929 795 3974 nnssnvsrronn
814 3927 922 3971 casuum

127 4123 172 4181 tl.
193 4037 476 4200 Pr'bpozfflsyffi
482 4141 631 4194 asserens,
644 4123 879 4181 reservationem
892 4137 1022 4180 aasumn
1035 4131 1118 4173 nunc
1128 4118 1270 4188 teuaporrs
1280 4115 1367 4174 atiud

90 4221 153 4261 nou
173 4221 354 4280 esse,paam
370 4205 578 4280 improvidum
591 4202 725 4279 lipamen
741 4219 798 4278 pra
819 4200 1022 4275 inferioribus
1041 4193 1258 4266 sacerdotibus,
1274 4199 1301 4252 et
1320 4213 1369 4253 so·

90 4301 166 4340 naun
181 4301 271 4377 serien
288 4303 420 4344 uacuum
431 4301 490 4361 pro
508 4284 723 4360 paenitentibus
744 4281 872 4340 assaretis
892 4297 955 4338 non
975 4274 1141 4336 admodum
1160 4291 1268 4334 curare
1288 4275 1368 4333 hana

88 4372 414 4517 reffigtfflrelraria,
437 4445 512 4503 male
534 4459 655 4514 sonans,
679 4443 854 4519 peruiciosa,
874 4437 1001 4500 Concilio
1021 4435 1188 4496 Tridentino
1207 4435 1367 4504 contraria,

164 4527 323 4600 superioris
337 4526 523 4585 hierarchica
537 4524 687 4600 potestatis
702 4522 813 4583 laesira.
