3206 5024
206 185 275 246 848
735 197 944 244 cancarrus

203 309 332 372 atterius
348 307 386 371 'ut
403 309 441 372 ab
459 307 531 372 aliie
548 309 671 382 audita,
692 329 721 371 v.
745 330 807 392 gn,
828 311 857 372 ei
873 309 955 372 dicat
967 329 980 372 :
996 309 1122 390 Fertur,
1143 319 1289 385 marram,
1313 309 1418 373 audior
1439 311 1481 374 de

203 399 260 461 tali
271 398 328 460 boe
342 398 389 461 vet
400 397 498 460 ittet?

243 487 332 569 Resp.
347 492 397 551 1⁰:
413 493 518 550 Peceat
531 486 663 568 graviter
677 493 783 550 contra
797 487 957 550 caritatem
971 492 1002 550 et
1008 486 1183 568 justitiam,
1200 487 1227 552 si
1241 487 1286 550 ita
1302 488 1428 565 referat,
1442 497 1482 553 ut

203 575 255 639 alii
271 577 335 639 sint
352 575 551 639 verisimilius
567 578 598 638 et
614 576 725 638 merito
740 575 771 638 id
784 575 944 652 credituri,
960 596 991 638 r.
1009 594 1069 656 gr,
1088 576 1114 639 si
1129 583 1244 640 asserat
1258 595 1305 652 se,
1322 595 1393 658 quae
1407 596 1480 640 nar-

203 671 262 740 rat,
274 665 430 728 audivisse
443 684 462 727 a
476 683 603 746 persona
615 665 673 728 fide
687 664 790 746 digna,
802 664 876 745 qnia
890 671 965 728 tuno
982 683 1106 728 carmem
1120 665 1319 730 sufficientem
1335 667 1482 730 credendi

205 755 323 817 matum
347 754 475 834 praebet;
501 771 603 827 secus,
627 753 654 815 si
677 753 874 833 probabiliter
896 753 970 816 fides
995 753 1085 816 dictis
1104 773 1168 817 non
1187 754 1379 830 adhibeatur,
1406 755 1483 836 quia

205 843 291 906 nulla
305 841 434 905 infamia
448 841 520 904 inde
536 841 662 904 orietur.
677 841 771 904 Multo
785 847 890 904 autem
904 841 1025 905 facilius
1041 842 1175 923 peccabit
1186 842 1318 923 graviter
1332 841 1479 920 reterens,

206 931 301 994 etiarn
320 938 356 994 ut
377 947 459 994 mere
471 931 619 1006 dubium,
637 936 795 1010 peccatum
814 949 938 994 enorme
954 929 1095 1006 alterius,
1113 949 1144 993 v.
1161 949 1221 1011 ge,
1236 931 1377 1006 haeresis,
1392 932 1483 996 sodo

205 1019 292 1094 miae,
308 1027 365 1082 ete.

245 1109 336 1192 Resp.
355 1113 407 1174 2⁰:
423 1113 528 1172 Peccat
546 1107 679 1189 graviter
700 1114 804 1170 contra
825 1109 999 1184 caritatem,
1016 1107 1044 1170 si
1064 1107 1170 1172 audita
1187 1108 1297 1172 reserat
1315 1128 1420 1174 coram
1440 1111 1483 1175 iis

206 1197 261 1280 qui
279 1197 478 1279 probabiliter
492 1215 527 1260 ea
547 1197 672 1260 credent
686 1215 723 1259 ex
739 1195 863 1259 levitate
882 1201 936 1259 aut
949 1195 1070 1260 malitia
1083 1196 1219 1278 propria3
1233 1198 1308 1279 quia
1322 1199 1381 1262 suh
1395 1201 1483 1281 mvi
1590 1209 1591 1212 ,

206 1286 337 1369 quisque
356 1292 478 1349 tenetur
492 1305 530 1349 ex
548 1285 674 1348 caritate
693 1284 795 1348 tollere
812 1285 999 1348 occasionem
1017 1285 1124 1348 damni
1143 1285 1285 1362 alterius,
1302 1305 1376 1350 cum
1396 1287 1483 1353 facile

205 1381 315 1458 potest.
331 1379 399 1440 Non
422 1381 527 1438 tamen
545 1375 669 1437 videtur
685 1390 805 1452 peccare
827 1381 933 1438 contra
952 1374 1125 1456 justitiam,
1148 1374 1222 1456 quia
1239 1394 1301 1439 non
1322 1381 1371 1440 est
1391 1396 1482 1442 causa

206 1463 310 1528 efficax
331 1464 448 1527 damni.
464 1501 506 1512 -
520 1463 556 1527 S.
579 1463 648 1545 try.
663 1483 693 1524 n.
714 1465 785 1526 9¹17.
799 1499 838 1509 -
854 1463 1008 1542 eittoarc,
1024 1462 1113 1538 ittet,
1134 1472 1196 1526 art.
1216 1468 1251 1540 Ξ,
1275 1468 1292 1543 ξ
1312 1469 1347 1541 d,
1372 1477 1401 1528 et
1423 1469 1484 1530 atii

205 1556 409 1616 communiter.
1164 1549 1178 1578 “

245 1647 315 1707 toa.
333 1679 372 1688 —
385 1645 486 1719 Qoma.
506 1648 538 1706 't0
552 1643 703 1721 Quomodo
715 1651 816 1726 peccet
829 1641 953 1704 audens
969 1640 1205 1704 detractionem?

246 1731 339 1814 Resp.
357 1737 406 1795 1⁰:
421 1737 524 1796 Pecoat
546 1739 626 1796 certe
645 1732 778 1814 graviter
797 1738 902 1794 contra
919 1732 1095 1814 justitiam,
1110 1730 1166 1814 qui
1183 1729 1343 1795 efficaciter
1361 1732 1485 1798 inducit

208 1819 305 1884 alium
319 1821 357 1883 ad
371 1821 604 1884 detrahendum.

247 1909 335 1992 Resp.
361 1913 393 1973 2⁰
405 1930 412 1971 :
426 1914 531 1974 Pecoat
550 1911 684 1992 gravitm
704 1916 810 1974 contra
833 1909 1007 1986 caritatem,
1033 1908 1088 1991 qui
1111 1909 1223 1989 gaudet
1242 1909 1279 1972 de
1297 1911 1483 1974 detractione

207 1998 294 2080 gravi
309 1998 347 2060 ab
360 1998 418 2061 alio
429 1997 521 2074 facta,
538 1999 611 2080 quia
621 2001 731 2080 gaudet
744 1999 782 2061 de
791 2000 903 2061 damno
911 1998 996 2078 gravi
1009 1995 1152 2078 proximi.
1165 1996 1288 2079 Excipe,
1303 1998 1330 2060 si
1339 1999 1484 2079 gauderet

207 2091 332 2150 tantum
350 2087 387 2150 de
405 2089 562 2150 auditione
580 2087 624 2151 rei
644 2107 732 2151 nova
746 2088 793 2150 vel
806 2087 946 2162 curiosae,
963 2104 1026 2148 non
1046 2103 1116 2148 vero
1130 2086 1168 2148 de
1181 2085 1248 2166 ipsa
1262 2087 1458 2152 detractione.

136 2173 149 2197 ’
248 2175 337 2256 Rerp.
363 2181 415 2240 3⁰:
434 2175 576 2256 Superior
595 2184 696 2256 peccat
715 2183 819 2239 contra
837 2175 1013 2250 caritatem,
1027 2173 1055 2237 si
1069 2173 1290 2238 detractionem
1308 2194 1370 2239 non
1386 2177 1485 2259 impe-
1590 2221 1591 2226 κ

210 2263 275 2325 diat
295 2263 329 2325 in
353 2269 505 2346 quantum
526 2265 683 2328 commode
704 2271 821 2346 potest,
844 2263 967 2328 etiamsi
984 2264 1022 2327 de
1038 2281 1074 2326 ea
1094 2281 1158 2326 non
1176 2265 1320 2344 gaudeat;
1344 2265 1485 2346 quirilli

209 2350 346 2432 specialis
370 2351 513 2432 obligatio
536 2353 690 2416 incumbit
713 2352 882 2432 corrigendi
903 2351 1130 2428 detrahentem,
1155 2359 1210 2415 aut
1232 2353 1346 2416 damno
1365 2354 1487 2418 subditi

208 2438 349 2502 infamati
364 2440 519 2504 obviandi.
536 2441 733 2504 Probabitius
749 2449 853 2504 autern
869 2459 931 2504 non
945 2447 1049 2522 peccat
1065 2445 1169 2504 contra
1178 2440 1356 2521 justitiam:
1374 2449 1408 2505 1⁰
1425 2445 1486 2507 Su-

208 2528 309 2610 perior
324 2529 524 2606 detrahentis,
543 2530 692 2613 quianon
714 2538 837 2594 tenetur
854 2530 1016 2610 inuigilare
1035 2528 1115 2593 bono
1132 2529 1252 2592 atterius
1265 2546 1328 2590 non
1343 2531 1483 2607 subditi;
1589 2595 1590 2598 ,

210 2621 244 2680 2⁰
262 2618 404 2699 Superior
422 2617 580 2695 infamati,
597 2619 671 2701 quia
692 2618 753 2701 ipsi
775 2637 838 2682 non
858 2618 1014 2682 incumbit
1029 2616 1204 2700 exjustitia
1220 2616 1298 2678 bono
1319 2619 1488 2700 temporali

210 2706 325 2769 subditi
339 2708 504 2771 attendere.
519 2744 559 2755 -
572 2708 608 2770 S.
622 2710 692 2790 Lip.
709 2728 741 2770 n.
757 2712 832 2782 979,
848 2711 919 2772 980.

249 2795 340 2878 Resp.
353 2801 407 2860 4⁰:
424 2800 554 2862 Persona
568 2797 759 2879 particularis
775 2798 955 2878 pierumque
968 2801 1025 2859 eut
1036 2796 1163 2860 omnino
1175 2799 1228 2860 ant
1240 2796 1382 2860 saltema
1398 2796 1490 2877 gravi

212 2891 332 2966 peceato
352 2893 525 2962 excusatur,
542 2886 569 2950 si
585 2886 803 2950 detractionem
821 2903 884 2948 non
904 2883 1067 2966 impediat,
1088 2885 1153 2948 sive
1170 2903 1208 2949 ex
1226 2885 1410 2948 verecundia
1430 2889 1486 2948 aut

212 2973 322 3037 timore
340 2976 388 3038 vel
408 2975 503 3038 etiam
522 2975 722 3057 negligentia,
739 2973 862 3038 etiamsi
882 2973 1039 3038 commode
1061 2973 1172 3055 possit,
1187 2974 1277 3038 modo
1298 2975 1336 3036 de
1353 2973 1406 3038 illa
1423 2991 1487 3038 non

215 3063 362 3143 gaudeat,
378 3083 434 3127 neo
455 3068 562 3146 praeter
578 3064 742 3128 infamiam
760 3063 842 3126 aliud
862 3063 1013 3126 damnum
1032 3063 1164 3126 accedat.
1182 3062 1271 3127 Ratio
1285 3068 1349 3136 est,
1365 3063 1438 3144 quia
1452 3062 1487 3125 in

212 3154 270 3218 hac
281 3153 411 3216 materia
425 3171 502 3236 saepe
515 3161 653 3218 constare
667 3153 775 3235 nequit
792 3151 1009 3215 correctionem
1026 3169 1090 3214 esse
1104 3150 1312 3232 profuturam;
1327 3151 1392 3214 imo
1409 3169 1488 3232 saepe

212 3242 417 3325 periculosum
434 3249 496 3318 est,
516 3249 547 3306 et
561 3243 671 3306 merito
685 3241 790 3306 timeri
803 3246 917 3322 potest,
936 3258 976 3304 ne
998 3239 1144 3303 detractio
1161 3239 1264 3320 potius
1277 3245 1425 3320 augeatur
1438 3239 1490 3302 vel

214 3333 408 3413 producatur.
425 3333 520 3413 Culpa
534 3339 638 3395 tamen
651 3331 755 3412 aliqua
766 3349 829 3394 non
836 3329 961 3404 carebit,
979 3328 1006 3391 si
1018 3327 1106 3392 facile
1115 3328 1332 3393 correctionem
1339 3327 1489 3390 efficacem

213 3421 357 3484 adhibere
369 3419 474 3501 possit.
489 3455 528 3466 --
538 3421 574 3483 S.
587 3421 658 3499 Ltg.
670 3439 701 3482 o.
718 3423 788 3485 981.

254 3511 450 3573 Excusantur
468 3514 573 3572 autem
592 3509 724 3572 etiamn
747 3506 875 3583 veniali,
892 3507 963 3588 qui,
980 3506 1035 3570 ubi
1055 3507 1223 3570 advertunt
1246 3507 1488 3582 detractionem,
1586 3513 1587 3532 t

214 3594 392 3674 discedunt,
414 3613 585 3664 sennonem
606 3600 801 3678 expungunt,
827 3601 881 3659 aut
905 3595 1012 3660 taciem
1032 3601 1195 3671 avertunt,
1216 3602 1310 3677 atque
1331 3595 1434 3658 tristes
1458 3611 1491 3658 se

214 3686 381 3749 ostendunt
390 3690 482 3768 juxta
494 3685 570 3749 illud
585 3689 673 3750 Prov.
687 3705 759 3762 nau,
777 3689 839 3750 23:
856 3684 993 3768 Dissipat
1005 3685 1099 3766 facim
1112 3684 1207 3748 erotis
1224 3684 1364 3768 linguam
1382 3685 1491 3748 detra·

213 3773 342 3836 denam.

253 3867 324 3927 454.
339 3897 381 3910 -
393 3866 495 3940 Quam.
511 3867 544 3928 8⁰
557 3866 608 3927 Aa
623 3862 713 3926 liceat
723 3864 850 3946 seipsum
865 3863 1036 3944 infamaret

253 3951 343 4034 Itesp.
361 3953 489 4034 Aspim.
504 3972 560 4036 per
576 3972 622 4032 ee,
639 3953 666 4015 si
682 3960 764 4016 recta
777 3951 947 4016 intentione
965 3951 1033 4027 fiat,
1055 3952 1170 4015 secluso
1187 3951 1345 4027 scandalo,
1365 3955 1397 4013 et
1416 3950 1491 4013 alio

214 4057 287 4104 rum
309 4041 431 4105 damno.
456 4040 545 4107 Ratio
565 4045 625 4117 est,
641 4039 713 4122 quia
735 4058 798 4104 non
821 4047 868 4103 est
889 4047 995 4103 contre
1008 4040 1183 4122 justitiam,
1204 4057 1276 4103 cnm
1297 4038 1430 4120 quisque
1449 4038 1493 4100 sit

214 4128 304 4201 samae
323 4148 386 4193 suae
404 4131 563 4208 dominus;
580 4149 634 4194 nec
650 4134 756 4192 contra
776 4129 950 4203 caritatem,
966 4128 1041 4211 quia
1059 4129 1123 4194 hac
1142 4147 1204 4192 non
1218 4128 1333 4208 obligat
1352 4127 1393 4190 ad
1411 4127 1494 4190 bona

215 4224 341 4282 externo
355 4221 575 4295 conservanda,
592 4217 656 4282 nisi
668 4225 823 4300 quantum
837 4217 871 4281 id
884 4217 988 4298 exigat
1001 4217 1084 4281 salus
1099 4217 1222 4298 propria
1235 4217 1284 4280 vel
1297 4215 1445 4297 proximi.

253 4305 318 4368 Per
334 4308 473 4370 accidens
491 4315 595 4372 autem
613 4306 763 4388 peccabis,
779 4313 811 4370 et
828 4306 924 4370 etiarn
945 4307 1088 4387 graviter,
1105 4306 1132 4369 si
1149 4306 1232 4368 fama
1248 4309 1302 4368 tua
1321 4304 1495 4368 necessaria

215 4393 257 4455 sit
281 4395 403 4458 muneri
424 4403 494 4471 tuo,
508 4396 555 4459 vel
576 4396 602 4459 si
625 4395 685 4460 tibi
701 4396 852 4458 damnum
873 4393 960 4471 vita,
977 4395 1026 4458 vel
1044 4394 1113 4460 aliis
1131 4392 1268 4458 infamia
1287 4411 1325 4456 ex
1339 4393 1398 4457 hoc
1415 4393 1494 4456 oriri

215 4480 322 4560 possit.
338 4515 378 4526 —
389 4481 424 4543 S.
439 4483 510 4562 Liq.
527 4503 559 4544 a.
572 4488 643 4549 883.
