3156 5026
571 183 613 228 aa
633 181 799 227 susurria
818 181 859 227 rr
879 181 966 226 rnen
1338 168 1406 230 tao

154 295 277 399 'Quum
298 297 333 356 t⁰
344 292 397 354 An
416 297 563 376 superios,
582 301 683 355 ratum
696 291 813 355 :tatem
831 290 1173 371 damnanavmendcntt
1189 292 1409 374 comparandus

133 382 264 554 nizam.
276 469 368 554 Nep„
381 469 605 534 siratibabitic.
613 471 963 534 manitionem-’damni
971 469 1275 552 subsannarentur
1286 467 1364 532 tnnc'
1373 469 1409 534 in

135 562 290 625 damnum
299 559 428 622 influere
441 558 560 640 nequit.
571 560 662 622 secus
671 576 742 621 vero
751 557 1135 640 ,si-:damnumpracedaa
1150 557 1409 639 seuspmponftum

134 649 242 714 damni
256 646 404 710 inferendi
418 645 576 730 respiciat,
592 645 670 708 etin
685 645 762 710 illud
776 665 847 710 vere
859 646 981 711 induet.
995 656 1044 694 -'
1056 647 1176 728 Vopler,
1189 652 1248 709 etc.

256 802 466 867 Resolves.
496 791 500 796 ’

175 949 294 1011 815.-
305 946 494 1012 rumdam
504 943 632 1008 adnibil
642 949 774 1019 tenetur,
787 943 814 1008 'si
826 943 1006 1026 tempestive
1017 944 1201 1007 mandatmn
1210 944 1406 1018 revocaverit,

133 1035 203 1098 licet
216 1034 443 1110 mandatarius,
460 1035 504 1096 ed
510 1033 682 1098 mercedem
694 1032 880 1114 pmmissam
894 1032 1119 1114 accipiendam,
1135 1032 1309 1098 linxerit'se'
1319 1051 1411 1098 revo-

133 1123 284 1187 cationem
298 1129 370 1186 ante
384 1121 671 1186 damnnm‘illatum
684 1139 747 1184 non
762 1121 920 1203 accepisse.

174 1216 208 1275 2⁰
229 1213 260 1275 Si
279 1216 397 1275 constet
411 1211 549 1274 mandati
568 1209 791 1273 revocationem
810 1228 873 1273 non
887 1210 983 1274 fuisse
1001 1209 1203 1274 auditamvel
1214 1210 1408 1275 'intellectum

134 1319 153 1364 a
172 1301 363 1364 mandatario
376 1300 415 1363 ob
435 1298 618 1362 surditatem
632 1298 680 1362 vel
699 1298 944 1374 distractionem,
962 1300 1113 1362 mandans
1127 1301 1166 1363 ad
1179 1299 1408 1364 restitutionem

134 1394 272 1465 tanetum
293 1389 366 1470 quia
387 1388 511 1452 effectus
528 1386 667 1469 sequitur
686 1387 718 1450 vi
738 1387 849 1468 prioris
867 1387 1017 1452 mandati.
1036 1389 1151 1450 Eadem
1170 1388 1249 1451 ratio
1265 1388 1361 1464 valet,
1381 1388 1409 1451 si

18 1556 20 1560 Ι
134 1478 285 1541 mandans
304 1477 421 1540 litteras
439 1482 614 1540 revocantes
629 1475 813 1538 mandatum
831 1475 953 1554 mittet,
973 1481 1005 1540 et
1017 1474 1066 1539 bae
1083 1494 1156 1539 casu
1169 1475 1271 1557 aliquo
1286 1476 1410 1539 interci-

134 1565 271 1648 piantur.
283 1565 432 1648 -²Luyo.
446 1601 487 1612 -
503 1563 624 1646 Vopler,
643 1586 674 1626 η.
690 1567 766 1639 2¹13,
781 1568 853 1628 atr.

175 1660 207 1720 3ο
229 1655 288 1730 Qui
305 1653 403 1716 alium
413 1653 535 1716 inducit
547 1652 688 1734 precibus
702 1658 829 1716 tantum
840 1654 880 1716 ad
895 1654 1047 1718 damnum
1062 1671 1117 1716 suo
1131 1651 1409 1733 nomineprcrimo

133 1743 345 1818 inserendum,
356 1760 426 1806 vere
440 1743 593 1806 mandans
606 1748 668 1815 est,
683 1747 714 1804 et
727 1746 763 1804 ut
775 1743 926 1805 mandens
937 1742 1098 1805 habendus
1112 1747 1174 1819 est,
1185 1740 1259 1824 quia
1268 1741 1410 1823 estprin-

134 1831 271 1913 cipaliter
288 1848 380 1911 agens
399 1829 434 1892 in
452 1830 558 1893 ordine
576 1829 695 1892 morali.
717 1834 882 1893 Exseeutor
900 1829 984 1892 enim
1002 1849 1090 1912 egem
1108 1849 1171 1893 non
1190 1835 1331 1893 censetur
1347 1830 1409 1895 nisi

133 1920 197 1984 loco
212 1919 326 2001 ipsius,
347 1919 481 2000 adeoque
501 1919 540 1981 ad
558 1919 710 1981 damnum
729 1918 876 1982 inducens
897 1936 987 1982 omne
1005 1937 1083 1983 onus
1101 1918 1304 2000 reparationis
1322 1918 1356 1983 in
1378 1937 1410 1982 se

133 2025 289 2072 assumere
302 2012 453 2070 censetur.
466 2042 507 2055 —
527 2007 600 2071 Vide
616 2005 729 2082 Costa,
742 2027 825 2068 num.
843 2011 914 2072 657.

588 2191 609 2283 ξ
624 2193 669 2262 ΙΙ.
690 2195 738 2262 De
751 2195 956 2262 consonate.

257 2329 482 2412 Principia.

173 2471 243 2537 676.
258 2510 300 2521 -
319 2477 343 2538 Ι.
362 2475 528 2538 Consulens
549 2467 652 2556 peccat
672 2480 777 2538 contra
793 2475 966 2556 justitiam,
986 2475 1106 2557 quoties
1129 2475 1227 2539 sciens
1248 2481 1279 2538 et
1299 2474 1407 2538 volens

131 2562 248 2644 prabet
261 2561 408 2645 iniquum
426 2563 605 2639 consilium,
621 2581 682 2646 quo
696 2564 772 2626 alter
787 2563 946 2627 efficaciter
960 2563 1126 2628 inducatur
1139 2565 1178 2628 ad
1192 2563 1343 2628 damnum
1356 2563 1406 2626 in-

128 2655 213 2732 juste
231 2650 441 2728 inferendum
459 2652 533 2734 quia
550 2653 702 2714 damnum
720 2657 766 2714 est
784 2660 816 2715 et
833 2651 893 2733 ipsi
913 2652 1107 2734 imputabile.
1123 2656 1247 2716 Constat
1261 2652 1357 2714 etiam
1373 2670 1410 2714 ex

132 2739 336 2822 propositione
351 2744 403 2804 39³
415 2741 453 2802 ab
468 2743 570 2802 innoc.
584 2742 624 2803 XI
637 2741 798 2816 damnata,
810 2759 880 2821 quae
894 2740 938 2803 sic
947 2743 1047 2822 jacet:
1061 2741 1123 2818 Qui
1136 2741 1231 2802 alium
1244 2749 1342 2802 mouet
1354 2749 1411 2802 out

132 2829 252 2892 abducit
265 2830 306 2892 od
320 2828 518 2909 inserendum
535 2847 626 2910 peace
640 2827 784 2909 damnum
803 2831 911 2905 tertio,
927 2848 989 2890 nou
1004 2837 1120 2892 tenetur
1134 2830 1173 2892 ud
1186 2832 1409 2891 restitutionem

132 2917 219 2979 istius
232 2916 337 2979 damni
349 2916 442 2978 illati.

171 3007 209 3068 ll.
232 3005 415 3082 donadeus,
430 3004 485 3086 qui
498 3004 577 3067 bona
588 3003 648 3068 fide
659 3005 743 3066 dedit
757 3004 941 3067 damnosum
955 3003 1134 3080 consilium,
1148 3005 1268 3086 cognita
1279 3006 1408 3069 veritate

130 3100 256 3157 tenetur
269 3094 345 3157 illud
359 3099 538 3167 retractare,
554 3098 585 3154 et
599 3092 725 3174 quidem
738 3111 777 3156 ex
790 3091 923 3174 justitia.
943 3093 1089 3174 Sequitur
1103 3112 1141 3156 ex
1155 3113 1248 3176 supra
1261 3095 1352 3159 dictis
1365 3095 1407 3158 de

130 3181 183 3244 illo
197 3181 251 3262 qui
266 3181 493 3262 inculpabiliter
506 3199 630 3244 causam
644 3180 751 3244 damni
764 3180 877 3262 posuit,
893 3201 932 3242 a·
941 3185 1013 3245 662.
1029 3217 1070 3228 —-
1090 3181 1209 3265 Vopler,
1226 3191 1284 3247 etc.

171 3271 222 3333 111.
247 3270 414 3334 Consulens
433 3287 503 3333 vero
522 3287 584 3332 non
601 3273 723 3332 tenetur
741 3270 781 3332 ad
802 3269 1046 3346 restitutionem,
1071 3270 1099 3332 si
1119 3276 1274 3334 exsecutor
1293 3271 1408 3350 absque

129 3358 184 3421 illo
195 3357 320 3422 consilio
335 3377 420 3438 aque
435 3358 511 3421 bene
525 3364 556 3422 et
569 3358 675 3421 eodem
691 3359 779 3420 modo
789 3359 940 3420 damnum
950 3357 1059 3422 luisset
1072 3358 1231 3435 illaturus3
1246 3358 1407 3440 quiatunc
1443 3407 1449 3416 .

130 3446 296 3510 consilium
310 3465 373 3510 non
387 3445 545 3512 efficaciter
559 3447 754 3511 indemnem
766 3445 904 3510 induxit.
920 3483 960 3494 -
974 3447 1011 3510 S.
1026 3447 1096 3529 Lip.
1113 3468 1145 3509 n.
1161 3451 1232 3511 561.

254 3599 451 3677 Quaeslta.

171 3748 242 3807 67¹1.
258 3779 299 3792 -
312 3746 414 3821 Qnma.
431 3743 526 3808 10Aa
546 3753 682 3807 teneatur
695 3742 737 3806 ad
753 3743 974 3806 restitutionem
992 3744 1155 3824 meelate,
1176 3745 1231 3827 qui
1249 3741 1404 3805 concilium

128 3852 217 3896 sutem
230 3843 352 3896 revocat
362 3841 431 3896 acte
447 3833 667 3897 exsecutionem
682 3832 807 3894 damni?

142 3953 146 3962 ·
165 3922 306 4005 ‚Respsl‘’
320 3922 410 4006 Nep„
426 3922 455 3985 si
467 3922 631 3985 consilium
646 3919 740 3984 fuerit
755 3921 885 3997 nudum,
898 3921 932 3984 id
946 3925 991 3984 est
1005 3921 1148 4004 simplex,
1165 3919 1239 4002 quia
1251 3936 1405 4000 perreve-

129 4011 280 4075 cationem
294 4011 414 4075 tollitur
426 4017 490 4074 tota
504 4010 551 4074 vis
565 4009 694 4074 consilii.
709 4043 749 4056 -
763 4010 813 4072 Ita
826 4013 1032 4073 communiter.

169 4099 259 4182 Resp.
276 4103 332 4162 20:
354 4099 387 4162 Si
408 4098 571 4162 consilium
593 4098 690 4162 fuerit
711 4099 868 4176 vestitum,
888 4116 943 4161 seu
963 4097 1088 4162 motivis
1106 4097 1268 4172 innixum,
1288 4101 1405 4158 conbo-

128 4187 270 4252 vertitur.
292 4187 502 4250 Probabiliter
521 4187 615 4250 ctiam
637 4207 717 4269 nep„
740 4187 831 4250 modo
849 4187 987 4250 adbibita
1004 4185 1121 4250 luerint
1138 4185 1173 4249 in
1194 4183 1405 4249 retractatione

128 4277 190 4340 alia
202 4276 318 4340 motiva
333 4277 441 4340 saltem
455 4294 541 4358 aeque
557 4274 696 4338 efficacia.
713 4311 753 4322 -
771 4275 823 4336 Ita
835 4276 929 4354 Azor,
946 4282 1017 4351 etc,
1033 4282 1138 4337 contra
1158 4274 1251 4353 altos,
1270 4289 1405 4354 quorum

129 4365 316 4428 sententiam
330 4365 565 4447 probabiliorem
580 4363 656 4428 dicit
671 4364 707 4427 S.
724 4365 795 4446 Lip.
809 4363 936 4445 Excipe,
951 4363 977 4427 si
991 4363 1053 4426 furi
1065 4364 1104 4426 ad
1114 4364 1264 4427 danmum
1275 4361 1406 4425 inferen-

130 4455 207 4518 dum
221 4454 426 4520 determinato
440 4452 608 4518 ostenderis
622 4453 750 4519 modum
763 4451 956 4534 ingrediendi
968 4454 1112 4531 domum,
1128 4470 1221 4537 quem
1241 4469 1326 4517 secus
1341 4466 1404 4514 non
