3206 5024
236 231 306 292 308
772 239 977 286 reserares

234 356 391 430 laborant;
403 361 434 415 et
449 371 511 416 uno
526 353 632 428 verbo,
648 352 671 414 ii
685 370 792 415 omnes
806 352 860 433 qui
876 351 1058 432 obsequium
1073 369 1136 414 non
1149 357 1312 432 prestant,
1329 356 1419 436 quale
1431 357 1513 420 onii-

235 444 321 506 uarie
334 463 353 505 a
367 443 479 504 talibus
494 441 573 522 exigi
587 448 618 503 et
631 441 769 523 prestari
786 441 868 502 solet.

274 537 307 596 3υ
332 531 542 609 Itb'delitctem,¹
551 533 642 620 juxta
656 529 748 592 verba
761 529 848 592 Pauli
863 531 901 591 ad
912 529 976 591 Tit.
988 548 1028 602 n,
1044 531 1064 591 9
1079 549 1087 592 :
1104 528 1214 591 Servos
1229 531 1358 592 dominis
1372 535 1436 596 suis
1447 536 1513 597 snb-

233 621 313 683 ditos
325 641 434 698 esse...,
450 639 512 680 non
525 619 716 700 fraudantes,
733 618 784 679 sed
797 618 830 679 in
847 617 982 680 omnibns
996 617 1088 700 fidem
1100 618 1207 679 bonnm
1222 619 1419 683 ostendentes.

273 710 351 772 Hinc
360 714 484 790 peccant
496 715 526 770 et
538 725 615 788 sape
628 706 761 788 graviter
768 713 874 769 contra
881 705 1055 788 justitiam,
1067 706 1121 788 qui
1134 725 1239 769 rernm
1252 707 1312 770 sibi
1321 709 1511 775 creditarum

233 816 339 861 curam
354 817 416 861 uon
427 796 557 871 habent,
568 795 621 876 qui
631 813 668 858 ox
682 795 769 876 culpa
779 813 835 856 sua
846 813 896 857 eas
909 793 1072 857 deteriores
1083 794 1149 857 lieri
1160 795 1282 870 sinunt,
1296 798 1350 878 qui
1362 798 1510 864 victualia

232 887 378 968 pretiosa,
395 891 450 948 aut
464 883 540 965 ipsis
554 902 617 947 non
631 883 698 945 dari
712 883 800 946 solita
814 881 1003 963 surripiunt,
1021 883 1086 945 sive
1102 882 1141 946 ad
1157 884 1426 962 manducandum,
1444 890 1510 952 sine

232 977 271 1040 ad
282 973 435 1038 extrancis
449 974 587 1037 dandum
602 978 657 1034 aut
671 972 878 1034 vendendum.

734 1168 947 1230 ARTIGULUS
968 1168 995 1228 ll

449 1314 487 1360 on
508 1313 755 1358 oanrcnmonnsns
777 1313 991 1358 masmanna
1011 1313 1049 1358 nr
1068 1314 1284 1360 mscnmoauu

270 1465 339 1526 381.
354 1495 394 1505 -
408 1463 430 1521 l.
447 1458 586 1538 Magistri
600 1465 631 1521 et
645 1461 838 1539 praeceptores
852 1459 964 1521 debent
977 1457 1134 1539 discipulis
1151 1479 1159 1521 :

270 1556 302 1614 l⁰
323 1553 482 1624 Amorem,
492 1552 526 1611 2⁰
534 1547 724 1627 exemplum,
737 1551 769 1610 3⁰
780 1547 1011 1622 correctionem,
1025 1551 1059 1609 10
1067 1547 1247 1610 doctrinam.
1260 1549 1350 1614 Ratio
1359 1557 1422 1624 est,
1435 1559 1504 1615 tum

228 1638 301 1721 quia
319 1640 358 1700 ad
375 1639 475 1700 instar
493 1641 655 1718 parentmn
673 1636 897 1716 quodammodo
917 1654 948 1698 se
963 1635 1095 1711 habent,
1113 1636 1270 1716 tumquia
1288 1637 1504 1704 instituuntur

228 1729 266 1790 ad
283 1727 465 1789 erudiendos
480 1725 642 1806 discipulos
657 1723 690 1786 in
706 1742 780 1786 sana
798 1724 935 1786 doctrina
949 1742 1073 1786 morum
1087 1727 1117 1786 et
1131 1724 1317 1788 litterarum.

267 1816 382 1879 Debent
394 1814 508 1894 igitur:
524 1819 556 1876 l⁰
570 1831 633 1875 sese
647 1812 788 1893 perticere
806 1812 841 1874 in
860 1811 987 1875 scientia
1003 1813 1239 1894 quamdocent,
1253 1815 1292 1878 ad
1311 1815 1387 1878 alios
1401 1817 1503 1882 debite

225 1905 422 1978 erudiendos;
444 1907 477 1964 2⁰
502 1919 677 1982 promovere
700 1900 870 1981 profectum
893 1900 1115 1982 discipulorum
1139 1900 1174 1964 in
1193 1901 1320 1978 litteris,
1346 1913 1502 1985 quantum

225 1992 259 2056 in
280 1992 355 2074 ipsis
381 1997 442 2066 est;
458 2009 508 2052 eos
527 1993 675 2063 avertere,
698 1995 852 2070 quantum
872 1995 1017 2070 possunt,
1031 1989 1069 2051 ab
1088 1989 1158 2052 aliis
1172 1991 1227 2070 qui
1242 1992 1346 2071 pravis
1360 1994 1502 2056 moribus

224 2084 401 2162 turpantur,
416 2097 551 2161 quosque
564 2078 599 2140 in
613 2077 723 2141 scholis
735 2077 800 2140 suis
814 2077 976 2141 admittere
987 2077 1073 2141 nullo
1091 2079 1180 2142 modo
1195 2080 1316 2143 debent.

265 2168 343 2232 Hinc
365 2175 561 2249 preceptores
580 2166 755 2246 delinquere
773 2169 901 2246 possunt
919 2165 1011 2228 etiam
1026 2166 1170 2246 graviter,
1187 2186 1259 2230 cum
1278 2169 1501 2251 discipulorum

224 2257 458 2320 instructionem
477 2256 652 2335 negligunt,
668 2260 723 2317 aut
736 2272 785 2316 eos
805 2255 918 2336 injuste
937 2255 984 2317 sel
1002 2255 1166 2318 indiscrete
1186 2257 1337 2337 puniunt;
1352 2261 1404 2322 sad
1420 2278 1501 2340 prae-

224 2346 332 2410 sertim
344 2346 371 2408 si
385 2347 507 2408 eosdem
519 2343 678 2416 seducant,
695 2343 733 2404 ad
748 2349 882 2422 peccata,
899 2363 928 2406 v.
951 2363 1010 2423 ga,
1027 2343 1160 2406 carnalia
1174 2345 1373 2426 impellendo;
1395 2349 1500 2412 sinon

223 2437 348 2499 doceant
373 2435 467 2498 bonos
490 2451 603 2506 morem
628 2430 655 2494 si
675 2451 712 2494 ex
735 2431 888 2511 proposito
912 2430 987 2494 falsa
1009 2432 1137 2495 doceant
1157 2436 1192 2494 ut
1214 2451 1298 2508 sera,
1328 2435 1377 2497 sel
1402 2437 1501 2499 saluti
1587 2403 1588 2498 l

222 2524 328 2600 noxia;
355 2523 381 2586 si
403 2523 543 2584 alumnos
566 2520 735 2582 admittant
756 2519 804 2581 vel
827 2519 981 2582 retineant
1001 2520 1091 2583 malis
1111 2519 1245 2583 moribus
1264 2520 1416 2598 imbutos,
1440 2525 1500 2604 qui
1586 2505 1587 2578 l

222 2613 290 2676 aliis
304 2610 466 2694 perniciosi
481 2609 560 2684 sint,
576 2615 632 2671 etc.

262 2707 331 2766 385.
348 2737 389 2746 -
399 2701 436 2762 11.
450 2697 595 2780 Discipuli
609 2701 751 2760 tenentur
765 2697 907 2760 ermbere
922 2696 1099 2777 magistris:

263 2796 294 2853 1ο
308 2791 448 2852 Amorem
462 2792 492 2850 et
505 2787 721 2864 reverentiam,
739 2785 776 2848 ob
791 2785 1036 2866 superioritatem
1048 2793 1080 2848 et
1093 2804 1199 2850 curam
1213 2787 1401 2850 eorumdem.

261 2878 534 2952 monitionem,
560 2877 635 2938 dum
656 2873 843 2937 erudiuntur
865 2873 902 2936 ab
926 2873 1021 2936 eisin
1040 2873 1129 2937 bonis
1149 2876 1286 2939 moribus
1309 2882 1339 2939 et
1363 2876 1497 2942 artibus.

220 2966 310 3032 Ratio
323 2971 422 3046 patet:
439 2966 494 3028 boc
510 2964 594 3028 enim
608 2963 757 3045 importat
771 2961 913 3043 obligatio
932 2962 1082 3042 reciproca
1100 2962 1321 3044 discipulorum
1339 2967 1380 3028 ad
1400 2967 1499 3047 magi-
1580 2989 1581 3062 p

221 3060 315 3128 strae,
339 3054 394 3135 qui
416 3055 505 3134 plane
527 3053 642 3115 frustra
664 3050 870 3130 obligarentur
888 3051 927 3113 ad
947 3069 997 3114 eos
1020 3051 1222 3126 crudiendos,
1244 3054 1292 3116 vel
1310 3053 1496 3118 imbuendos

219 3142 309 3207 bonis
328 3141 486 3215 moribus,
504 3141 566 3203 nisi
589 3139 731 3220 discipuli
750 3139 865 3220 pariter
883 3139 1091 3220 obligarentur
1109 3141 1148 3202 ad
1167 3143 1310 3205 sectanda
1329 3143 1449 3206 monita
1466 3150 1498 3206 et

219 3235 366 3315 praecepta
380 3229 609 3309 magistrorum.

260 3321 337 3386 Hinc
350 3325 475 3401 peccant
489 3317 646 3397 discipuli,
663 3317 690 3379 si
704 3316 820 3380 nedum
838 3315 1000 3396 diligenter
1019 3318 1180 3392 studeant,
1196 3323 1321 3400 tempus
1335 3327 1497 3384 conterant

218 3411 253 3474 in
276 3409 352 3484 otio,
369 3409 457 3481 lusu,
474 3405 579 3468 aliisve
602 3405 727 3485 ineptiis
751 3412 857 3468 contra
880 3405 1071 3468 voluntatem
1094 3405 1316 3486 magistrorum
1340 3426 1495 3484 suorum;

218 3501 316 3562 multo
333 3503 437 3561 sutem
456 3493 595 3577 manius,
617 3495 643 3556 si
666 3493 822 3573 magistris
841 3492 1020 3569 detrahant,
1037 3512 1086 3558 eos
1098 3493 1267 3570 irrideant,
1284 3496 1495 3570 subsannent,

219 3585 403 3660 maledictis,
419 3581 597 3658 calumniis,
611 3581 760 3662 molestiis
773 3580 922 3656 afficiant,
939 3588 996 3644 etc.

717 3769 932 3833 ARTIGULUS
953 3769 993 3830 Ill
1019 3771 1026 3783 “

245 3923 283 3969 ua
303 3919 483 3968 aerummis
504 3917 541 3962 ar
563 3915 754 3960 novancuria
777 3914 886 3959 muron
908 3915 986 3960 sacr
1007 3915 1207 3962 pannonicae
1228 3915 1465 3964 aucroarrsrmr

256 4070 326 4132 386.
341 4099 381 4111 -
395 4067 441 4126 Ex
451 4065 521 4145 jure
535 4057 668 4123 naturali
683 4064 714 4119 et
732 4056 838 4120 divino
857 4057 988 4138 positivo
1006 4065 1147 4122 tenemur
1161 4059 1252 4124 titulo
1270 4062 1396 4144 pe’etntis
1405 4080 1496 4126 reve-

214 4155 347 4221 rentiam
358 4158 390 4216 et
400 4149 605 4216 obedientiam
619 4144 961 4227 Superioribus‘nostris
975 4135 1118 4210 civililms
1132 4155 1289 4229 prestare.
1303 4151 1392 4214 Vices
1404 4151 1497 4215 enim

213 4245 267 4308 Dei
280 4242 380 4325 ipsius
388 4241 423 4303 in
433 4239 538 4303 ordine
548 4233 707 4317 temporali
717 4253 787 4315 erga
797 4252 852 4297 nos
862 4239 982 4315 gerunt.
993 4235 1043 4300 Sic
1052 4237 1137 4300 enim
1149 4239 1257 4320 Apost.
1270 4239 1309 4302 ad
1317 4243 1407 4304 Rom.
1419 4257 1496 4316 xm,

214 4338 231 4396 1
259 4339 289 4394 et
312 4349 373 4410 seq.
388 4350 395 4390 :
412 4327 513 4389 Omnis
534 4326 638 4388 enimc
656 4323 857 4418 potpstotibus
877 4323 1102 4386 sublimioribus
1123 4326 1244 4389 subdito
1265 4329 1322 4402 sit,
1346 4332 1413 4392 Non·
1436 4349 1497 4394 nsr

214 4437 290 4484 arun
311 4433 457 4479 rorasras
478 4433 537 4476 nisi
558 4431 579 4475 a
600 4418 676 4490 Dro;
700 4431 766 4494 qnoe
785 4422 883 4474 antem
899 4421 984 4491 sunt,
1000 4434 1019 4474 o
1038 4414 1103 4476 Deo
1120 4415 1261 4478 ordinato
1279 4427 1359 4479 sunt.
1380 4415 1498 4500 ltaque

215 4507 270 4592 qni
279 4504 393 4567 resistit
403 4503 557 4582 potestati,
572 4501 631 4564 Dei
650 4501 839 4564 ordinationi
851 4501 978 4564 resistit.
1003 4503 1175 4580 Quianam
1195 4505 1338 4567 resistent
1355 4505 1418 4588 ipsi
1431 4507 1496 4570 sihi
