3168 5002
457 199 751 246 sacrosanctum
775 197 1026 244 DAMNATARUM
1332 191 1372 250 Μ

136 312 183 370 tt.
201 311 334 382 cognitio
345 311 406 368 haec
418 328 469 385 per
480 313 577 370 Fidem
592 313 706 368 nonest
719 311 800 368 actus
816 325 831 366 a
847 309 977 366 creatura
989 311 1152 383 productus,
1165 313 1215 370 sed
1227 317 1272 372 est
1284 317 1379 389 cogni-

101 396 143 452 tio
157 410 175 451 a
191 395 249 449 Deo
263 395 400 448 creature
415 392 534 461 tradita,
553 408 639 466 quam
653 394 784 448 creatura
801 407 833 446 se
849 389 954 446 babere
968 406 1025 446 non
1039 391 1197 464 cognoscit,
1211 411 1263 452 nec
1282 400 1378 471 postea

101 473 250 546 cognoscit
265 489 297 528 se
310 471 391 528 illam
405 472 543 530 habuisse
554 493 561 530 ι
572 475 602 530 et
622 472 698 528 idem
712 471 818 528 dicitur
832 469 867 527 de
880 487 987 527 amore.
1315 482 1317 486 ·

139 569 184 627 93.
200 568 315 640 Mystici
332 583 397 624 cum
415 569 445 625 S.
460 569 603 626 Bernardo
619 569 649 626 in
668 566 747 624 scala
760 565 957 624 claustralium
976 567 1158 638 distinguunt
1175 571 1295 643 quatuor
1311 589 1377 644 gra-

103 651 175 718 dus,
191 649 359 718 bobonem,
378 649 610 717 meditationem,
631 648 802 715 orationem,
822 651 851 706 et
873 647 1143 720 contemplationem
1164 651 1301 708 infusam.
1322 654 1378 722 Qui

104 746 217 803 semper
229 729 259 786 ia
268 729 361 800 primo
372 729 459 798 sistit,
469 745 615 800 nunquam
628 729 664 809 ad
678 727 834 784 secundum
849 728 1011 802 pertransit.
1022 729 1078 798 Qui
1089 745 1204 803 semper
1213 732 1244 787 in
1254 734 1378 790 secundo

105 809 247 884 persistit,
262 824 409 881 nunquam
430 809 465 865 ad
480 809 595 866 tertium
613 809 756 882 pervenit,
772 808 821 879 qui
836 810 880 864 est
895 810 992 864 nostra
1004 809 1205 883 contemplatio
1220 813 1378 884 acquisita,

106 893 138 947 in
153 905 207 962 qua
222 905 275 961 per
292 889 382 944 totam
396 889 484 946 uitam
500 888 713 963 persistendum
731 890 790 956 est,
806 887 960 944 dummodo
978 891 1054 944 Deus
1074 890 1199 948 animam
1213 907 1269 948 non
1284 893 1379 949 trahat

107 969 225 1043 {absque
238 983 272 1025 eo
287 969 362 1040 quod
377 968 441 1041 ipsa
455 969 483 1024 id
495 970 637 1042 expectet)
652 969 687 1025 ad
699 969 968 1041 contemplationem
977 969 1119 1027 infusam:
1130 972 1160 1026 et
1169 969 1222 1028 bac
1234 974 1377 1042 cessante,

104 1051 200 1106 anima
214 1049 327 1120 regredi
340 1048 426 1104 debet
438 1049 474 1105 ad
490 1049 608 1106 tertium
624 1049 742 1120 gradum
758 1051 787 1104 et
803 1048 911 1122 inipso
927 1065 1109 1122 permanere,
1124 1049 1232 1124 absque
1250 1068 1284 1109 eo
1303 1053 1378 1126 quod

105 1128 230 1203 amplius
245 1128 344 1185 redeat
358 1128 394 1184 ad
407 1129 563 1192 secundum
576 1129 626 1186 aut
637 1129 772 1203 primum.

138 1225 185 1282 at.
203 1225 433 1297 Qualescumqua
453 1225 637 1297 cogitationes
659 1225 690 1281 in
709 1225 837 1281 oratione
858 1225 1022 1292 occurrant,
1038 1224 1125 1282 etiam
1141 1226 1275 1299 impurae,
1291 1229 1378 1284 etiam

105 1309 206 1362 eontra
220 1308 319 1374 Deum,
335 1306 465 1374 Sanctos,
480 1305 589 1376 Fidem,
605 1307 633 1362 et
648 1307 836 1373 sacramenta,
853 1304 878 1361 si
893 1304 1053 1362 voluntarie
1068 1321 1124 1362 nou
1138 1307 1311 1376 nutriantur,
1326 1325 1378 1365 uec

104 1385 266 1442 voluntarie
285 1384 477 1458 expellantur,
499 1387 550 1442 sed
571 1402 636 1443 cum
660 1384 851 1442 indifferentia
870 1385 899 1442 et
919 1385 1113 1454 resignatione
1134 1386 1301 1458 tolerentur,
1322 1403 1379 1444 non

105 1465 268 1540 impediunt
286 1465 444 1522 orationem
465 1465 563 1524 Fidei:
577 1465 635 1523 imo
650 1481 713 1523 eam
732 1464 929 1540 perfectiorem
948 1463 1092 1536 efficiunt,
1107 1467 1176 1538 quia
1197 1469 1292 1524 anima
1310 1469 1378 1524 tnnc

105 1546 200 1617 magis
214 1545 320 1603 divinae
335 1544 475 1604 voluntati
494 1547 639 1618 resignata
653 1547 791 1604 remanet

140 1633 186 1690 25.
201 1633 323 1690 Etiamsi
339 1633 523 1708 superveniat
538 1650 656 1690 somnus
670 1633 700 1690 et
713 1632 880 1701 dormiatur,
900 1630 1089 1688 nibilominus
1105 1631 1138 1687 tit
1157 1634 1247 1690 oratio
1265 1639 1295 1690 et
1314 1651 1380 1692 cou-

106 1713 254 1788 templatio
267 1713 411 1770 actualis:
426 1714 494 1786 quia
509 1715 600 1772 oratio
614 1716 643 1771 et
656 1712 813 1784 resignatio
833 1712 911 1770 idem
930 1713 1011 1780 sunt,
1023 1713 1053 1768 et
1067 1711 1136 1770 dum
1149 1713 1304 1784 resignatio
1317 1731 1380 1788 per·

105 1794 204 1862 durat,
218 1794 357 1867 perdurat
369 1793 398 1850 et
409 1794 509 1851 oratio.

140 1879 185 1938 26.
201 1884 272 1940 Tres
291 1881 352 1938 111ae
370 1881 437 1950 uiae,
454 1881 619 1955 purgativa,
634 1880 841 1948 illuminativa,
856 1881 886 1936 et
905 1878 1030 1947 unitiva,
1044 1880 1090 1934 est
1109 1878 1266 1936 absurdum
1285 1881 1378 1936 maxi-

105 1977 187 2017 mum
206 1961 280 2034 quod
303 1962 411 2018 dictum
430 1961 564 2018 fueritin
584 1961 721 2034 mystica:
738 1975 802 2017 cum
824 1975 881 2015 non
900 1959 938 2014 sit
957 1959 1015 2014 nisi
1030 1958 1115 2014 unica
1129 1959 1189 2028 via,
1208 1957 1319 2015 scilicet
1332 1959 1380 2014 uia

105 2041 232 2096 interna.

142 2127 190 2184 27.
206 2128 260 2196 Qui
274 2127 419 2185 desiderat
436 2129 466 2186 et
485 2128 668 2202 amplectitur
688 2127 866 2185 devotionem
888 2125 1072 2194 sensibilem,
1086 2141 1143 2182 non
1162 2124 1307 2182 desiderat
1327 2140 1380 2182 nec

104 2207 214 2281 quaerit
227 2209 318 2264 Deum
337 2209 387 2264 sed
410 2207 555 2282 seipsum:
572 2211 600 2268 et
619 2207 694 2264 male
715 2208 788 2278 agit,
809 2223 875 2264 cum
894 2223 958 2263 eam
978 2205 1125 2262 desiderat
1143 2206 1173 2262 et
1193 2221 1257 2263 eam
1275 2205 1380 2262 habere

102 2289 308 2424 milrgltprlpibgpi
330 2305 380 2362 per
399 2289 476 2346 imm
494 2289 635 2346 internam
658 2287 779 2357 incedit,
794 2289 853 2344 tam
872 2286 903 2342 in
922 2286 994 2343 locis
1016 2286 1106 2342 sacris
1126 2302 1211 2360 quam
1228 2286 1258 2342 in
1277 2286 1379 2343 diebus

104 2383 333 2546 so283Taedium
347 2471 442 2513 rerum
458 2453 653 2550 spiritualium
666 2454 773 2511 bonum
782 2455 837 2523 est,
849 2453 990 2527 siquidem
1004 2469 1055 2526 per
1067 2451 1140 2510 illud
1150 2453 1287 2526 purgatur
1301 2468 1380 2509 anror

106 2551 274 2688 prggrlfblisrm
289 2631 386 2688 anima
398 2631 511 2688 interna
526 2631 637 2688 fastidit
646 2631 795 2688 discursus
807 2629 842 2686 de
857 2631 924 2696 Deo,
937 2628 966 2684 et
980 2628 1113 2698 virtutes,
1123 2626 1227 2698 frigida
1241 2629 1378 2697 remanet,

107 2709 221 2767 nullum
236 2711 266 2767 in
287 2728 317 2767 se
332 2712 395 2785 ipsa
415 2712 542 2768 sentiens
556 2713 712 2781 fervorem,
726 2709 831 2765 bonum
846 2709 959 2778 signum
977 2709 1030 2764 est.

144 2805 190 2862 30.
210 2809 312 2864 Totum
335 2806 487 2876 sensibile,
507 2807 582 2880 quod
602 2806 771 2880 exprimitur
793 2805 824 2861 in
846 2805 905 2860 vita
928 2802 1089 2877 spirituali,
1106 2804 1153 2859 est
1173 2801 1379 2874 abominabile,

107 2901 244 2960 spurcum
257 2889 286 2944 et
299 2887 489 2945 immundum.

144 2971 190 3031 31.
206 2974 309 3031 Nullus
328 2975 513 3032 meditativae
525 2990 608 3031 veras
621 2974 742 3032 virtutes
753 2972 866 3028 exercet
878 2971 1088 3043 internas‚quae
1101 2986 1158 3026 non
1171 2968 1274 3026 debent
1288 2987 1305 3026 a
1317 2986 1382 3026 sen·

107 3055 190 3112 sibus
204 3056 350 3126 cognosci.
364 3057 442 3130 Opus
458 3057 504 3112 est
519 3055 649 3112 amittere
663 3055 795 3110 virtutes.

145 3149 409 3210 aeneasannos
425 3152 736 3226 postcommunionem
758 3150 816 3206 alia
838 3147 995 3222 requiritur
1014 3147 1183 3222 preparatio
1204 3147 1255 3204 aut
1273 3148 1381 3218 gratia-

109 3247 174 3288 rum
191 3231 266 3289 actio
280 3232 344 3306 [pro
358 3233 423 3289 istis
442 3231 595 3289 animabus
612 3230 746 3304 internis)
767 3246 852 3303 quam
870 3229 1067 3303 permanentia
1087 3226 1235 3284 insolida
1256 3227 1382 3298 resigna-

107 3313 187 3369 tione
201 3313 319 3386 passiva
329 3332 336 3370 :
348 3313 416 3386 quia
428 3312 511 3370 modo
521 3313 688 3388 perfectiore
704 3310 817 3386 supplet
827 3325 927 3367 omues
941 3313 1023 3370 ectus
1035 3309 1185 3380 virtutum,
1196 3307 1245 3381 qui
1261 3308 1383 3381 possunt

107 3393 231 3450 attinnt
250 3394 339 3450 iuria
360 3393 512 3450 ordinaria.
531 3395 566 3449 Et
587 3393 613 3449 si
633 3391 686 3448 bac
707 3391 857 3448 occasione
879 3389 1093 3447 communionis
1114 3387 1269 3460 insurgunt
1287 3387 1381 3440 motus

108 3473 337 3543 bumiliationis,
350 3473 513 3547 petitionis,
527 3473 577 3529 aut
594 3473 750 3544 gratiarum
764 3470 902 3539 actionis,
917 3468 1090 3544 reprimendi
1110 3471 1179 3524 sunt
1197 3465 1309 3541 quoties
1326 3479 1382 3521 non

106 3553 294 3624 dignoscatur
306 3570 356 3610 eos
371 3569 435 3612 esse
447 3569 483 3610 ex
496 3550 625 3625 impulsu
640 3551 758 3626 speciali
774 3550 825 3606 Dei
837 3571 845 3606 ι
855 3549 928 3607 alias
943 3549 1012 3605 sunt
1027 3547 1172 3622 impulsus
1189 3548 1298 3603 natnrae
1313 3559 1383 3600 non·

108 3632 177 3690 dnm
193 3636 323 3692 mortum

144 3727 190 3785 33.
199 3729 274 3787 itale
285 3729 345 3802 agit
359 3729 466 3798 anima,
474 3745 538 3802 quis
550 3727 677 3802 procedit
687 3743 739 3801 per
750 3726 823 3783 hanc
834 3725 911 3782 siam
922 3724 1075 3793 internam,
1087 3723 1113 3780 si
1124 3725 1156 3780 in
1165 3720 1267 3780 diebus
1280 3717 1384 3776 solam·

107 3809 197 3866 nibus
208 3809 272 3867 vult
285 3809 382 3882 aliquo
401 3811 504 3866 conatu
521 3805 688 3883 particulari
706 3805 830 3863 excitare
848 3805 879 3861 in
897 3820 929 3862 se
947 3804 1081 3861 devotum
1096 3803 1222 3875 aliquem
1244 3815 1381 3856 sensum:
1496 3803 1497 3806 ’

108 3890 246 3962 quoniam
261 3890 365 3947 animae
378 3889 498 3947 internae
509 3904 608 3946 omues
623 3889 685 3946 dies
700 3889 768 3945 sunt
783 3885 924 3959 aequales,
939 3901 1039 3942 manes
1055 3883 1161 3940 festivi.
1174 3881 1208 3938 Et
1223 3877 1301 3936 idem
1313 3879 1384 3937 dici-

108 3973 158 4028 tur
172 3970 209 4027 do
219 3970 293 4028 locis
305 3970 413 4040 sacris,
428 3970 496 4042 qula
508 3967 676 4042 hujusmodi
688 3967 840 4025 animabus
854 3965 950 4024 omnia
964 3964 1027 4022 loca
1042 3961 1163 4036 aqualia
1175 3960 1253 4016 sunt.

146 4066 192 4123 tt.
204 4066 306 4124 Verbis
320 4069 349 4123 et
362 4066 462 4139 lingua
476 4065 583 4137 grans
595 4080 680 4137 agero
694 4066 764 4132 Deo,
774 4079 831 4120 non
842 4065 889 4120 est
900 4078 951 4136 pro
967 4059 1117 4118 animabus
1131 4055 1337 4128 internisque
1353 4055 1382 4112 in

108 4145 229 4204 silentio
242 4163 359 4204 manere
378 4146 500 4214 debent,
513 4144 626 4202 nullum
646 4147 704 4201 Deo
724 4143 961 4218 impedimentum
980 4136 1146 4214 apponendo
1162 4137 1237 4209 quod
1251 4137 1383 4210 operetur

106 4228 140 4283 in
159 4227 240 4284 illis:
256 4231 285 4284 et
304 4243 360 4300 quo
381 4226 473 4298 magis
494 4227 552 4281 Deo
574 4240 605 4281 se
625 4223 785 4295 resignant,
802 4223 987 4296 experiuntur
1006 4235 1037 4275 se
1052 4233 1108 4272 non
1121 4233 1206 4290 posse
1220 4215 1384 4275 Orationem

106 4307 281 4364 dominicam
299 4322 350 4364 seu
365 4307 448 4363 Pater
460 4305 557 4362 noster
570 4302 698 4362 recitare.

144 4401 190 4460 35.
206 4407 269 4461 Non
282 4403 415 4460 convenit
429 4400 580 4460 animabus
592 4399 741 4473 bajoariae
755 4399 885 4466 intemae,
901 4394 975 4469 quod
987 4393 1093 4451 faciant
1104 4393 1283 4468 operationes
1297 4390 1383 4446 etiam

109 4483 255 4542 riituosas
268 4501 303 4542 ex
318 4484 431 4559 propria
444 4481 586 4541 electione
595 4481 624 4539 et
633 4480 794 4551 estivitate3
805 4477 878 4536 alias
892 4493 949 4533 non
964 4477 1062 4532 essent
1076 4477 1204 4532 mortuae.
1213 4475 1270 4530 Nec
1280 4467 1384 4527 debent
