3168 5002
188 132 231 192 '16
614 143 737 186 senius
764 141 1037 188 annososocica

223 257 258 313 li.
273 255 317 312 Ne
330 259 478 327 compotes
490 253 566 326 (iant
578 251 784 310 eceleuaslicee
793 251 981 323 hierarchia,
996 252 1050 326 qui
1062 269 1094 308 se
1104 252 1176 308 huic
1189 251 1296 309 ordini
1309 252 1461 325 adjunue-
1567 277 1568 286 ¹

188 337 253 392 rint
258 355 269 405 ‚·
283 353 338 392 nee
352 335 502 390 adsueras
525 333 653 390 Ordines
663 340 911 406 promoveantur,
925 341 1132 406 praeterquam
1146 333 1186 390 ad
1206 348 1364 388 summum
1377 349 1462 388 unus

188 415 233 474 uel
247 416 318 486 duo,
332 413 482 470 initiandi
498 418 644 486 tanquam
656 413 757 471 curali
772 412 816 469 uel
830 413 980 487 capellani
994 412 1181 484 monosterii,
1201 410 1329 486 reliquis
1342 412 1377 468 in
1389 412 1462 469 sim·

188 495 264 570 plici
279 494 432 552 laieorum
445 492 553 550 ordine
567 493 795 550 remanentibus
802 513 813 563 ,·

225 591 398 648 illituum
421 594 543 645 tuntum
563 590 598 644 in
621 606 804 662 unoquoque
829 589 948 646 ciuitate
973 589 1198 648 admittendum
1220 588 1460 656 monasterium,
1567 645 1568 660 ἶ

190 671 377 744 idqueeulra
385 670 499 726 mania
507 669 640 726 ciuitatis
649 671 685 726 in
695 669 770 726 locis
778 668 1234 727 abditioribusetremotioribus
1242 667 1463 736 collocandum

226 769 272 824 lv.
295 765 379 824 lnler
397 764 607 840 occupationes
626 765 695 822 vilse
721 766 895 822 monasticae
912 783 987 840 pars
1008 783 1065 823 sna
1080 765 1179 822 labori
1197 781 1349 821 manuum
1366 762 1466 821 inuio·
1567 769 1568 812 l

193 848 251 904 lale
264 846 433 916 sananda,
448 845 553 902 relicto
569 852 669 903 tamen
683 861 816 920 conqruo
832 853 964 920 tempore
981 845 1158 919 psalmodiae
1172 843 1391 920 impendendo,
1410 848 1466 900 aul
1567 817 1568 910 i

192 927 284 983 etiam
295 925 337 1001 tsi
351 927 401 982 eui
412 924 547 1000 libuerit]
566 925 740 982 litterarum
753 926 854 984 studio
867 945 876 992 ;
890 926 1062 997 psalmodio
1076 926 1192 982 deberet
1208 943 1270 982 esse
1290 924 1465 994 modmatu,
1567 911 1568 996 Ῐ

193 1007 267 1082 quia
280 1005 382 1062 nimia
393 1009 458 1080 ejus
470 1006 637 1081 prolixitas
649 1006 734 1081 parit
749 1006 1025 1081 praecipitantium,
1038 1005 1221 1075 molestiam,
1237 1003 1468 1080 euaqationem,·

192 1104 250 1161 quo
262 1086 334 1160 plus
347 1093 443 1144 aucta
453 1092 526 1142 sunt
537 1085 724 1160 psalmodia,
738 1087 900 1154 orationes,
909 1103 1020 1156 preces,
1035 1087 1226 1143 tantumdem
1236 1102 1379 1160 peraeque
1389 1101 1467 1158 pro·

190 1166 332 1242 portione
346 1167 573 1240 omnitempore
588 1166 774 1224 innninulus
785 1169 890 1241 feruor
899 1173 941 1223 est
953 1167 1157 1240 sanctitasque
1170 1165 1382 1242 reqularium;

1567 1301 1568 1330 l

1567 1331 1568 1360 l

1567 1381 1568 1410 l

1567 1601 1568 1636 l

230 1267 263 1322 V.
283 1261 378 1322 Nulla
388 1264 467 1336 soret
480 1263 669 1321 admittenda
680 1263 836 1322 distinctio
851 1263 1012 1320 moncellos
1026 1263 1107 1320 inter
1120 1265 1183 1321 siue
1198 1264 1286 1321 obora
1298 1263 1361 1320 siue
1372 1260 1467 1316 mini·
1567 1269 1568 1298 ³

194 1343 297 1400 storiis
309 1343 444 1401 addictos
452 1365 462 1412 ,·
475 1343 669 1418 inaequalitas
681 1343 783 1402 isthaec
796 1344 994 1417 pravissimas
1010 1345 1096 1400 omni
1118 1349 1248 1417 tempore
1262 1342 1329 1400 lites
1347 1340 1469 1398 excita·
1567 1365 1568 1380 ἢ

194 1424 238 1480 uit
253 1441 288 1480 ac
303 1422 486 1492 discordias,
502 1429 529 1480 el
542 1441 561 1480 a
577 1424 848 1482 communitatibus
861 1423 1053 1498 requlariurii
1065 1425 1214 1499 spirit-um
1232 1421 1391 1482 altor-itatis
1409 1437 1470 1478 ex·

192 1503 275 1578 pulit
283 1513 296 1576 ,³

230 1603 277 1658 VI.
299 1591 572 1676 Volum'perpetua
581 1601 757 1658 stabilitatis
771 1618 932 1674 nunquam
947 1600 1138 1658 tolerandum
1145 1621 1154 1668 ;
1173 1619 1236 1658 non
1256 1599 1334 1657 illud
1353 1601 1470 1654 norant
1567 1637 1568 1640 ,

196 1686 307 1738 veteres
325 1682 480 1750 monachi,
499 1683 553 1754 qui
574 1689 675 1738 tamen
693 1681 834 1739 Ecclesia
851 1680 1015 1739 consolatio
1028 1689 1056 1738 et
1070 1680 1294 1738 christianismi
1308 1693 1474 1736 ornamen-

198 1769 264 1818 tum
277 1762 461 1831 eatiterunt;
475 1767 542 1818 uota
558 1763 722 1830 castitatis,
741 1763 932 1838 paupertatis
951 1767 979 1820 et
993 1762 1168 1820 obedientia
1186 1779 1249 1820 non
1267 1759 1473 1818 admittentur
1567 1767 1568 1790 r

197 1843 298 1898 instar
314 1842 487 1899 communis
499 1848 528 1898 et
545 1842 664 1900 stab-ilis
681 1842 936 1916 requla1siquis
957 1861 992 1899 ea
1010 1848 1077 1900 oola
1095 1847 1152 1898 aul
1169 1842 1274 1910 omnia
1291 1845 1346 1898 aul
1363 1839 1472 1912 aliqua

197 1923 297 1996 facere
313 1921 460 1992 uoluerit,
484 1923 649 1980 eonsilium
673 1929 701 1979 et
720 1923 844 1980 aemam
861 1924 898 1980 ab
912 1923 1060 1998 Episcopo
1078 1921 1258 1997 postulabit,
1285 1920 1339 1996 qui
1365 1924 1472 1976 tamen

198 2019 360 2075 nunquam
377 2003 531 2075 permittet
545 2011 581 2059 ut
592 2009 740 2077 perpetua
754 2003 826 2070 sint,
842 2021 896 2060 nec
910 2005 987 2060 anni
998 2005 1073 2075 sines
1085 2005 1243 2070 excedent;
1257 1999 1472 2059 tantummodo

198 2080 329 2155 facultas
337 2083 460 2138 dabitur
475 2101 510 2140 ea
523 2083 692 2140 renovandi
702 2084 756 2140 sub
768 2083 878 2140 iisdem
887 2085 1113 2144 conditionibus
1119 2102 1131 2153 ,·

236 2179 294 2236 Vll.
310 2179 436 2236 Omnem
445 2179 613 2254 Episcopus
630 2179 750 2237 babebit
758 2179 976 2253 inspectionem
985 2181 1020 2236 in
1034 2199 1141 2238 eorum
1155 2179 1262 2248 uitam,
1276 2177 1389 2242 studia,
1397 2191 1472 2249 pro-

200 2271 338 2332 qressum
361 2259 396 2316 in
412 2261 539 2334 pietate,
554 2261 594 2318 ad
610 2261 715 2336 ipsum
727 2260 892 2335 pertinebit
910 2261 1072 2319 rnonaobos
1084 2261 1243 2318 admittere
1262 2265 1290 2314 el
1303 2255 1472 2330 expellere,

200 2355 318 2412 semper
330 2344 429 2396 tamen
439 2348 556 2416 accepto
569 2339 833 2398 contubernalium
848 2340 993 2409 eonsilio;

240 2435 308 2494 vill.
323 2436 486 2511 Requlores
498 2438 644 2497 ordinum
657 2438 712 2512 qui
722 2438 821 2496 adbuc
834 2445 1003 2508 remanent,
1016 2437 1083 2494 licet
1096 2437 1273 2502 sacerdotes,
1285 2435 1323 2491 iu
1335 2435 1392 2492 boe
1405 2449 1474 2490 mo-
1567 2437 1568 2440 ’

207 2515 379 2574 noste-rium
398 2519 524 2576 admitti
542 2519 636 2574 etiam
661 2525 798 2591 possent,
822 2519 911 2577 modo
929 2517 1094 2576 insilenlio
1109 2525 1137 2576 et
1155 2516 1320 2575 solitudine
1331 2513 1472 2586 propria
1567 2535 1568 2582 3

202 2597 437 2672 sanctificationi
446 2615 553 2656 uacare
567 2603 724 2671 cuperent;
741 2616 800 2674 quo
814 2617 887 2656 casu
899 2598 1121 2672 dispensationi
1136 2598 1220 2656 loom
1234 2597 1315 2670 fieret
1332 2593 1369 2650 in
1386 2610 1477 2666 qene-
1567 2599 1568 2670 ξ

202 2675 265 2732 rali
275 2678 382 2752 repula
400 2697 487 2735 num.
507 2680 539 2736 ll
551 2685 680 2748 statuta,
693 2680 738 2736 sic
752 2685 854 2738 tanuen
875 2697 914 2736 ne
927 2679 998 2736 vita
1009 2679 1234 2738 institutionem
1249 2679 1419 2750 sequantur
1436 2675 1476 2730 ab
1567 2673 1568 2712 l

203 2755 274 2814 aliis
296 2759 533 2834 discrepantem,
553 2761 626 2818 adeo
647 2765 682 2816 ul
699 2778 763 2818 non
784 2759 855 2835 plus
870 2777 963 2833 quarn
977 2777 1042 2816 una
1056 2765 1109 2816 aut
1127 2760 1167 2820 ad
1186 2773 1343 2816 sentimum
1356 2755 1427 2812 dam
1440 2755 1477 2810 in
1567 2829 1568 2832 Ἴ

205 2835 285 2892 diem
298 2839 399 2897 Missa
417 2839 611 2910 celebrentur,
626 2841 757 2914 salisque
773 2841 887 2912 calens
899 2840 1106 2899 sacerdotibus
1123 2857 1184 2897 esse
1202 2837 1304 2896 debeat
1319 2853 1386 2894 una
1404 2851 1477 2893 cum

205 2921 421 2977 communitate
439 2921 660 2989 concelebrare;
1129 2917 1134 2924 '
1567 2917 1568 2920 ’

566 3083 633 3125 liiii
652 3083 704 3124 PRO
723 3082 933 3126 narbonensis
952 3081 1108 3124 notitiam!

312 3185 395 3258 sn.

248 3271 322 3328 Vota
332 3277 477 3347 perpetua
496 3289 590 3348 usque
611 3275 651 3332 ad
670 3293 789 3331 annum
807 3275 858 3344 40,
877 3279 931 3330 out
951 3276 1000 3344 45,
1016 3291 1080 3330 non
1099 3271 1308 3338 admittenda:
1327 3267 1478 3327 moniales

206 3351 313 3410 solidis
331 3353 609 3424 exercitationibus,
625 3356 784 3429 speciatim
802 3355 1123 3426 labori,addicendes,·
1137 3370 1156 3409 a
1171 3351 1291 3410 carnali
1305 3351 1480 3426 spirituali·
1567 3361 1568 3426 l

209 3438 281 3502 tale,
299 3451 360 3508 qua
372 3433 520 3510 pleresque
534 3436 735 3505 distineatur,
756 3437 919 3494 domanda
927 3455 937 3504 ;
955 3434 1209 3508 suspendendum,
1222 3437 1329 3490 utrum
1342 3431 1423 3506 quod
1437 3431 1478 3488 ad
1567 3431 1568 3482 ὲ

208 3513 291 3588 ipsas
304 3515 428 3583 attinet,
443 3515 541 3575 salius
553 3517 634 3591 foret
652 3517 873 3575 monasterium
889 3518 925 3573 in
940 3517 1061 3574 ciuitate
1074 3514 1223 3589 relinqui.

245 3637 416 3709 systematis
439 3638 564 3709 rigentis
588 3639 674 3710 alque
693 3640 753 3711 jam
777 3639 936 3711 antiquitus
962 3638 1088 3712 probatae
1113 3652 1146 3693 ac
1171 3635 1290 3708 raceplae
1313 3631 1481 3706 disciplina

280 3717 498 3788 subversivum‚
512 3719 720 3792 perniciosum,
743 3717 997 3776 constitutionibus
1010 3717 1177 3791 apostolicis
1191 3717 1219 3774 el
1238 3714 1365 3789 plurium
1381 3713 1483 3771 Conci·
1567 3719 1568 3790 l

280 3798 386 3855 liorum
406 3799 493 3856 etiam
515 3798 711 3869 generalium,
728 3800 789 3854 tum
812 3799 962 3871 speciatim
980 3797 1151 3865 Tridentini,
1176 3795 1373 3854 sanctionibus
1392 3809 1483 3867 oppo—
1567 3791 1568 3868 ᾗ

261 3879 369 3936 'situm
389 3881 418 3936 ei
435 3879 626 3951 injuriosum,
642 3878 741 3936 lavans
761 3879 960 3936 haerelieorum
982 3879 1013 3935 in
1031 3879 1190 3936 monastica
1209 3877 1274 3933 vote
1293 3876 1321 3932 et
1334 3873 1485 3946 regularia

283 3959 415 4016 instituta
428 3959 569 4016 stabilisti
583 3957 768 4016 consiliorum
783 3957 1013 4030 evangelicorum
1028 3957 1198 4033 professioni
1212 3956 1325 4014 addicta
1339 3953 1482 4012 sonneiis

216 4099 218 4102 ,
283 4040 313 4093 et
325 4039 490 4097 calumniis.
1289 4059 1291 4066 >
1567 4035 1568 4042 ’

1567 4137 1568 4162 l

1567 4169 1568 4198 l

576 4209 613 4252 Μ
630 4209 774 4252 flitmum
792 4209 922 4252 concisio
940 4209 1119 4253 convocabat>
1567 4255 1568 4276 ,

1567 4277 1568 4330 l

319 4337 424 4397 Libell.
438 4339 611 4398 memorial.
624 4357 683 4415 pro
697 4356 817 4398 conuoc.
833 4339 940 4398 concil.
953 4337 1103 4397 natmnal.
1119 4339 1138 4413 ἓ
1153 4339 1180 4396 1.

249 4427 295 4486 85.
310 4427 469 4501 Proposilio
482 4429 652 4500 enuntians,
668 4429 906 4503 qualemcumque
920 4427 1113 4501 cognitionem
1130 4425 1334 4486 oeaksiasticae
1352 4423 1487 4482 historias
