3168 5002
438 199 730 246 rnonosmronun
755 199 1008 246 usunarnann
1338 191 1382 252 91

143 309 189 368 26.
212 310 335 368 Verbum
357 309 462 368 sinisti
481 311 516 366 ad
536 311 667 376 Petrum,
689 309 902 384 Quodccuuque
922 311 1048 368 solveras
1062 328 1156 386 super
1173 317 1305 383 temam,
1327 317 1382 372 etc.

109 391 223 466 lllatlh.
239 390 300 462 1111)
313 390 477 448 extenditur
490 390 639 447 dumtaxat
652 390 689 448 cd
704 391 793 464 ligata
806 391 843 448 ab
858 392 921 464 ipso
936 393 1027 450 Petro.
1104 441 1107 450 .

143 479 188 534 27.
211 477 758 548 (1111111111,11111111119111111111111
778 481 860 550 Papae
875 495 991 551 prorsus
1010 496 1067 536 non
1087 497 1153 538 esse
1172 483 1298 540 statuere
1317 483 1386 539 arti·

111 559 189 616 culos
205 558 301 627 Fidei,
317 558 374 616 imo
388 573 441 616 nec
455 557 535 629 legor
548 573 658 614 morum
672 574 723 616 seu
733 559 872 616 bonorum
884 575 1011 632 operum.

145 643 188 701 98.
212 647 240 701 Si
257 647 332 718 Papa
346 662 412 702 cum
426 661 528 717 magna
543 646 623 718 parte
635 645 772 704 Ecclesiae
787 647 830 704 sic
842 646 887 704 val
897 647 938 706 sic
953 647 1088 718 sentiret,
1100 664 1152 706 nac
1164 648 1251 706 etiam
1266 651 1384 718 erraret,

111 727 201 784 adhuc
216 743 272 784 non
287 727 333 784 cst
347 729 495 800 peccatum
514 729 564 783 aut
583 725 703 784 haeresis
725 725 899 784 contrarium
920 727 1043 796 sentire,
1059 729 1218 800 praesertim
1238 729 1267 786 in
1283 746 1314 787 re
1330 746 1386 786 uon

114 807 273 864 necessaria
287 805 324 862 ad
340 806 480 872 salntem,
495 805 584 864 donec
600 805 688 864 luerit
700 821 752 882 por
767 805 925 864 Concilium
942 807 1106 866 universale
1119 808 1242 866 alterum
1255 810 1387 884 reproha-

113 889 185 956 tum,
200 886 324 944 alterum
340 885 536 961 approbatum.

144 973 187 1030 19.
210 975 265 1032 Via
283 973 367 1032 nobis
384 974 459 1032 laclc
480 973 524 1032 111
544 973 698 1030 enarrandi
720 973 920 1032 auctoritatem
942 973 1148 1046 Consiliorum,
1164 977 1193 1032 11
1214 975 1305 1034 libere
1324 992 1388 1034 con·

110 1053 269 1110 tradiceudi
283 1070 381 1110 eorum
396 1054 502 1125 gestis,
520 1054 549 1109 et
567 1053 714 1124 judicandi
729 1070 826 1110 eorum
846 1054 974 1124 decreta,
994 1057 1023 1113 et
1039 1055 1214 1114 conlidcutar
1231 1057 1384 1114 confitendi

110 1133 246 1269 quidqluid
262 1149 362 1190 rernm
381 1133 504 1204 videtur,
525 1133 588 1191 sive
603 1133 752 1208 probatum
767 1134 868 1203 luerit,
886 1135 948 1190 sive
968 1134 1150 1210 reprobatum
1168 1152 1186 1192 a
1209 1153 1386 1212 quocumque

109 1214 192 1272 Conci
209 1213 246 1270 io.

142 1300 187 1358 30.
208 1300 305 1374 Aliqui
326 1300 442 1360 articuli
460 1300 578 1359 loannis
596 1301 655 1358 lius
675 1300 855 1358 condemnati
877 1301 906 1358 in
927 1299 1055 1361 Concilio
1079 1303 1294 1360 constantiensi
1318 1305 1388 1360 sunt

111 1381 365 1451 christianissimi,
386 1381 546 1451 verissimi,
563 1384 591 1436 et
610 1379 782 1452 evangelici,
800 1397 872 1454 quos
891 1396 943 1438 nec
962 1383 1135 1440 universalis
1149 1383 1277 1442 Ecclesia
1290 1386 1388 1459 posset

112 1462 257 1518 damnare.

146 1548 192 1606 31.
212 1551 244 1606 ln
257 1549 336 1606 omni
349 1563 436 1624 opere
449 1547 524 1606 bono
537 1549 635 1622 justus
654 1549 763 1622 peccat.

146 1635 189 1692 39.
212 1638 292 1710 Opus
303 1636 409 1692 bonum
423 1637 531 1710 optimc
541 1636 665 1705 iactum,
681 1636 726 1692 111
740 1633 853 1692 veniale
865 1635 1023 1708 peccatum.

147 1722 191 1782 33.
214 1722 368 1782 Haereticos
383 1723 526 1791 comburi,
541 1723 586 1782 est
597 1723 695 1780 contra
708 1722 883 1780 voluntatem
901 1722 1038 1796 Spiritus.

146 1809 192 1868 3l.
212 1811 340 1868 Prmliari
354 1810 494 1869 adversus
507 1812 629 1879 Turres,
642 1812 687 1866 est
703 1825 862 1884 repugnare
876 1812 933 1866 Deo
948 1807 1080 1866 visitanti
1095 1807 1261 1882 iniquitates
1276 1811 1388 1869 nostras

111 1891 254 1966 perillus.

146 1977 192 2035 35.
212 1982 301 2036 Nemo
310 1979 356 2036 111
370 1979 479 2048 cortus,
494 1994 525 2036 se
535 1992 592 2035 non
605 1993 718 2052 semper
732 1991 849 2051 peccare
858 1975 1026 2046 mortaliter,
1037 1977 1150 2049 propter
1161 1976 1389 2034 occultissimum

113 2059 256 2132 superbiae
269 2059 383 2116 vitium.

151 2145 195 2202 36.
215 2146 345 2202 Liberum
358 2145 508 2202 arbitrium
523 2146 588 2220 post
602 2145 749 2220 paccatum
762 2146 808 2203 est
817 2161 863 2202 ros
874 2145 910 2202 de
923 2143 984 2202 solo
998 2145 1100 2202 titulo:
1114 2145 1143 2202 et
1154 2145 1222 2201 dum
1237 2143 1305 2200 lacit
1314 2143 1389 2216 quod

112 2227 144 2282 iu
159 2243 192 2286 se
204 2228 264 2295 111,
279 2228 378 2300 pacem
393 2225 563 2284 mortaliter.

149 2313 197 2370 37.
217 2315 413 2384 Purgatorium
423 2329 479 2369 non
494 2315 587 2386 potest
598 2313 710 2387 probari
726 2328 760 2370 ex
775 2329 857 2369 sacra
871 2313 1019 2386 Scriptura
1033 2329 1097 2386 quae
1109 2313 1188 2369 sitin
1200 2328 1317 2370 canone.

152 2399 198 2457 38.
214 2401 322 2458 Anima
337 2403 368 2458 iu
383 2401 547 2474 purgatorio
567 2417 624 2458 non
643 2402 711 2458 sunt
731 2416 839 2458 securae
858 2400 893 2457 dc
907 2417 1005 2458 earum
1022 2401 1129 2471 salute,
1144 2400 1247 2456 saltem
1266 2415 1364 2456 omnes
1381 2418 1390 2454 :

113 2497 170 2538 nec
184 2479 332 2554 probatum
346 2484 391 2537 est
409 2479 480 2538 ullis
498 2481 548 2536 aut
568 2479 730 2538 rationibus
751 2485 801 2536 aut
818 2479 987 2552 Scripturis,
1005 2480 1084 2553 ipsas
1098 2495 1164 2536 esse
1184 2481 1264 2536 extra
1283 2480 1390 2536 statum

113 2560 242 2620 merendi
254 2563 303 2619 aut
316 2560 454 2632 augenda
469 2559 629 2618 charitatis.
692 2621 697 2636 ,

147 2647 192 2705 39.
214 2648 326 2705 Anima
340 2649 370 2704 in
388 2649 552 2720 purgatorio
567 2650 685 2721 peccant
706 2647 771 2703 sine
790 2646 1021 2716 intermissione,
1041 2647 1178 2719 quamdiu
1196 2648 1326 2719 quaerunt
1344 2661 1391 2701 ro·

114 2729 210 2801 quiem
227 2729 257 2786 11
271 2729 388 2786 horrent
402 2743 513 2800 poenus.

147 2815 192 2874 16.
213 2817 326 2872 Animae
337 2832 372 2872 ex
384 2815 548 2888 purgatorio
562 2814 691 2872 liberatae
703 2814 851 2885 suffragiis
866 2814 1039 2883 virentium,
1050 2813 1147 2870 minus
1161 2813 1292 2880 beantur,
1305 2828 1390 2886 quam

114 2895 141 2953 si
155 2913 205 2970 per
218 2913 251 2956 se
264 2896 487 2954 satisfecissent.

147 2986 192 3042 ll.
210 2985 324 3041 Praelati
345 2983 536 3042 ecclesiastici
556 2985 586 3040 et
606 2983 752 3057 principes
769 2981 924 3040 saeculares
944 2999 999 3039 non
1019 2983 1094 3040 mala
1109 2982 1234 3038 lacerent
1249 2982 1274 3038 11
1291 2997 1391 3039 omnes

116 3081 215 3122 saccos
230 3064 425 3122 mendicitatis
437 3063 576 3122 delerent.

687 3247 773 3304 null.
799 3247 823 3304 V

114 3405 340 3480 Propositiones
358 3405 578 3476 seminastis
596 3406 855 3474 Baii,damnatac
872 3423 892 3462 a
910 3403 942 3464 S.
957 3404 1014 3462 Plo
1040 3405 1073 3471 V,
1095 3403 1177 3462 bulla
1198 3405 1240 3462 Ex
1258 3402 1391 3460 omnibus

147 3487 372 3558 afflictionibus,
385 3492 452 3558 etc,
468 3488 482 3544 I
497 3488 560 3545 Oct.
577 3487 793 3556 1667,111111111
807 3502 827 3542 a
847 3485 989 3556 61191111
1007 3485 1095 3554 XIII,
1117 3483 1200 3542 balta
1214 3481 1388 3540 Provisionis

149 3573 273 3637 nostrae,
296 3566 651 3637 111.,991111.1579,11
673 3567 710 3624 cb
734 3566 856 3626 Urbano
884 3564 966 3634 VIII,
988 3565 1071 3622 oolla
1094 3567 1126 3624 Iu
1147 3561 1300 3629 eminenti,
1324 3567 1391 3634 etc,

148 3647 167 3706 6
183 3649 265 3706 llart.
282 3646 363 3708 loll.

147 3819 179 3875 1.
199 3821 258 3876 Nec
284 3816 388 3890 Angeli
416 3834 468 3876 nac
495 3818 583 3892 primi
610 3816 736 3876 hominia
768 3814 862 3874 adhuc
887 3814 992 3887 integri
1021 3815 1123 3874 merita
1155 3812 1230 3872 recte
1257 3813 1394 3870 vocantur

114 3896 220 3970 gratia.
241 3957 257 3978 ·

149 3985 181 4042 9.
202 3985 283 4044 Siout
297 4001 369 4060 opus
383 3984 492 4043 malum
502 4003 537 4046 ex
547 3987 650 4044 natura
661 4001 715 4044 sua
729 3985 774 4044 est
786 3983 887 4041 mortIs
901 3985 1013 4041 aeternae
1025 3981 1216 4048 meritorium,
1233 3979 1276 4036 sic
1288 3980 1393 4038 bonum

114 4082 188 4142 opus
200 4082 236 4124 ex
248 4067 352 4125 natura
366 4081 419 4124 sua
431 4069 476 4124 est
490 4068 556 4126 vita
571 4069 685 4124 aeternsa
698 4066 887 4123 meritorium.

151 4155 180 4210 3.
201 4155 236 4211 Et
252 4154 336 4211 bonis
349 4153 460 4226 angelis
474 4155 503 4210 et
517 4154 609 4226 primo
627 4153 749 4222 homini,
764 4153 790 4208 si
805 4153 835 4208 in
853 4154 930 4209 statu
949 4151 1000 4208 illo
1018 4151 1230 4223 perseverasset
1245 4165 1336 4221 usquo
1358 4147 1393 4204 ad

115 4234 254 4292 ultimum
269 4235 351 4304 11111,
367 4234 491 4293 lelicitas
505 4235 585 4292 essct
598 4249 718 4304 merces,
735 4234 763 4290 et
774 4250 830 4291 non
844 4234 945 4304 gratia.

151 4323 181 4378 I.
201 4323 267 4379 Vita
294 4324 401 4380 aeterna
428 4321 538 4380 homini
561 4321 672 4394 integro
697 4322 726 4379 et
753 4320 855 4392 angelo
879 4319 1021 4394 promissa
1045 4315 1098 4373 luit
1122 4315 1228 4373 intuitu
1255 4317 1394 4373 honorum

116 4404 311 4540 offirmtct
337 4401 412 4460 bona
440 4417 525 4477 opera
554 4417 590 4458 ex
620 4401 683 4474 lege
716 4403 825 4458 naturae
852 4401 888 4458 ad
917 4399 999 4457 illam
1026 4397 1255 4470 consequendam
1287 4413 1337 4470 per
1362 4409 1393 4450 11

118 4497 132 4538 1
188 4498 279 4540 crun.
