3156 5026
176 193 245 254 aro
708 206 916 253 raacrarns

217 318 353 381 Sinemo
367 336 473 382 eorum
487 319 549 382 loco
561 337 599 382 ex
611 319 675 398 lege
684 318 889 400 requirendus
901 319 957 394 sit,
969 326 1093 400 peccant
1102 319 1227 400 quidem
1241 325 1350 384 contra
1360 321 1458 401 justi-

175 407 254 470 tiam
274 407 415 488 legalem,
431 408 470 470 ad
491 408 609 470 nullam
631 412 735 470 tamen
755 407 985 470 restitutionem
1004 415 1164 486 tenentur;
1179 414 1312 483 atvero,
1333 408 1362 470 si
1381 409 1459 489 quis

175 496 232 574 sit,
245 498 337 576 juxta
349 496 461 576 legem,
478 495 713 559 substituendus
729 517 737 560 :

215 585 305 667 Resp.
322 591 355 648 1ο
372 604 379 646 ;
398 584 456 660 Qui
469 585 669 666 magistratus
686 585 735 648 rel
754 585 886 650 medicos
905 591 1122 666 corrumpunt,
1145 591 1182 648 nt
1200 586 1238 648 ab
1256 585 1301 648 eis
1320 585 1459 650 invalidi

176 674 377 750 declarentur,
392 674 430 736 ad
443 673 673 736 restitutionem
687 680 767 738 certo
781 681 936 738 tenentur.
948 711 988 721 -
1001 675 1052 738 Ita
1065 693 1177 736 omnes.

215 763 305 845 Resp.
321 766 355 824 2⁰
372 781 380 824 ε
397 765 488 838 Item,
507 764 597 843 juxta
616 762 859 827 communiorem
878 764 1076 839 sententiam,
1098 763 1152 844 qui
1166 763 1351 840 mendaciis,
1370 764 1459 827 frau-

176 851 267 915 dibus
282 854 335 913 aut
347 851 462 932 praevia
477 850 671 914 mutilatione
685 852 884 932 magistratus
901 852 1069 934 decipiunt.
1085 851 1172 917 Ratio
1183 859 1247 928 est,
1262 851 1353 934 qnia,
1370 861 1459 934 post-

176 957 272 1022 quam
293 958 375 1015 sors,
395 940 499 1020 prouti
517 939 597 1020 leges
616 946 775 1016 statuunt,
796 941 935 1004 definivit
956 941 1085 1024 quinam
1105 939 1226 1004 militiae
1247 959 1326 1004 onus
1349 941 1458 1004 subire

176 1028 323 1106 debeant,
336 1028 468 1110 quinam
479 1046 550 1091 vero
558 1046 595 1092 eo
608 1029 795 1108 errimantur,
811 1030 967 1110 postulant
980 1047 1062 1093 sanae
1076 1028 1205 1111 justitiae
1214 1032 1303 1109 jura,
1316 1048 1358 1092 ne
1371 1029 1459 1092 mili·

176 1117 228 1182 tiae
244 1119 310 1198 jam
328 1117 483 1198 adsignati
502 1115 620 1198 iniquis
640 1116 750 1180 mediis
764 1125 894 1182 utantur
913 1119 953 1182 ad
972 1137 1051 1182 ontis
1070 1117 1305 1191 excutiendum,
1322 1119 1405 1200 quod
1422 1118 1458 1180 in

172 1212 333 1288 exemptos
353 1205 482 1282 recidat,
500 1223 621 1270 necesse
633 1213 691 1269 est.
708 1207 815 1270 —Ita
832 1206 976 1284 Boooier,
997 1207 1033 1270 dc
1052 1207 1257 1270 destitutione
1263 1253 1276 1288 ‚
1297 1216 1405 1290 quast.
1417 1211 1456 1280 2,

177 1300 282 1360 (01.0.
298 1331 339 1341 -
353 1294 490 1368 Gousset,
507 1316 538 1358 n.
555 1301 645 1360 roos.
661 1331 701 1342 -
715 1295 827 1359 Cottot.
842 1296 971 1378 Aodeq„
986 1300 1043 1359 eto.

217 1384 341 1468 Negent
354 1391 459 1448 tamen
472 1383 525 1448 alii
535 1384 655 1467 plures,
671 1402 804 1466 quorum
818 1385 969 1448 sententia
978 1391 1028 1448 sat
1039 1383 1204 1466 probabilis
1213 1392 1353 1465 apparet.
1367 1385 1458 1450 Ratio

177 1475 290 1538 borum
303 1480 364 1548 est,
382 1473 499 1554 quiebi
518 1473 680 1554 conscripti
695 1491 759 1536 non
770 1481 845 1536 sunt
858 1493 949 1536 causa
962 1473 1081 1548 efficax,
1097 1491 1152 1535 cur
1164 1473 1218 1535 alii
1235 1474 1455 1554 requirantun

177 1562 312 1644 deceptio
327 1562 411 1625 enim
426 1580 525 1644 neque
536 1562 660 1644 physice
677 1580 776 1643 neque
794 1563 951 1625 moraliter
973 1561 1083 1626 incitat
1100 1561 1302 1642 magistratus
1322 1563 1363 1625 ad
1381 1562 1457 1626 alios

177 1651 399 1715 inscribendos.
413 1654 472 1714 Nec
486 1657 562 1714 sunt
575 1649 671 1714 etiarn
684 1669 777 1716 causa
788 1651 922 1732 injusta,
939 1650 1093 1732 siquidem
1106 1668 1170 1713 non
1184 1656 1304 1716 constat
1318 1651 1395 1714 alios
1402 1653 1459 1732 Jus

172 1741 323 1805 ,strictum
345 1739 470 1815 babere,
491 1743 527 1802 nt
544 1739 600 1820 qui
617 1745 698 1803 sorte
718 1739 869 1821 designati
889 1739 1018 1803 suntin
1039 1739 1186 1802 militiam
1209 1739 1453 1820 proficiscantur.

179 1830 278 1910 Igitur
288 1828 358 1891 licet
371 1835 495 1908 peccent
507 1834 613 1891 contra
624 1827 783 1909 justitiam
797 1829 924 1908 legalem
937 1846 993 1891 seu
1004 1826 1213 1891 obedientiam
1225 1827 1285 1907 legi
1299 1828 1451 1901 debitam,

178 1937 241 1982 non
259 1923 365 1980 tamen
383 1923 506 1998 peccant
520 1922 625 1980 contra
639 1917 796 1998 justitiam
814 1916 1084 1992 commutativam,
1100 1935 1156 1978 nee
1172 1917 1300 1997 proinde
1313 1918 1353 1980 ad
1365 1915 1452 1978 resti·

179 2006 333 2070 tutionem
352 2011 506 2068 tenentur¹
531 2040 571 2051 -
592 2005 642 2068 Ito
662 2005 775 2068 Cottas.
799 2006 899 2085 Ante,
926 2006 963 2068 de
984 2006 1108 2080 Bestia,
1132 2026 1164 2066 n.
1192 2011 1261 2068 170.
1287 2009 1453 2084 Utramque

180 2095 355 2177 opinionem
370 2113 454 2176 atque
470 2094 658 2174 probabilem
671 2094 811 2158 admittit
824 2096 978 2178 Lyonoet,
993 2094 1028 2156 de
1044 2095 1263 2168 destitutione,
1279 2098 1313 2155 ia
1325 2094 1392 2176 fiae.
1409 2129 1454 2139 —

180 2189 240 2250 Nec
254 2185 366 2247 desunt
379 2182 434 2265 qui
447 2183 527 2245 hane
539 2183 637 2262 legem
645 2184 775 2264 justitie
784 2183 992 2246 distributiva
1004 2182 1159 2246 adversari
1173 2182 1367 2256 existiment,
1381 2201 1455 2246 curn

177 2273 252 2337 sola
265 2271 389 2335 familie
399 2275 527 2353 juvenes
540 2272 660 2334 militiae
674 2271 797 2335 idoneos
810 2273 957 2335 habentes
970 2278 1095 2334 tanturn
1109 2289 1188 2334 onus
1202 2272 1344 2334 subeant.

222 2360 376 2442 Quidquid
391 2361 447 2436 sit,
467 2361 502 2422 in
520 2361 608 2442 praxi
622 2360 886 2441 sapientissimum
903 2360 978 2436 erit,
994 2360 1089 2422 etiam
1107 2360 1144 2422 in
1163 2359 1262 2442 prima
1281 2360 1456 2434 sententia,

177 2466 244 2513 non
263 2449 349 2512 valde
365 2467 474 2529 urgere
489 2452 617 2530 juvenes
636 2449 690 2530 qui
708 2448 861 2530 predictis
882 2447 993 2511 mediis
1016 2466 1034 2510 a
1052 2448 1167 2510 militia
1188 2467 1249 2511 sese
1266 2448 1456 2510 liberarunt.

181 2537 320 2619 Plerique
334 2539 418 2600 enirn
438 2556 635 2620 nequaquam
654 2537 809 2601 committi
828 2537 1018 2618 injustitiam
1037 2543 1166 2618 putant,
1180 2544 1208 2600 et
1224 2535 1361 2614 alioquin
1379 2555 1458 2598 raro

181 2626 309 2691 monitis
323 2627 577 2708 obtemperarent.
590 2626 693 2689 -Ito
708 2637 844 2688 auctores
854 2629 953 2686 citati.
964 2657 1007 2673 -
1020 2625 1055 2688 V.
1074 2626 1177 2705 Casus,
1188 2645 1218 2686 a.
1230 2627 1285 2686 757
1299 2633 1405 2706 etseq.

682 2805 897 2869 ARTIGULUS
916 2804 958 2865 111

337 2950 375 2996 DE
394 2951 573 2997 mammons
593 2951 736 2998 Bonosum
757 2951 893 2996 TEMPORE
913 2949 1167 2996 Pasanassaaronrs
1190 2949 1304 2995 GALLIAE

561 3107 579 3190 ξ
597 3105 624 3172 1.
646 3106 693 3172 De
712 3105 809 3172 occis
828 3102 1070 3173 ecclesiasticas.

303 3263 507 3330 Notenda.

223 3414 293 3475 750.
308 3412 387 3473 -1.
404 3413 488 3474 Bona
506 3406 644 3472 Ecclesia
661 3410 721 3472 alia
742 3409 861 3489 direpta
876 3408 961 3471 luere
977 3427 996 3470 a
1014 3407 1196 3473 Gubernio
1186 3423 1268 3488 ψω,
1286 3408 1350 3471 alia
1363 3425 1382 3470 a
1397 3406 1460 3489 pri·

67 3585 75 3598 ¹
183 3499 276 3562 ratis.

223 3589 260 3647 Π.
276 3585 354 3649 Pica
373 3587 437 3649 VII
447 3585 678 3650 conventionem
697 3586 792 3650 inivit
806 3591 844 3650 td
863 3590 944 3666 Aug.
968 3589 1042 3651 1801
1065 3603 1136 3649 cnm
1155 3586 1340 3666 Napoleone,
1358 3585 1458 3666 primo

183 3675 329 3752 Consule,
356 3695 418 3758 qua
440 3695 458 3738 a
481 3673 678 3738 restitutione
705 3673 847 3738 liberavit
872 3675 1070 3755 acquisitores
1098 3674 1251 3737 bonorum
1278 3673 1459 3737 ecclesiasti-

183 3781 299 3828 eorum.

222 3842 273 3916 nr.
289 3852 324 3916 S.
345 3851 593 3928 Poecitenticrio,
610 3851 645 3915 in
665 3851 820 3933 Rescripta
838 3853 877 3914 ad
894 3850 1051 3915 illustriss.
1073 3851 1114 3916 Ι).
1135 3851 1281 3930 Boccor,
1295 3855 1338 3917 20
1354 3851 1457 3917 Martii

183 3944 272 4016 1818,
289 3941 333 4004 ita
349 3941 513 4005 declaravit
529 3960 537 4001 :
555 3940 591 4002 S.
612 3940 848 4003 Poeoitentiorr'a
867 3940 905 4002 de
925 3959 1066 4023 represso
1088 3943 1267 4003 anctoritate
1288 3939 1460 4023 apostolico

183 4030 349 4092 cmutenti
370 4033 489 4094 oratori
509 4029 659 4104 declarat,
683 4029 760 4093 tona
782 4029 980 4092 ecclesiastico
999 4048 1019 4091 c
1041 4028 1193 4092 Gobemio
1216 4039 1366 4112 occupato
1390 4037 1459 4091 oute

181 4120 400 4182 conventiones
412 4121 520 4182 initam
534 4137 615 4180 anno
628 4119 735 4183 1801
722 4139 756 4180 m
757 4127 804 4180 ter·
757 4119 858 4181 t.S
873 4117 982 4181 Sedent
998 4127 1026 4181 et
1047 4117 1232 4181 Gubmerm
1250 4117 1456 4194 Gallicanum,

175 4209 214 4268 e'o
223 4207 319 4290 pleno
333 4210 551 4292 deportantium
560 4217 710 4290 potestate
723 4226 794 4270 esse.

221 4298 271 4358 IV.
287 4295 363 4358 Pras
387 4297 448 4360 Vll
461 4301 555 4361 Breve
573 4297 612 4359 ad
628 4295 727 4377 Episc.
744 4295 966 4360 Pictaviensem
979 4299 1020 4359 20
1037 4295 1173 4358 Octobris
1185 4299 1260 4360 1811
1281 4293 1433 4368 direxits
1424 4313 1459 4355 ra

181 4399 242 4464 quo
254 4384 433 4459 declaravit,
454 4385 536 4448 bona
552 4384 715 4449 ecclesiast
691 4391 752 4450 trca
766 4403 784 4447 a
797 4383 951 4450 Gubernio
970 4389 1095 4466 occupa
1096 4403 1115 4446 a
1133 4391 1205 4447 ante
1224 4385 1458 4447 conventionem

181 4470 257 4533 anni
269 4476 363 4548 1801,
379 4471 501 4560 etiamsi
512 4484 664 4558 postcom
682 4481 752 4539 tant
752 4491 808 4538 um
824 4471 890 4536 ab
881 4491 947 4554 rpso
968 4473 1160 4538 venditoseu
1171 4473 1309 4536 otienatc
1324 4472 1458 4548 fuerint,
