3202 5020
636 247 678 291 11
703 246 853 292 auersos
1315 237 1382 297 159

102 363 172 426 sive
192 360 288 424 etiam
309 363 439 420 remotas
460 375 466 417 :
484 355 576 431 ratio,
597 355 671 437 quia
689 374 848 437 quousque
865 356 924 437 legi
943 356 1013 438 quis
1032 357 1181 439 subjacet,
1203 378 1265 422 non
1285 365 1383 442 potest

103 451 185 514 telle
205 466 275 511 eam
295 445 476 525 infringere,
500 444 577 526 quin
598 444 668 507 talis
688 445 831 507 voluntas
850 445 893 508 sit
914 444 1076 526 ipsiusmet
1098 445 1172 527 legis
1190 447 1322 512 violatio.
1345 487 1384 497 -

104 541 231 617 certer,
247 557 279 598 n.
297 538 365 598 198.

145 630 197 690 lIl.
222 629 287 689 Imo
304 643 343 686 ne
357 623 503 686 indirecte
517 622 644 704 quidem
658 639 764 685 causas
779 623 918 704 proxime
936 624 1138 706 impedientes
1154 645 1303 708 apponere
1315 628 1385 691 lice-

103 718 167 792 bit,
185 715 248 779 nisi
262 711 488 795 proportionata
500 711 581 795 adsit
593 711 716 774 aliunde
729 712 902 774 necessitas.
918 713 1006 778 Ratio
1019 720 1079 791 est,
1097 717 1170 798 quia
1185 717 1233 778 lex
1244 721 1385 799 proxime

104 823 222 886 urgens
245 803 319 882 ligat
335 804 480 884 proxime
500 800 707 875 voluntatem,
729 804 756 862 et
776 819 844 864 eam
866 802 1011 882 astringit
1032 805 1070 867 ad
1091 805 1263 868 adhibenda
1283 806 1385 868 media

103 890 292 964 necessaria,
312 909 350 952 ne
363 889 430 970 ipsa
444 886 585 962 violetur,
601 893 692 970 atque
709 890 781 952 adeo
796 890 835 952 ad
848 889 1070 971 impedimenta
1082 913 1145 956 non
1162 892 1339 974 injicienda.

146 985 199 1044 lv.
216 978 411 1042 Probabitius
422 983 526 1040 autem
540 976 623 1050 licet,
638 977 733 1039 etiam
747 977 814 1040 sine
828 978 959 1054 ratione,
976 999 1082 1044 causas
1096 1001 1245 1063 apponere
1257 993 1385 1046 reinerus

100 1078 136 1134 et
150 1069 298 1131 indirecte
313 1065 514 1149 impedientes.
531 1065 620 1130 Ratio
634 1071 695 1140 est,
715 1066 788 1147 quia
804 1085 867 1129 non
881 1074 1021 1130 censetur
1035 1070 1187 1150 legislator
1201 1071 1276 1134 velle
1292 1070 1383 1147 liber-

104 1164 202 1222 tatem
216 1158 290 1220 adeo
304 1161 463 1218 coarctare.
480 1157 568 1216 Esset
579 1154 664 1216 enim
676 1173 753 1217 onus
767 1155 862 1217 nimis
875 1175 982 1236 grave,
997 1157 1023 1219 si
1038 1159 1183 1240 quisque,
1199 1160 1297 1222 multo
1311 1169 1382 1224 ante

105 1245 325 1327 obligationem
338 1244 430 1324 legia
447 1245 485 1306 ad
504 1242 607 1318 omnia
626 1261 715 1324 opera
729 1261 799 1305 cum
819 1243 871 1306 illa
890 1243 1074 1324 obligatione
1092 1247 1282 1310 insociabilia
1300 1250 1383 1312 dere-

105 1335 291 1418 linquenda,
306 1337 487 1414 tempusque
493 1330 687 1412 obligationis
697 1332 918 1412 expectandum
931 1333 1181 1415 adstringeretur.
1191 1337 1382 1400 —Lucroisc

149 1422 275 1500 Quando
294 1427 399 1484 autem
416 1439 507 1483 eausa
526 1421 673 1484 censenda
692 1419 733 1482 sit
751 1419 922 1500 impediens
938 1422 1093 1504 proxime,
1114 1426 1236 1506 quando
1258 1433 1382 1490 tantum

106 1523 240 1591 remote,
265 1528 374 1574 norma
394 1509 540 1592 quapiam
561 1509 694 1590 generali
715 1508 811 1571 statui
830 1509 900 1584 1111,
918 1517 973 1573 aut
993 1530 1032 1574 ne
1054 1511 1107 1575 rix
1128 1512 1253 1593 quidem
1272 1521 1382 1595 potest.

107 1605 150 1665 Ut
169 1609 281 1663 remote
301 1598 426 1680 quidem
447 1598 618 1680 impediens
638 1597 698 1660 iere
716 1597 823 1660 haberi
844 1598 919 1661 solet
938 1617 1006 1680 quae
1026 1606 1146 1680 tempus
1165 1602 1306 1683 precepti
1324 1603 1384 1666 im-

107 1689 213 1772 plendi
240 1687 358 1768 aliquot
383 1686 504 1750 dierum
529 1687 626 1768 spatio
647 1685 806 1768 precedit;
830 1693 863 1748 at
889 1705 952 1767 pra
977 1686 1071 1750 oculis
1099 1707 1217 1769 semper
1245 1691 1385 1754 habenda

106 1783 201 1842 erunt
222 1784 293 1840 tum
320 1793 408 1838 mens
433 1775 612 1856 legislatoris
634 1793 668 1837 ac
689 1774 733 1838 rei
756 1781 910 1856 precepta
931 1775 1080 1855 gravitas,
1102 1782 1171 1840 tum
1194 1777 1289 1842 etiam
1312 1797 1385 1859 pru-

106 1869 240 1930 dentum
258 1864 412 1948 judicium
435 1883 469 1927 ac
487 1864 653 1947 proborum
673 1863 786 1944 praxis.
809 1900 848 1910 -
870 1863 904 1926 V.
924 1862 1075 1945 Sauciet,
1091 1867 1135 1928 ,11
1154 1866 1257 1930 Decet.
1280 1866 1335 1929 lib.
1353 1871 1381 1945 Ι,

106 1975 173 2040 cop.
189 1974 288 2032 1111.
305 1959 335 2017 1.
831 1989 833 1994 -

232 2082 443 2150 Resolves.

149 2219 222 2276 111.
236 2247 278 2258 -
290 2217 322 2274 1ο
334 2215 437 2274 Peccat
449 2211 503 2293 qui
516 2210 565 2273 die
572 2208 695 2292 jejunii,
710 2209 777 2272 sine
786 2211 873 2290 justa
885 2228 990 2288 causa,
1004 2210 1139 2275 laborem
1152 2213 1286 2295 aliquem
1298 2234 1383 2279 assu-

104 2303 187 2376 mit,
208 2317 270 2381 quo
287 2301 437 2380 impotens
459 2300 498 2362 ad
517 2300 723 2382 jejunandum
743 2298 812 2374 flat;
833 2298 927 2374 ratio,
950 2300 1024 2380 quia
1044 2301 1093 2364 lex
1110 2305 1252 2384 procliue
1273 2324 1384 2386 urgens

104 2388 265 2470 exposcit,
286 2406 323 2450 ne
341 2388 407 2450 sine
423 2391 510 2469 justa
526 2405 617 2450 causa
637 2388 712 2451 obex
732 2386 778 2452 illi
798 2386 961 2468 implendae
982 2395 1162 2470 apponatur.
1185 2425 1225 2437 ·-
1245 2390 1281 2456 S.
1298 2394 1380 2475 Liq„

107 2479 203 2542 Hom.
225 2497 289 2559 ep„
305 2497 335 2538 rr.
351 2481 401 2541 20.

149 2571 185 2630 2⁰
203 2568 329 2629 Certum
350 2572 397 2628 est
417 2571 536 2640 autem,
557 2565 837 2628 excommunicatos
857 2565 955 2630 teneri
976 2566 1015 2629 ad
1035 2566 1259 2631 absolutionem
1279 2589 1297 2633 a
1317 2589 1385 2634 cen-

109 2673 183 2718 sura
202 2655 419 2736 querendam,
443 2661 479 2716 ut
499 2661 646 2736 praecepto
665 2653 771 2717 divino
791 2654 1025 2719 communionis
1043 2656 1193 2735 paschalis
1212 2659 1384 2722 satisfacere

108 2743 238 2825 possint.
260 2743 349 2808 Ratio
369 2751 430 2819 est,
445 2741 519 2824 quia
535 2749 683 2824 precepta
702 2741 809 2805 dirina
825 2742 963 2806 strictius
984 2749 1095 2824 urgent
1114 2762 1209 2826 quam
1229 2746 1382 2823 bumana,

107 2831 277 2913 minusque
301 2832 472 2896 humanam
497 2831 660 2912 patiuntur
680 2829 974 2912 interpretationem.
995 2868 1035 2878 -
1055 2830 1090 2893 S.
1106 2833 1188 2913 Lip,
1203 2832 1295 2899 Hom.
1319 2855 1382 2918 ap„

108 2941 142 2982 n.
159 2924 209 2982 at.
222 2956 264 2966 -
278 2922 393 2983 Eadem
406 2919 523 2984 ratione
538 2937 599 2982 non
608 2923 712 3000 potes,
727 2919 846 3000 incepto
857 2921 923 3001 jam
937 2926 1072 3000 tempore
1084 2921 1233 3001 paschali,
1250 2923 1334 2988 abire
1348 2925 1383 2988 in

108 3010 211 3072 locum
223 3009 279 3072 ubi
292 3009 521 3073 communicare
536 3008 741 3088 conpetens,
758 3007 835 3090 quin
850 3007 937 3088 prius
951 3007 1012 3090 ipsi
1027 3015 1175 3091 praecepto
1190 3011 1381 3076 satisfeceris.

109 3133 150 3143 -—
163 3097 315 3172 Laeroie,
331 3118 362 3160 n.
377 3102 447 3162 791.

150 3188 185 3250 ³⁰
200 3183 268 3250 Non
286 3193 389 3268 peccat
407 3193 514 3250 contra
531 3194 718 3268 preceptum
734 3184 879 3248 audiendi
898 3187 1041 3262 Sacrum,
1061 3187 1116 3268 qui
1134 3187 1194 3250 iter
1211 3189 1384 3270 ingreditur

108 3275 282 3356 praevidens
300 3275 378 3352 fore,
396 3282 434 3338 ut
449 3275 589 3356 sequenti
608 3275 656 3338 die
670 3273 828 3338 Dominica
844 3276 971 3337 Sacrum
990 3274 1096 3338 audire
1113 3294 1175 3339 non
1193 3275 1300 3357 possit.
1317 3281 1384 3340 Non

108 3370 275 3426 exorasatur
292 3369 415 3440 tamen,
436 3364 490 3447 qui
510 3364 543 3427 id
562 3363 654 3428 faciat
673 3367 821 3445 precepto
846 3362 954 3425 saltem
979 3363 1137 3427 moraliter
1153 3366 1219 3446 jam
1240 3371 1382 3444 urgente,

108 3470 221 3532 nempe
235 3459 291 3516 aut
304 3453 409 3516 eodem
421 3453 470 3516 die
483 3452 574 3528 11111,
589 3459 644 3515 aut
661 3471 724 3514 una
741 3451 873 3514 alterave
889 3457 960 3514 ante
975 3451 1060 3514 hora.
1077 3453 1189 3534 Excipe
1205 3453 1268 3516 nisi
1281 3451 1384 3533 aliqua
1426 3505 1431 3516 .

108 3541 275 3604 necessitas
289 3559 344 3604 seu
351 3544 438 3623 justa
450 3559 541 3604 causa
552 3541 732 3604 intercedat.
749 3552 753 3564 ·

149 3633 186 3693 4⁰
201 3633 330 3694 Peccant
344 3637 474 3693 sartores
492 3635 523 3692 et
540 3637 673 3703 11111111,
687 3627 742 3710 qui
758 3626 857 3708 pridie
870 3627 932 3691 diei
947 3626 1018 3690 festi
1033 3647 1095 3692 non
1108 3637 1219 3712 parunt
1235 3634 1334 3692 vestes
1352 3635 1384 3692 et

108 3719 313 3782 calceamenta
333 3718 516 3794 necessaria,
538 3718 565 3780 si
585 3717 618 3780 id
639 3716 758 3799 possint
779 3715 845 3779 sine
865 3716 953 3798 gravi
974 3716 1177 3782 incommodo.
1200 3753 1239 3763 —
1260 3717 1381 3794 lieoter,

108 3828 142 3870 n.
159 3810 285 3871 111-
304 3806 338 3869 V.
357 3805 466 3886 Casus,
483 3828 514 3869 n.
532 3811 713 3888 10311111.

614 3983 793 4098 curua
823 3983 881 4062 vr

295 4158 346 4209 na
376 4139 775 4209 1111111111110111
806 4157 926 4208 uacus
957 4156 1004 4206 11
1034 4153 1204 4206 11111111

474 4288 495 4380 ξ
519 4291 547 4358 l.
571 4291 618 4386 De
636 4291 915 4380 interpretatione
933 4289 1028 4378 lepis.

151 4431 222 4492 111.
237 4463 277 4473 -
295 4431 463 4494 [1111111111.
487 4427 700 4510 interpretatio
719 4426 793 4509 legis
816 4433 862 4491 est
880 4425 1014 4508 genuina
1032 4426 1098 4507 ejus
1114 4422 1274 4505 explicatio
1291 4427 1381 4506 juxta

107 4521 249 4580 mentem
271 4516 463 4597 legislatoris.
568 4569 578 4584 .
