<?xml version="1.0" encoding="UTF-8"?>
<!DOCTYPE html PUBLIC "-//W3C//DTD XHTML 1.0 Transitional//EN"
    "http://www.w3.org/TR/xhtml1/DTD/xhtml1-transitional.dtd">
<html xmlns="http://www.w3.org/1999/xhtml" xml:lang="en" lang="en">
 <head>
  <title>
</title>
<meta http-equiv="Content-Type" content="text/html;charset=utf-8" />
  <meta name='ocr-system' content='tesseract 3.04.00' />
  <meta name='ocr-capabilities' content='ocr_page ocr_carea ocr_par ocr_line ocrx_word'/>
</head>
<body>
  <div class='ocr_page' id='page_1' title='image "./compendiumtheol02gurygoog_0561.png"; bbox 0 0 3136 5034; ppageno 0'>
   <div class='ocr_carea' id='block_1_1' title="bbox 184 202 927 260">
    <p class='ocr_par' dir='ltr' id='par_1_1' title="bbox 184 202 927 260">
     <span class='ocr_line' id='line_1_1' title="bbox 184 202 927 260; baseline -0.013 0"><span class='ocrx_word' id='word_1_1' title='bbox 184 202 253 260; x_wconf 84' lang='grc'>511</span> <span class='ocrx_word' id='word_1_2' title='bbox 716 205 927 252; x_wconf 71' lang='lat' dir='ltr'>anscausus</span> 
     </span>
    </p>
   </div>
   <div class='ocr_carea' id='block_1_2' title="bbox 182 318 1466 756">
    <p class='ocr_par' dir='ltr' id='par_1_2' title="bbox 182 318 1466 756">
     <span class='ocr_line' id='line_1_2' title="bbox 183 318 1461 404; baseline -0.002 -17"><span class='ocrx_word' id='word_1_3' title='bbox 183 344 224 398; x_wconf 79' lang='lat' dir='ltr'>re,</span> <span class='ocrx_word' id='word_1_4' title='bbox 242 323 314 404; x_wconf 88' lang='lat' dir='ltr'>quia</span> <span class='ocrx_word' id='word_1_5' title='bbox 329 321 445 385; x_wconf 90' lang='lat' dir='ltr'>ratione</span> <span class='ocrx_word' id='word_1_6' title='bbox 456 319 558 382; x_wconf 90' lang='lat' dir='ltr'>mutui</span> <span class='ocrx_word' id='word_1_7' title='bbox 573 319 641 381; x_wconf 93' lang='lat' dir='ltr'>licet</span> <span class='ocrx_word' id='word_1_8' title='bbox 654 318 740 398; x_wconf 86' lang='lat' dir='ltr'>sequi</span> <span class='ocrx_word' id='word_1_9' title='bbox 754 318 849 399; x_wconf 89' lang='lat' dir='ltr'>hujus</span> <span class='ocrx_word' id='word_1_10' title='bbox 863 322 1036 380; x_wconf 88' lang='lat' dir='ltr'>contractus</span> <span class='ocrx_word' id='word_1_11' title='bbox 1050 318 1141 397; x_wconf 78' lang='lat' dir='ltr'>leges,</span> <span class='ocrx_word' id='word_1_12' title='bbox 1153 321 1243 398; x_wconf 80' lang='lat' dir='ltr'>juxta</span> <span class='ocrx_word' id='word_1_13' title='bbox 1256 319 1344 381; x_wconf 86' lang='lat' dir='ltr'>dicta</span> <span class='ocrx_word' id='word_1_14' title='bbox 1359 340 1461 403; x_wconf 78' lang='lat' dir='ltr'>supra,</span> 
     </span>
     <span class='ocr_line' id='line_1_3' title="bbox 182 416 1466 575; baseline -0.001 -12"><span class='ocrx_word' id='word_1_15' title='bbox 182 434 213 474; x_wconf 37' lang='lat' dir='ltr'>n·</span> <span class='ocrx_word' id='word_1_16' title='bbox 225 416 360 564; x_wconf 56' lang='lat' dir='ltr'>gssai’im</span> <span class='ocrx_word' id='word_1_17' title='bbox 387 497 413 560; x_wconf 91' lang='lat' dir='ltr'><strong><em>V</em></strong></span> <span class='ocrx_word' id='word_1_18' title='bbox 430 497 462 558; x_wconf 92' lang='lat' dir='ltr'>iu</span> <span class='ocrx_word' id='word_1_19' title='bbox 482 497 570 558; x_wconf 83' lang='lat' dir='ltr'>Bulla</span> <span class='ocrx_word' id='word_1_20' title='bbox 588 497 625 559; x_wconf 88' lang='lat' dir='ltr'>de</span> <span class='ocrx_word' id='word_1_21' title='bbox 643 494 771 558; x_wconf 82' lang='lat' dir='ltr'>cambiis</span> <span class='ocrx_word' id='word_1_22' title='bbox 788 493 889 557; x_wconf 85' lang='lat' dir='ltr'>varias</span> <span class='ocrx_word' id='word_1_23' title='bbox 903 495 1044 575; x_wconf 93' lang='lat' dir='ltr'>apposuit</span> <span class='ocrx_word' id='word_1_24' title='bbox 1056 494 1264 558; x_wconf 81' lang='lat' dir='ltr'>restrictionee</span> <span class='ocrx_word' id='word_1_25' title='bbox 1281 496 1366 560; x_wconf 83' lang='lat' dir='ltr'>circa</span> <span class='ocrx_word' id='word_1_26' title='bbox 1386 517 1466 562; x_wconf 84' lang='lat' dir='ltr'>cam-</span> 
     </span>
     <span class='ocr_line' id='line_1_4' title="bbox 182 581 1465 666; baseline -0.002 -12"><span class='ocrx_word' id='word_1_27' title='bbox 182 590 290 654; x_wconf 88' lang='lat' dir='ltr'>bium:</span> <span class='ocrx_word' id='word_1_28' title='bbox 306 585 489 650; x_wconf 82' lang='lat' dir='ltr'>Hocooldm</span> <span class='ocrx_word' id='word_1_29' title='bbox 506 588 611 648; x_wconf 79' lang='lat' dir='ltr'>temen</span> <span class='ocrx_word' id='word_1_30' title='bbox 629 601 698 646; x_wconf 90' lang='lat' dir='ltr'>eam</span> <span class='ocrx_word' id='word_1_31' title='bbox 716 583 752 646; x_wconf 91' lang='lat' dir='ltr'>in</span> <span class='ocrx_word' id='word_1_32' title='bbox 770 583 874 664; x_wconf 82' lang='lat' dir='ltr'>paucis</span> <span class='ocrx_word' id='word_1_33' title='bbox 892 583 965 646; x_wconf 86' lang='lat' dir='ltr'>locis</span> <span class='ocrx_word' id='word_1_34' title='bbox 979 581 1094 664; x_wconf 79' lang='lat' dir='ltr'>vigere,</span> <span class='ocrx_word' id='word_1_35' title='bbox 1112 583 1223 647; x_wconf 87' lang='lat' dir='ltr'>saltem</span> <span class='ocrx_word' id='word_1_36' title='bbox 1237 587 1345 666; x_wconf 83' lang='lat' dir='ltr'>quoad</span> <span class='ocrx_word' id='word_1_37' title='bbox 1362 589 1465 651; x_wconf 81' lang='lat' dir='ltr'>omnia</span> 
     </span>
     <span class='ocr_line' id='line_1_5' title="bbox 182 671 1136 756; baseline -0.007 -14"><span class='ocrx_word' id='word_1_38' title='bbox 182 680 218 742; x_wconf 91' lang='lat' dir='ltr'>iu</span> <span class='ocrx_word' id='word_1_39' title='bbox 231 697 266 742; x_wconf 89' lang='lat' dir='ltr'>ea</span> <span class='ocrx_word' id='word_1_40' title='bbox 280 682 439 750; x_wconf 89' lang='lat' dir='ltr'>contenta,</span> <span class='ocrx_word' id='word_1_41' title='bbox 456 679 597 738; x_wconf 84' lang='lat' dir='ltr'>testatur.</span> <span class='ocrx_word' id='word_1_42' title='bbox 615 676 656 736; x_wconf 86' lang='lat' dir='ltr'>De</span> <span class='ocrx_word' id='word_1_43' title='bbox 667 691 702 735; x_wconf 91' lang='lat' dir='ltr'>ea</span> <span class='ocrx_word' id='word_1_44' title='bbox 716 673 853 753; x_wconf 89' lang='lat' dir='ltr'>loquitur</span> <span class='ocrx_word' id='word_1_45' title='bbox 869 671 905 734; x_wconf 90' lang='lat' dir='ltr'>S.</span> <span class='ocrx_word' id='word_1_46' title='bbox 920 673 1001 756; x_wconf 75' lang='lat' dir='ltr'>Lip„</span> <span class='ocrx_word' id='word_1_47' title='bbox 1018 693 1050 734; x_wconf 83' lang='lat' dir='ltr'>a.</span> <span class='ocrx_word' id='word_1_48' title='bbox 1066 675 1136 737; x_wconf 74' lang='lat'><strong>852.</strong></span> 
     </span>
    </p>
   </div>
   <div class='ocr_carea' id='block_1_3' title="bbox 304 854 498 934">
    <p class='ocr_par' dir='ltr' id='par_1_3' title="bbox 304 854 498 934">
     <span class='ocr_line' id='line_1_6' title="bbox 304 854 498 934; baseline -0.026 -14"><span class='ocrx_word' id='word_1_49' title='bbox 304 854 498 934; x_wconf 67' lang='lat' dir='ltr'>Quaesitae.</span> 
     </span>
    </p>
   </div>
   <div class='ocr_carea' id='block_1_4' title="bbox 177 1013 1464 2250">
    <p class='ocr_par' dir='ltr' id='par_1_4' title="bbox 186 1013 1463 1171">
     <span class='ocr_line' id='line_1_7' title="bbox 224 1013 1463 1098; baseline -0.006 -13"><span class='ocrx_word' id='word_1_50' title='bbox 224 1023 295 1084; x_wconf 71' lang='lat'>929.</span> <span class='ocrx_word' id='word_1_51' title='bbox 312 1056 352 1065; x_wconf 91' lang='lat'><em>-</em></span> <span class='ocrx_word' id='word_1_52' title='bbox 361 1020 462 1094; x_wconf 74' lang='lat' dir='ltr'>Quas.</span> <span class='ocrx_word' id='word_1_53' title='bbox 475 1022 508 1079; x_wconf 84' lang='grc'>10</span> <span class='ocrx_word' id='word_1_54' title='bbox 519 1016 570 1078; x_wconf 85' lang='lat' dir='ltr'>Ao</span> <span class='ocrx_word' id='word_1_55' title='bbox 587 1013 704 1075; x_wconf 82' lang='lat' dir='ltr'>licitum</span> <span class='ocrx_word' id='word_1_56' title='bbox 717 1017 758 1076; x_wconf 83' lang='lat' dir='ltr'>sit</span> <span class='ocrx_word' id='word_1_57' title='bbox 771 1013 919 1076; x_wconf 80' lang='lat' dir='ltr'><strong><em>cambium</em></strong></span> <span class='ocrx_word' id='word_1_58' title='bbox 933 1014 973 1076; x_wconf 83' lang='lat' dir='ltr'>eis</span> <span class='ocrx_word' id='word_1_59' title='bbox 990 1015 1043 1096; x_wconf 83' lang='lat' dir='ltr'>qai</span> <span class='ocrx_word' id='word_1_60' title='bbox 1059 1013 1195 1097; x_wconf 70' lang='lat' dir='ltr'>officiam</span> <span class='ocrx_word' id='word_1_61' title='bbox 1206 1014 1364 1098; x_wconf 80' lang='lat' dir='ltr'>publicam</span> <span class='ocrx_word' id='word_1_62' title='bbox 1378 1037 1463 1078; x_wconf 87' lang='lat' dir='ltr'>cam-</span> 
     </span>
     <span class='ocr_line' id='line_1_8' title="bbox 186 1103 508 1171; baseline -0.016 0"><span class='ocrx_word' id='word_1_63' title='bbox 186 1109 286 1171; x_wconf 72' lang='lat' dir='ltr'>otmar·</span> <span class='ocrx_word' id='word_1_64' title='bbox 300 1128 361 1170; x_wconf 82' lang='lat' dir='ltr'>ooo</span> <span class='ocrx_word' id='word_1_65' title='bbox 375 1103 508 1168; x_wconf 82' lang='lat' dir='ltr'>lrabeat?</span> 
     </span>
    </p>

    <p class='ocr_par' dir='ltr' id='par_1_5' title="bbox 181 1190 1462 1537">
     <span class='ocr_line' id='line_1_9' title="bbox 223 1190 1460 1278; baseline -0.002 -18"><span class='ocrx_word' id='word_1_66' title='bbox 223 1197 313 1278; x_wconf 80' lang='lat' dir='ltr'>Recp.</span> <span class='ocrx_word' id='word_1_67' title='bbox 337 1195 465 1278; x_wconf 78' lang='lat' dir='ltr'>Affirm.</span> <span class='ocrx_word' id='word_1_68' title='bbox 486 1193 574 1258; x_wconf 85' lang='lat' dir='ltr'>Ratio</span> <span class='ocrx_word' id='word_1_69' title='bbox 596 1198 659 1267; x_wconf 90' lang='lat' dir='ltr'>est,</span> <span class='ocrx_word' id='word_1_70' title='bbox 676 1191 749 1272; x_wconf 91' lang='lat' dir='ltr'>quia</span> <span class='ocrx_word' id='word_1_71' title='bbox 765 1192 876 1254; x_wconf 79' lang='lat' dir='ltr'>eadem</span> <span class='ocrx_word' id='word_1_72' title='bbox 897 1190 1035 1254; x_wconf 87' lang='lat' dir='ltr'>militant</span> <span class='ocrx_word' id='word_1_73' title='bbox 1053 1191 1200 1268; x_wconf 89' lang='lat' dir='ltr'>rationes;</span> <span class='ocrx_word' id='word_1_74' title='bbox 1223 1193 1355 1275; x_wconf 84' lang='lat' dir='ltr'>quisque</span> <span class='ocrx_word' id='word_1_75' title='bbox 1372 1195 1460 1257; x_wconf 91' lang='lat' dir='ltr'>euim</span> 
     </span>
     <span class='ocr_line' id='line_1_10' title="bbox 181 1279 1459 1370; baseline -0.003 -21"><span class='ocrx_word' id='word_1_76' title='bbox 181 1289 233 1370; x_wconf 84' lang='lat' dir='ltr'>jus</span> <span class='ocrx_word' id='word_1_77' title='bbox 252 1285 401 1349; x_wconf 77' lang='lat' dir='ltr'>habetati</span> <span class='ocrx_word' id='word_1_78' title='bbox 427 1284 549 1346; x_wconf 90' lang='lat' dir='ltr'>luorum</span> <span class='ocrx_word' id='word_1_79' title='bbox 569 1300 624 1363; x_wconf 91' lang='lat' dir='ltr'>pro</span> <span class='ocrx_word' id='word_1_80' title='bbox 644 1281 745 1344; x_wconf 90' lang='lat' dir='ltr'>labore</span> <span class='ocrx_word' id='word_1_81' title='bbox 763 1283 793 1342; x_wconf 92' lang='lat' dir='ltr'>et</span> <span class='ocrx_word' id='word_1_82' title='bbox 817 1279 972 1343; x_wconf 89' lang='lat' dir='ltr'>industria</span> <span class='ocrx_word' id='word_1_83' title='bbox 994 1299 1061 1342; x_wconf 92' lang='lat' dir='ltr'>sua.</span> <span class='ocrx_word' id='word_1_84' title='bbox 1080 1281 1137 1342; x_wconf 83' lang='lat' dir='ltr'>Sed</span> <span class='ocrx_word' id='word_1_85' title='bbox 1155 1299 1261 1344; x_wconf 75' lang='lat' dir='ltr'>cavere</span> <span class='ocrx_word' id='word_1_86' title='bbox 1281 1282 1394 1346; x_wconf 84' lang='lat' dir='ltr'>debent</span> <span class='ocrx_word' id='word_1_87' title='bbox 1404 1283 1459 1346; x_wconf 86' lang='lat' dir='ltr'>isti</span> 
     </span>
     <span class='ocr_line' id='line_1_11' title="bbox 184 1367 1462 1457; baseline -0.003 -18"><span class='ocrx_word' id='word_1_88' title='bbox 184 1393 365 1457; x_wconf 89' lang='lat' dir='ltr'>campsores,</span> <span class='ocrx_word' id='word_1_89' title='bbox 379 1391 416 1436; x_wconf 91' lang='lat' dir='ltr'>ne</span> <span class='ocrx_word' id='word_1_90' title='bbox 430 1373 551 1435; x_wconf 87' lang='lat' dir='ltr'>lucrum</span> <span class='ocrx_word' id='word_1_91' title='bbox 565 1373 666 1451; x_wconf 86' lang='lat' dir='ltr'>majus</span> <span class='ocrx_word' id='word_1_92' title='bbox 678 1387 764 1451; x_wconf 85' lang='lat' dir='ltr'>aequo</span> <span class='ocrx_word' id='word_1_93' title='bbox 779 1368 914 1449; x_wconf 77' lang='lat' dir='ltr'><strong>exigant.</strong></span> <span class='ocrx_word' id='word_1_94' title='bbox 931 1367 1033 1429; x_wconf 83' lang='lat' dir='ltr'>-Ita</span> <span class='ocrx_word' id='word_1_95' title='bbox 1047 1367 1082 1430; x_wconf 88' lang='lat' dir='ltr'>S.</span> <span class='ocrx_word' id='word_1_96' title='bbox 1101 1369 1186 1451; x_wconf 73' lang='lat' dir='ltr'>Lip„</span> <span class='ocrx_word' id='word_1_97' title='bbox 1201 1391 1232 1431; x_wconf 84' lang='lat' dir='ltr'>n.</span> <span class='ocrx_word' id='word_1_98' title='bbox 1247 1374 1322 1434; x_wconf 82' lang='grc'><strong>851.</strong></span> <span class='ocrx_word' id='word_1_99' title='bbox 1336 1407 1379 1417; x_wconf 89' lang='grc'><strong>-</strong></span> <span class='ocrx_word' id='word_1_100' title='bbox 1392 1371 1462 1435; x_wconf 81' lang='grc'><strong>801-</strong></span> 
     </span>
     <span class='ocr_line' id='line_1_12' title="bbox 184 1458 874 1537; baseline -0.01 -11"><span class='ocrx_word' id='word_1_101' title='bbox 184 1474 293 1536; x_wconf 72' lang='grc'><strong>00001,</strong></span> <span class='ocrx_word' id='word_1_102' title='bbox 313 1483 339 1526; x_wconf 87' lang='lat' dir='ltr'>c.</span> <span class='ocrx_word' id='word_1_103' title='bbox 356 1481 400 1536; x_wconf 84' lang='lat' dir='ltr'>rv,</span> <span class='ocrx_word' id='word_1_104' title='bbox 417 1482 447 1523; x_wconf 87' lang='lat' dir='ltr'>a.</span> <span class='ocrx_word' id='word_1_105' title='bbox 467 1465 496 1526; x_wconf 89' lang='lat'>8.</span> <span class='ocrx_word' id='word_1_106' title='bbox 508 1495 549 1506; x_wconf 94' lang='lat'>-</span> <span class='ocrx_word' id='word_1_107' title='bbox 565 1458 721 1537; x_wconf 71' lang='lat' dir='ltr'>Camere,</span> <span class='ocrx_word' id='word_1_108' title='bbox 736 1477 767 1520; x_wconf 85' lang='lat' dir='ltr'>o.</span> <span class='ocrx_word' id='word_1_109' title='bbox 785 1462 874 1523; x_wconf 84' lang='lat'><strong>1038.</strong></span> 
     </span>
    </p>

    <p class='ocr_par' dir='ltr' id='par_1_6' title="bbox 177 1545 1464 1814">
     <span class='ocr_line' id='line_1_13' title="bbox 225 1545 1463 1632; baseline -0.003 -17"><span class='ocrx_word' id='word_1_110' title='bbox 225 1552 444 1629; x_wconf 63' lang='grc'><strong>0000010010</strong></span> <span class='ocrx_word' id='word_1_111' title='bbox 465 1549 580 1612; x_wconf 80' lang='lat' dir='ltr'>licitam</span> <span class='ocrx_word' id='word_1_112' title='bbox 599 1552 639 1610; x_wconf 80' lang='lat' dir='ltr'>sit</span> <span class='ocrx_word' id='word_1_113' title='bbox 657 1546 807 1609; x_wconf 77' lang='lat' dir='ltr'><strong><em>cambium</em></strong></span> <span class='ocrx_word' id='word_1_114' title='bbox 822 1546 913 1628; x_wconf 76' lang='lat' dir='ltr'>culpo</span> <span class='ocrx_word' id='word_1_115' title='bbox 932 1545 1046 1608; x_wconf 81' lang='lat' dir='ltr'>dictum</span> <span class='ocrx_word' id='word_1_116' title='bbox 1064 1545 1338 1622; x_wconf 82' lang='lat' dir='ltr'>Fraucofurtense,</span> <span class='ocrx_word' id='word_1_117' title='bbox 1357 1549 1391 1610; x_wconf 79' lang='lat' dir='ltr'>in</span> <span class='ocrx_word' id='word_1_118' title='bbox 1404 1569 1463 1632; x_wconf 77' lang='lat' dir='ltr'>quo</span> 
     </span>
     <span class='ocr_line' id='line_1_14' title="bbox 186 1634 1464 1726; baseline -0.004 -21"><span class='ocrx_word' id='word_1_119' title='bbox 186 1661 321 1726; x_wconf 73' lang='lat' dir='ltr'>comptor</span> <span class='ocrx_word' id='word_1_120' title='bbox 331 1639 385 1704; x_wconf 84' lang='lat' dir='ltr'>dot</span> <span class='ocrx_word' id='word_1_121' title='bbox 392 1641 553 1723; x_wconf 82' lang='lat' dir='ltr'>pecuniam</span> <span class='ocrx_word' id='word_1_122' title='bbox 570 1641 603 1700; x_wconf 85' lang='lat' dir='ltr'>ia</span> <span class='ocrx_word' id='word_1_123' title='bbox 611 1636 761 1720; x_wconf 78' lang='lat' dir='ltr'>proaimis</span> <span class='ocrx_word' id='word_1_124' title='bbox 774 1635 919 1698; x_wconf 80' lang='lat' dir='ltr'>nundinio</span> <span class='ocrx_word' id='word_1_125' title='bbox 938 1634 1134 1714; x_wconf 84' lang='lat' dir='ltr'>reddendam,</span> <span class='ocrx_word' id='word_1_126' title='bbox 1151 1636 1199 1696; x_wconf 81' lang='grc'>110</span> <span class='ocrx_word' id='word_1_127' title='bbox 1212 1646 1247 1698; x_wconf 82' lang='lat' dir='ltr'>at</span> <span class='ocrx_word' id='word_1_128' title='bbox 1262 1636 1383 1700; x_wconf 79' lang='lat' dir='ltr'>lucrum</span> <span class='ocrx_word' id='word_1_129' title='bbox 1397 1658 1464 1700; x_wconf 84' lang='lat' dir='ltr'>ma-</span> 
     </span>
     <span class='ocr_line' id='line_1_15' title="bbox 177 1721 766 1814; baseline -0.012 -22"><span class='ocrx_word' id='word_1_130' title='bbox 177 1733 233 1814; x_wconf 83' lang='lat' dir='ltr'>jas</span> <span class='ocrx_word' id='word_1_131' title='bbox 244 1751 303 1813; x_wconf 86' lang='lat' dir='ltr'>pro</span> <span class='ocrx_word' id='word_1_132' title='bbox 317 1731 431 1810; x_wconf 85' lang='lat' dir='ltr'>majori</span> <span class='ocrx_word' id='word_1_133' title='bbox 444 1725 585 1789; x_wconf 80' lang='lat' dir='ltr'>dilatione</span> <span class='ocrx_word' id='word_1_134' title='bbox 603 1721 766 1807; x_wconf 77' lang='lat' dir='ltr'>eaeipotar?</span> 
     </span>
    </p>

    <p class='ocr_par' dir='ltr' id='par_1_7' title="bbox 184 1809 1462 1990">
     <span class='ocr_line' id='line_1_16' title="bbox 226 1809 1462 1901; baseline -0.003 -20"><span class='ocrx_word' id='word_1_135' title='bbox 226 1821 317 1901; x_wconf 80' lang='lat' dir='ltr'>Reop.</span> <span class='ocrx_word' id='word_1_136' title='bbox 332 1824 365 1880; x_wconf 95' lang='grc'>10</span> <span class='ocrx_word' id='word_1_137' title='bbox 376 1815 515 1898; x_wconf 78' lang='lat' dir='ltr'>Affirm,</span> <span class='ocrx_word' id='word_1_138' title='bbox 531 1815 558 1877; x_wconf 89' lang='lat' dir='ltr'>si</span> <span class='ocrx_word' id='word_1_139' title='bbox 569 1814 609 1876; x_wconf 89' lang='lat' dir='ltr'>sit</span> <span class='ocrx_word' id='word_1_140' title='bbox 621 1813 732 1876; x_wconf 86' lang='lat' dir='ltr'>titulus</span> <span class='ocrx_word' id='word_1_141' title='bbox 744 1811 822 1874; x_wconf 89' lang='lat' dir='ltr'>lucri</span> <span class='ocrx_word' id='word_1_142' title='bbox 835 1811 992 1888; x_wconf 88' lang='lat' dir='ltr'>cessantis,</span> <span class='ocrx_word' id='word_1_143' title='bbox 1008 1809 1115 1874; x_wconf 86' lang='lat' dir='ltr'>damni</span> <span class='ocrx_word' id='word_1_144' title='bbox 1132 1813 1329 1893; x_wconf 77' lang='lat' dir='ltr'>emergentis,</span> <span class='ocrx_word' id='word_1_145' title='bbox 1346 1821 1404 1877; x_wconf 87' lang='lat' dir='ltr'>etc.</span> <span class='ocrx_word' id='word_1_146' title='bbox 1420 1851 1462 1864; x_wconf 89' lang='lat'>—</span> 
     </span>
     <span class='ocr_line' id='line_1_17' title="bbox 184 1905 441 1990; baseline -0.016 -20"><span class='ocrx_word' id='word_1_147' title='bbox 184 1905 220 1970; x_wconf 88' lang='lat' dir='ltr'>S.</span> <span class='ocrx_word' id='word_1_148' title='bbox 237 1909 307 1990; x_wconf 68' lang='lat' dir='ltr'>Lep.</span> <span class='ocrx_word' id='word_1_149' title='bbox 323 1927 355 1968; x_wconf 83' lang='lat' dir='ltr'>n.</span> <span class='ocrx_word' id='word_1_150' title='bbox 371 1910 441 1970; x_wconf 80' lang='grc'><strong>851.</strong></span> 
     </span>
    </p>

    <p class='ocr_par' dir='ltr' id='par_1_8' title="bbox 184 1988 1460 2166">
     <span class='ocr_line' id='line_1_18' title="bbox 227 1988 1460 2079; baseline -0.001 -20"><span class='ocrx_word' id='word_1_151' title='bbox 227 1997 318 2079; x_wconf 80' lang='lat' dir='ltr'>Becp.</span> <span class='ocrx_word' id='word_1_152' title='bbox 333 1999 388 2058; x_wconf 76' lang='grc' dir='ltr'>9οτ</span> <span class='ocrx_word' id='word_1_153' title='bbox 405 1996 495 2056; x_wconf 86' lang='lat' dir='ltr'>Secus</span> <span class='ocrx_word' id='word_1_154' title='bbox 511 1993 763 2069; x_wconf 81' lang='lat' dir='ltr'>coooocercicor;</span> <span class='ocrx_word' id='word_1_155' title='bbox 778 1990 829 2052; x_wconf 86' lang='lat' dir='ltr'>sed</span> <span class='ocrx_word' id='word_1_156' title='bbox 839 1988 1042 2073; x_wconf 79' lang='lat' dir='ltr'><em>probabiliter</em></span> <span class='ocrx_word' id='word_1_157' title='bbox 1056 1989 1136 2071; x_wconf 81' lang='lat' dir='ltr'>leges</span> <span class='ocrx_word' id='word_1_158' title='bbox 1153 1990 1259 2054; x_wconf 82' lang='lat' dir='ltr'>civiles</span> <span class='ocrx_word' id='word_1_159' title='bbox 1280 2009 1335 2072; x_wconf 85' lang='lat' dir='ltr'>pm</span> <span class='ocrx_word' id='word_1_160' title='bbox 1347 1999 1460 2058; x_wconf 87' lang='lat' dir='ltr'>mutuo</span> 
     </span>
     <span class='ocr_line' id='line_1_19' title="bbox 184 2077 1235 2166; baseline -0.01 -16"><span class='ocrx_word' id='word_1_161' title='bbox 184 2089 219 2150; x_wconf 90' lang='lat' dir='ltr'>in</span> <span class='ocrx_word' id='word_1_162' title='bbox 228 2087 285 2149; x_wconf 90' lang='lat' dir='ltr'>hoc</span> <span class='ocrx_word' id='word_1_163' title='bbox 298 2083 384 2166; x_wconf 82' lang='lat' dir='ltr'>sequi</span> <span class='ocrx_word' id='word_1_164' title='bbox 398 2083 467 2146; x_wconf 83' lang='lat' dir='ltr'>licet</span> <span class='ocrx_word' id='word_1_165' title='bbox 480 2083 587 2164; x_wconf 83' lang='lat' dir='ltr'>‚juxta</span> <span class='ocrx_word' id='word_1_166' title='bbox 598 2080 680 2143; x_wconf 84' lang='lat' dir='ltr'>dicta</span> <span class='ocrx_word' id='word_1_167' title='bbox 694 2078 849 2161; x_wconf 80' lang='lat' dir='ltr'>superius,</span> <span class='ocrx_word' id='word_1_168' title='bbox 866 2078 921 2139; x_wconf 83' lang='lat' dir='ltr'>ott</span> <span class='ocrx_word' id='word_1_169' title='bbox 931 2077 966 2139; x_wconf 84' lang='lat' dir='ltr'>de</span> <span class='ocrx_word' id='word_1_170' title='bbox 984 2078 1098 2156; x_wconf 75' lang='lat' dir='ltr'>(lauro,</span> <span class='ocrx_word' id='word_1_171' title='bbox 1115 2099 1146 2140; x_wconf 85' lang='lat' dir='ltr'>o.</span> <span class='ocrx_word' id='word_1_172' title='bbox 1163 2084 1235 2145; x_wconf 85' lang='grc'><strong>863.</strong></span> 
     </span>
    </p>

    <p class='ocr_par' dir='ltr' id='par_1_9' title="bbox 226 2169 1326 2250">
     <span class='ocr_line' id='line_1_20' title="bbox 226 2169 1326 2250; baseline -0.005 -11"><span class='ocrx_word' id='word_1_173' title='bbox 226 2180 297 2239; x_wconf 88' lang='grc'><strong>930.</strong></span> <span class='ocrx_word' id='word_1_174' title='bbox 309 2209 350 2221; x_wconf 91' lang='grc'>-</span> <span class='ocrx_word' id='word_1_175' title='bbox 360 2175 461 2248; x_wconf 79' lang='lat' dir='ltr'>Qum.</span> <span class='ocrx_word' id='word_1_176' title='bbox 479 2175 511 2234; x_wconf 89' lang='grc'>30</span> <span class='ocrx_word' id='word_1_177' title='bbox 528 2169 607 2246; x_wconf 73' lang='lat' dir='ltr'>(tcto</span> <span class='ocrx_word' id='word_1_178' title='bbox 621 2187 789 2250; x_wconf 80' lang='lat' dir='ltr'>campsores</span> <span class='ocrx_word' id='word_1_179' title='bbox 799 2171 936 2250; x_wconf 85' lang='lat' dir='ltr'>recipere</span> <span class='ocrx_word' id='word_1_180' title='bbox 949 2169 1066 2248; x_wconf 82' lang='lat' dir='ltr'>possint</span> <span class='ocrx_word' id='word_1_181' title='bbox 1075 2173 1195 2231; x_wconf 81' lang='lat' dir='ltr'>ratione</span> <span class='ocrx_word' id='word_1_182' title='bbox 1207 2171 1326 2232; x_wconf 81' lang='lat' dir='ltr'>mutui?</span> 
     </span>
    </p>
   </div>
   <div class='ocr_carea' id='block_1_5' title="bbox 227 2257 1556 2345">
    <p class='ocr_par' dir='ltr' id='par_1_10' title="bbox 227 2257 1556 2345">
     <span class='ocr_line' id='line_1_21' title="bbox 227 2257 1556 2345; baseline -0.003 -18"><span class='ocrx_word' id='word_1_183' title='bbox 227 2265 315 2345; x_wconf 81' lang='lat' dir='ltr'>Reop.</span> <span class='ocrx_word' id='word_1_184' title='bbox 331 2261 497 2341; x_wconf 88' lang='lat' dir='ltr'>:Recipere</span> <span class='ocrx_word' id='word_1_185' title='bbox 515 2265 644 2340; x_wconf 83' lang='lat' dir='ltr'>possunt</span> <span class='ocrx_word' id='word_1_186' title='bbox 666 2262 685 2321; x_wconf 87' lang='lat'><strong>6</strong></span> <span class='ocrx_word' id='word_1_187' title='bbox 705 2276 760 2339; x_wconf 88' lang='lat' dir='ltr'>pro</span> <span class='ocrx_word' id='word_1_188' title='bbox 780 2262 853 2332; x_wconf 87' lang='grc'><strong>199,</strong></span> <span class='ocrx_word' id='word_1_189' title='bbox 865 2260 958 2339; x_wconf 81' lang='lat' dir='ltr'>juxta</span> <span class='ocrx_word' id='word_1_190' title='bbox 977 2263 1082 2319; x_wconf 73' lang='lat' dir='ltr'>taram</span> <span class='ocrx_word' id='word_1_191' title='bbox 1095 2257 1221 2338; x_wconf 76' lang='lat' dir='ltr'>legalem</span> <span class='ocrx_word' id='word_1_192' title='bbox 1240 2279 1295 2341; x_wconf 92' lang='lat' dir='ltr'>pro</span> <span class='ocrx_word' id='word_1_193' title='bbox 1312 2269 1459 2325; x_wconf 85' lang='lat' dir='ltr'>mercato·</span> <span class='ocrx_word' id='word_1_194' title='bbox 1555 2291 1556 2294; x_wconf 36' lang='lat'>¹</span> 
     </span>
    </p>
   </div>
   <div class='ocr_carea' id='block_1_6' title="bbox 185 2345 1461 2782">
    <p class='ocr_par' dir='ltr' id='par_1_11' title="bbox 185 2345 1461 2782">
     <span class='ocr_line' id='line_1_22' title="bbox 186 2345 1461 2431; baseline -0.002 -15"><span class='ocrx_word' id='word_1_195' title='bbox 186 2353 284 2427; x_wconf 86' lang='lat' dir='ltr'>ribus,</span> <span class='ocrx_word' id='word_1_196' title='bbox 299 2351 373 2431; x_wconf 87' lang='lat' dir='ltr'>quia</span> <span class='ocrx_word' id='word_1_197' title='bbox 386 2348 553 2430; x_wconf 89' lang='lat' dir='ltr'>quamdam</span> <span class='ocrx_word' id='word_1_198' title='bbox 572 2352 774 2410; x_wconf 82' lang='lat' dir='ltr'>mercaturam</span> <span class='ocrx_word' id='word_1_199' title='bbox 790 2345 925 2426; x_wconf 79' lang='lat' dir='ltr'>pecunie</span> <span class='ocrx_word' id='word_1_200' title='bbox 943 2352 1092 2409; x_wconf 74' lang='lat' dir='ltr'>exercent.</span> <span class='ocrx_word' id='word_1_201' title='bbox 1107 2347 1267 2412; x_wconf 83' lang='lat' dir='ltr'>Ordiuarie</span> <span class='ocrx_word' id='word_1_202' title='bbox 1280 2351 1367 2414; x_wconf 91' lang='lat' dir='ltr'>enim</span> <span class='ocrx_word' id='word_1_203' title='bbox 1379 2371 1461 2414; x_wconf 80' lang='lat' dir='ltr'>cam-</span> 
     </span>
     <span class='ocr_line' id='line_1_23' title="bbox 186 2432 1459 2520; baseline 0.002 -20"><span class='ocrx_word' id='word_1_204' title='bbox 186 2457 288 2520; x_wconf 88' lang='lat' dir='ltr'>psores</span> <span class='ocrx_word' id='word_1_205' title='bbox 311 2437 410 2500; x_wconf 88' lang='lat' dir='ltr'>multa</span> <span class='ocrx_word' id='word_1_206' title='bbox 430 2435 573 2515; x_wconf 89' lang='lat' dir='ltr'>pecunia,</span> <span class='ocrx_word' id='word_1_207' title='bbox 590 2441 628 2495; x_wconf 91' lang='lat' dir='ltr'>ut</span> <span class='ocrx_word' id='word_1_208' title='bbox 646 2433 700 2495; x_wconf 87' lang='lat' dir='ltr'>tali</span> <span class='ocrx_word' id='word_1_209' title='bbox 724 2432 819 2495; x_wconf 88' lang='lat' dir='ltr'>officio</span> <span class='ocrx_word' id='word_1_210' title='bbox 840 2432 929 2514; x_wconf 80' lang='lat' dir='ltr'>fungi</span> <span class='ocrx_word' id='word_1_211' title='bbox 952 2434 1087 2514; x_wconf 79' lang='lat' dir='ltr'><strong>possint,</strong></span> <span class='ocrx_word' id='word_1_212' title='bbox 1113 2435 1279 2518; x_wconf 87' lang='lat' dir='ltr'>multisque</span> <span class='ocrx_word' id='word_1_213' title='bbox 1303 2439 1459 2502; x_wconf 86' lang='lat' dir='ltr'>ministris</span> 
     </span>
     <span class='ocr_line' id='line_1_24' title="bbox 185 2520 1458 2606; baseline -0.001 -16"><span class='ocrx_word' id='word_1_214' title='bbox 185 2525 341 2606; x_wconf 81' lang='lat' dir='ltr'>indigent,</span> <span class='ocrx_word' id='word_1_215' title='bbox 360 2541 393 2586; x_wconf 91' lang='lat' dir='ltr'>ac</span> <span class='ocrx_word' id='word_1_216' title='bbox 416 2521 510 2584; x_wconf 76' lang='lat' dir='ltr'>variis</span> <span class='ocrx_word' id='word_1_217' title='bbox 533 2520 675 2600; x_wconf 89' lang='lat' dir='ltr'>periculis</span> <span class='ocrx_word' id='word_1_218' title='bbox 693 2527 900 2600; x_wconf 85' lang='lat' dir='ltr'>exponuntur.</span> <span class='ocrx_word' id='word_1_219' title='bbox 923 2525 987 2584; x_wconf 90' lang='lat' dir='ltr'>lmo</span> <span class='ocrx_word' id='word_1_220' title='bbox 1010 2523 1044 2585; x_wconf 93' lang='lat' dir='ltr'>iu</span> <span class='ocrx_word' id='word_1_221' title='bbox 1064 2523 1159 2587; x_wconf 88' lang='lat' dir='ltr'>variis</span> <span class='ocrx_word' id='word_1_222' title='bbox 1175 2525 1243 2588; x_wconf 88' lang='lat' dir='ltr'>locis</span> <span class='ocrx_word' id='word_1_223' title='bbox 1259 2527 1458 2605; x_wconf 76' lang='lat' dir='ltr'>permittitur</span> 
     </span>
     <span class='ocr_line' id='line_1_25' title="bbox 185 2608 1458 2697; baseline -0.001 -18"><span class='ocrx_word' id='word_1_224' title='bbox 185 2615 261 2697; x_wconf 91' lang='lat' dir='ltr'>ipsis</span> <span class='ocrx_word' id='word_1_225' title='bbox 273 2614 403 2696; x_wconf 88' lang='lat' dir='ltr'>accipere</span> <span class='ocrx_word' id='word_1_226' title='bbox 417 2616 435 2674; x_wconf 83' lang='lat' dir='ltr'>&#39;t</span> <span class='ocrx_word' id='word_1_227' title='bbox 450 2629 504 2692; x_wconf 92' lang='lat' dir='ltr'>pro</span> <span class='ocrx_word' id='word_1_228' title='bbox 519 2615 596 2684; x_wconf 77' lang='lat'>100,</span> <span class='ocrx_word' id='word_1_229' title='bbox 612 2609 650 2672; x_wconf 91' lang='lat' dir='ltr'>ob</span> <span class='ocrx_word' id='word_1_230' title='bbox 663 2608 795 2689; x_wconf 89' lang='lat' dir='ltr'>pericula</span> <span class='ocrx_word' id='word_1_231' title='bbox 804 2615 836 2672; x_wconf 91' lang='lat' dir='ltr'>et</span> <span class='ocrx_word' id='word_1_232' title='bbox 849 2609 966 2672; x_wconf 88' lang='lat' dir='ltr'>labores</span> <span class='ocrx_word' id='word_1_233' title='bbox 980 2629 1056 2692; x_wconf 92' lang='lat' dir='ltr'>quos</span> <span class='ocrx_word' id='word_1_234' title='bbox 1073 2613 1178 2676; x_wconf 90' lang='lat' dir='ltr'>subire</span> <span class='ocrx_word' id='word_1_235' title='bbox 1190 2613 1296 2678; x_wconf 83' lang='lat' dir='ltr'>debent</span> <span class='ocrx_word' id='word_1_236' title='bbox 1308 2615 1348 2678; x_wconf 83' lang='lat' dir='ltr'>ad</span> <span class='ocrx_word' id='word_1_237' title='bbox 1360 2633 1458 2697; x_wconf 88' lang='lat' dir='ltr'>pecu-</span> 
     </span>
     <span class='ocr_line' id='line_1_26' title="bbox 187 2698 1459 2782; baseline 0.002 -14"><span class='ocrx_word' id='word_1_238' title='bbox 187 2704 274 2768; x_wconf 86' lang='lat' dir='ltr'>niam</span> <span class='ocrx_word' id='word_1_239' title='bbox 302 2703 362 2766; x_wconf 90' lang='lat' dir='ltr'>alio</span> <span class='ocrx_word' id='word_1_240' title='bbox 384 2698 628 2765; x_wconf 80' lang='lat' dir='ltr'>transferendam</span> <span class='ocrx_word' id='word_1_241' title='bbox 650 2715 778 2779; x_wconf 88' lang='lat' dir='ltr'>eamque</span> <span class='ocrx_word' id='word_1_242' title='bbox 803 2700 1048 2762; x_wconf 88' lang='lat' dir='ltr'>assecurandam.</span> <span class='ocrx_word' id='word_1_243' title='bbox 1076 2736 1116 2748; x_wconf 89' lang='lat'>-</span> <span class='ocrx_word' id='word_1_244' title='bbox 1147 2703 1183 2765; x_wconf 89' lang='lat' dir='ltr'>V.</span> <span class='ocrx_word' id='word_1_245' title='bbox 1204 2701 1313 2782; x_wconf 81' lang='lat' dir='ltr'>Cosas,</span> <span class='ocrx_word' id='word_1_246' title='bbox 1339 2725 1373 2768; x_wconf 81' lang='lat' dir='ltr'>a.</span> <span class='ocrx_word' id='word_1_247' title='bbox 1399 2708 1459 2770; x_wconf 81' lang='grc'>998</span> 
     </span>
    </p>
   </div>
   <div class='ocr_carea' id='block_1_7' title="bbox 187 2803 287 2876">
    <p class='ocr_par' dir='ltr' id='par_1_12' title="bbox 187 2803 287 2876">
     <span class='ocr_line' id='line_1_27' title="bbox 187 2803 287 2876; baseline -0.03 -19"><span class='ocrx_word' id='word_1_248' title='bbox 187 2803 216 2857; x_wconf 84' lang='lat' dir='ltr'>et</span> <span class='ocrx_word' id='word_1_249' title='bbox 227 2813 287 2876; x_wconf 82' lang='lat' dir='ltr'>seq.</span> 
     </span>
    </p>
   </div>
   <div class='ocr_carea' id='block_1_8' title="bbox 703 2941 938 3018">
    <p class='ocr_par' dir='ltr' id='par_1_13' title="bbox 703 2941 938 3018">
     <span class='ocr_line' id='line_1_28' title="bbox 703 2941 938 3018; baseline -0.009 0"><span class='ocrx_word' id='word_1_250' title='bbox 703 2941 878 3018; x_wconf 83' lang='lat' dir='ltr'><strong>CAPUT</strong></span> <span class='ocrx_word' id='word_1_251' title='bbox 905 2943 938 3016; x_wconf 88' lang='lat' dir='ltr'>V</span> 
     </span>
    </p>
   </div>
   <div class='ocr_carea' id='block_1_9' title="bbox 728 3141 912 3193">
    <p class='ocr_par' dir='ltr' id='par_1_14' title="bbox 728 3141 912 3193">
     <span class='ocr_line' id='line_1_29' title="bbox 728 3141 912 3193; baseline -0.016 0"><span class='ocrx_word' id='word_1_252' title='bbox 728 3141 774 3193; x_wconf 86' lang='lat' dir='ltr'>DE</span> <span class='ocrx_word' id='word_1_253' title='bbox 799 3141 912 3192; x_wconf 87' lang='lat' dir='ltr'>CENSU</span> 
     </span>
    </p>
   </div>
   <div class='ocr_carea' id='block_1_10' title="bbox 184 3311 1550 4546">
    <p class='ocr_par' dir='ltr' id='par_1_15' title="bbox 186 3311 1456 3485">
     <span class='ocr_line' id='line_1_30' title="bbox 226 3311 1456 3399; baseline -0.001 -20"><span class='ocrx_word' id='word_1_254' title='bbox 226 3320 297 3380; x_wconf 87' lang='grc'><strong>931.</strong></span> <span class='ocrx_word' id='word_1_255' title='bbox 312 3344 352 3361; x_wconf 87' lang='grc'><strong>-</strong></span> <span class='ocrx_word' id='word_1_256' title='bbox 366 3317 481 3378; x_wconf 87' lang='lat' dir='ltr'>Census</span> <span class='ocrx_word' id='word_1_257' title='bbox 494 3319 541 3376; x_wconf 90' lang='lat' dir='ltr'>est</span> <span class='ocrx_word' id='word_1_258' title='bbox 548 3316 601 3395; x_wconf 92' lang='lat' dir='ltr'>jus</span> <span class='ocrx_word' id='word_1_259' title='bbox 612 3311 790 3394; x_wconf 84' lang='lat' dir='ltr'>pensionem</span> <span class='ocrx_word' id='word_1_260' title='bbox 804 3329 941 3375; x_wconf 85' lang='lat' dir='ltr'>annuam</span> <span class='ocrx_word' id='word_1_261' title='bbox 955 3312 1139 3393; x_wconf 88' lang='lat' dir='ltr'>percipiendi</span> <span class='ocrx_word' id='word_1_262' title='bbox 1153 3333 1191 3376; x_wconf 85' lang='lat' dir='ltr'>ex</span> <span class='ocrx_word' id='word_1_263' title='bbox 1208 3334 1241 3378; x_wconf 88' lang='lat' dir='ltr'>re</span> <span class='ocrx_word' id='word_1_264' title='bbox 1259 3318 1308 3381; x_wconf 87' lang='lat' dir='ltr'>vel</span> <span class='ocrx_word' id='word_1_265' title='bbox 1321 3337 1456 3399; x_wconf 87' lang='lat' dir='ltr'>persona.</span> 
     </span>
     <span class='ocr_line' id='line_1_31' title="bbox 186 3399 827 3485; baseline -0.011 -16"><span class='ocrx_word' id='word_1_266' title='bbox 186 3407 301 3470; x_wconf 83' lang='lat' dir='ltr'>Census</span> <span class='ocrx_word' id='word_1_267' title='bbox 312 3409 411 3485; x_wconf 88' lang='lat' dir='ltr'>potest</span> <span class='ocrx_word' id='word_1_268' title='bbox 424 3419 488 3464; x_wconf 89' lang='lat' dir='ltr'>esse</span> <span class='ocrx_word' id='word_1_269' title='bbox 500 3400 677 3482; x_wconf 84' lang='lat' dir='ltr'>multiplex,</span> <span class='ocrx_word' id='word_1_270' title='bbox 693 3399 805 3463; x_wconf 91' lang='lat' dir='ltr'>scilicet</span> <span class='ocrx_word' id='word_1_271' title='bbox 818 3421 827 3462; x_wconf 90' lang='lat'>:</span> 
     </span>
    </p>

    <p class='ocr_par' dir='ltr' id='par_1_16' title="bbox 186 3489 1458 3646">
     <span class='ocr_line' id='line_1_32' title="bbox 227 3489 1458 3574; baseline 0.004 -18"><span class='ocrx_word' id='word_1_272' title='bbox 227 3499 261 3556; x_wconf 91' lang='grc'>10</span> <span class='ocrx_word' id='word_1_273' title='bbox 279 3493 505 3566; x_wconf 81' lang='lat' dir='ltr'>Reservativm,</span> <span class='ocrx_word' id='word_1_274' title='bbox 528 3490 560 3552; x_wconf 90' lang='lat' dir='ltr'>id</span> <span class='ocrx_word' id='word_1_275' title='bbox 580 3496 626 3552; x_wconf 91' lang='lat' dir='ltr'>est</span> <span class='ocrx_word' id='word_1_276' title='bbox 644 3489 749 3570; x_wconf 88' lang='lat' dir='ltr'>pensio</span> <span class='ocrx_word' id='word_1_277' title='bbox 769 3508 873 3553; x_wconf 88' lang='lat' dir='ltr'>annua</span> <span class='ocrx_word' id='word_1_278' title='bbox 892 3489 1083 3571; x_wconf 89' lang='lat' dir='ltr'>percipienda</span> <span class='ocrx_word' id='word_1_279' title='bbox 1101 3509 1187 3554; x_wconf 86' lang='lat' dir='ltr'>exre</span> <span class='ocrx_word' id='word_1_280' title='bbox 1206 3495 1311 3574; x_wconf 86' lang='lat' dir='ltr'>quood</span> <span class='ocrx_word' id='word_1_281' title='bbox 1328 3496 1458 3560; x_wconf 80' lang='lat' dir='ltr'>iundcun</span> 
     </span>
     <span class='ocr_line' id='line_1_33' title="bbox 186 3581 327 3646; baseline -0.021 0"><span class='ocrx_word' id='word_1_282' title='bbox 186 3581 327 3646; x_wconf 88' lang='lat' dir='ltr'>alienata.</span> 
     </span>
    </p>

    <p class='ocr_par' dir='ltr' id='par_1_17' title="bbox 185 3667 1460 3839">
     <span class='ocr_line' id='line_1_34' title="bbox 225 3667 1460 3753; baseline 0.001 -19"><span class='ocrx_word' id='word_1_283' title='bbox 225 3674 259 3734; x_wconf 76' lang='grc'>10</span> <span class='ocrx_word' id='word_1_284' title='bbox 275 3668 523 3750; x_wconf 81' lang='lat' dir='ltr'>Coocipoctiocs,</span> <span class='ocrx_word' id='word_1_285' title='bbox 543 3667 575 3731; x_wconf 92' lang='lat' dir='ltr'>id</span> <span class='ocrx_word' id='word_1_286' title='bbox 595 3670 640 3730; x_wconf 89' lang='lat' dir='ltr'>est</span> <span class='ocrx_word' id='word_1_287' title='bbox 657 3667 762 3748; x_wconf 90' lang='lat' dir='ltr'>pensio</span> <span class='ocrx_word' id='word_1_288' title='bbox 783 3685 887 3729; x_wconf 89' lang='lat' dir='ltr'>annua</span> <span class='ocrx_word' id='word_1_289' title='bbox 899 3668 1092 3750; x_wconf 88' lang='lat' dir='ltr'>percipienda</span> <span class='ocrx_word' id='word_1_290' title='bbox 1108 3687 1146 3733; x_wconf 80' lang='lat' dir='ltr'>eu</span> <span class='ocrx_word' id='word_1_291' title='bbox 1165 3673 1261 3734; x_wconf 77' lang='lat' dir='ltr'>revel</span> <span class='ocrx_word' id='word_1_292' title='bbox 1279 3691 1318 3735; x_wconf 77' lang='lat' dir='ltr'>es</span> <span class='ocrx_word' id='word_1_293' title='bbox 1334 3691 1460 3753; x_wconf 83' lang='lat' dir='ltr'>persona</span> 
     </span>
     <span class='ocr_line' id='line_1_35' title="bbox 185 3757 511 3839; baseline -0.009 -17"><span class='ocrx_word' id='word_1_294' title='bbox 185 3779 224 3822; x_wconf 83' lang='lat' dir='ltr'>ex</span> <span class='ocrx_word' id='word_1_295' title='bbox 234 3759 324 3822; x_wconf 82' lang='lat' dir='ltr'>titulo</span> <span class='ocrx_word' id='word_1_296' title='bbox 336 3757 511 3839; x_wconf 85' lang='lat' dir='ltr'>emptionis.</span> 
     </span>
    </p>

    <p class='ocr_par' dir='ltr' id='par_1_18' title="bbox 184 3845 1550 4020">
     <span class='ocr_line' id='line_1_36' title="bbox 227 3845 1550 3928; baseline 0 -16"><span class='ocrx_word' id='word_1_297' title='bbox 227 3853 259 3912; x_wconf 87' lang='lat'>3⁰</span> <span class='ocrx_word' id='word_1_298' title='bbox 274 3847 388 3924; x_wconf 84' lang='lat' dir='ltr'>Realis,</span> <span class='ocrx_word' id='word_1_299' title='bbox 405 3847 454 3909; x_wconf 88' lang='grc'>001</span> <span class='ocrx_word' id='word_1_300' title='bbox 464 3845 644 3928; x_wconf 76' lang='lat' dir='ltr'>personalis,</span> <span class='ocrx_word' id='word_1_301' title='bbox 661 3845 753 3925; x_wconf 89' lang='lat' dir='ltr'>prout</span> <span class='ocrx_word' id='word_1_302' title='bbox 767 3845 871 3926; x_wconf 91' lang='lat' dir='ltr'>pensio</span> <span class='ocrx_word' id='word_1_303' title='bbox 885 3846 919 3908; x_wconf 91' lang='lat' dir='ltr'>in</span> <span class='ocrx_word' id='word_1_304' title='bbox 933 3865 965 3908; x_wconf 89' lang='lat' dir='ltr'>re</span> <span class='ocrx_word' id='word_1_305' title='bbox 978 3845 1124 3928; x_wconf 80' lang='lat' dir='ltr'>frugifera</span> <span class='ocrx_word' id='word_1_306' title='bbox 1136 3847 1351 3920; x_wconf 85' lang='lat' dir='ltr'>constituitur,</span> <span class='ocrx_word' id='word_1_307' title='bbox 1367 3853 1414 3914; x_wconf 78' lang='lat' dir='ltr'>sel</span> <span class='ocrx_word' id='word_1_308' title='bbox 1430 3853 1460 3913; x_wconf 89' lang='grc'>10</span> <span class='ocrx_word' id='word_1_309' title='bbox 1549 3919 1550 3922; x_wconf 11' lang='lat'>¹</span> 
     </span>
     <span class='ocr_line' id='line_1_37' title="bbox 184 3933 1550 4020; baseline -0.001 -20"><span class='ocrx_word' id='word_1_310' title='bbox 184 3956 321 4020; x_wconf 75' lang='lat' dir='ltr'>personae</span> <span class='ocrx_word' id='word_1_311' title='bbox 334 3936 435 3999; x_wconf 89' lang='lat' dir='ltr'>labore</span> <span class='ocrx_word' id='word_1_312' title='bbox 449 3942 479 3998; x_wconf 93' lang='lat' dir='ltr'>et</span> <span class='ocrx_word' id='word_1_313' title='bbox 490 3933 645 3998; x_wconf 85' lang='lat' dir='ltr'>industria</span> <span class='ocrx_word' id='word_1_314' title='bbox 1202 3975 1206 3984; x_wconf 88' lang='lat'><strong>·</strong></span> <span class='ocrx_word' id='word_1_315' title='bbox 1549 3949 1550 3956; x_wconf 75' lang='grc'>’</span> 
     </span>
    </p>

    <p class='ocr_par' dir='ltr' id='par_1_19' title="bbox 185 4023 1461 4197">
     <span class='ocr_line' id='line_1_38' title="bbox 226 4023 1461 4108; baseline 0.001 -18"><span class='ocrx_word' id='word_1_316' title='bbox 226 4031 257 4090; x_wconf 86' lang='grc'>10</span> <span class='ocrx_word' id='word_1_317' title='bbox 282 4025 509 4108; x_wconf 72' lang='lat' dir='ltr'>Ymporam&#39;us,</span> <span class='ocrx_word' id='word_1_318' title='bbox 535 4023 787 4106; x_wconf 62' lang='grc'><strong>0010000100,</strong></span> <span class='ocrx_word' id='word_1_319' title='bbox 814 4027 868 4086; x_wconf 89' lang='lat' dir='ltr'>aut</span> <span class='ocrx_word' id='word_1_320' title='bbox 889 4024 1059 4100; x_wconf 82' lang='lat' dir='ltr'>vitolr&#39;tios,</span> <span class='ocrx_word' id='word_1_321' title='bbox 1082 4032 1174 4107; x_wconf 86' lang='lat' dir='ltr'>prout</span> <span class='ocrx_word' id='word_1_322' title='bbox 1192 4027 1400 4094; x_wconf 84' lang='lat' dir='ltr'>constituitur</span> <span class='ocrx_word' id='word_1_323' title='bbox 1426 4032 1461 4092; x_wconf 86' lang='lat' dir='ltr'>ad</span> 
     </span>
     <span class='ocr_line' id='line_1_39' title="bbox 185 4111 1400 4197; baseline 0.002 -18"><span class='ocrx_word' id='word_1_324' title='bbox 185 4123 323 4197; x_wconf 87' lang='lat' dir='ltr'>tempus,</span> <span class='ocrx_word' id='word_1_325' title='bbox 336 4133 368 4178; x_wconf 92' lang='grc'>0.</span> <span class='ocrx_word' id='word_1_326' title='bbox 384 4131 443 4194; x_wconf 66' lang='lat' dir='ltr'>gr„</span> <span class='ocrx_word' id='word_1_327' title='bbox 459 4114 498 4176; x_wconf 88' lang='lat' dir='ltr'>ad</span> <span class='ocrx_word' id='word_1_328' title='bbox 514 4117 554 4176; x_wconf 76' lang='grc'><strong>19</strong></span> <span class='ocrx_word' id='word_1_329' title='bbox 568 4129 681 4186; x_wconf 78' lang='lat' dir='ltr'>annm,</span> <span class='ocrx_word' id='word_1_330' title='bbox 698 4112 745 4175; x_wconf 86' lang='lat' dir='ltr'>vel</span> <span class='ocrx_word' id='word_1_331' title='bbox 757 4111 1006 4194; x_wconf 87' lang='lat' dir='ltr'>inperpetuum,</span> <span class='ocrx_word' id='word_1_332' title='bbox 1019 4115 1067 4177; x_wconf 77' lang='lat' dir='ltr'>vel</span> <span class='ocrx_word' id='word_1_333' title='bbox 1083 4115 1122 4178; x_wconf 87' lang='lat' dir='ltr'>ad</span> <span class='ocrx_word' id='word_1_334' title='bbox 1134 4115 1232 4178; x_wconf 88' lang='lat' dir='ltr'>vitam</span> <span class='ocrx_word' id='word_1_335' title='bbox 1246 4115 1400 4182; x_wconf 90' lang='lat' dir='ltr'>hominis.</span> 
     </span>
    </p>

    <p class='ocr_par' dir='ltr' id='par_1_20' title="bbox 184 4201 1548 4546">
     <span class='ocr_line' id='line_1_40' title="bbox 226 4201 1460 4283; baseline 0 -14"><span class='ocrx_word' id='word_1_336' title='bbox 226 4210 259 4269; x_wconf 82' lang='lat'>5⁰</span> <span class='ocrx_word' id='word_1_337' title='bbox 282 4201 473 4267; x_wconf 74' lang='lat' dir='ltr'>Redemibilio</span> <span class='ocrx_word' id='word_1_338' title='bbox 492 4221 530 4264; x_wconf 85' lang='lat' dir='ltr'>ex</span> <span class='ocrx_word' id='word_1_339' title='bbox 553 4217 615 4263; x_wconf 84' lang='lat' dir='ltr'>uua</span> <span class='ocrx_word' id='word_1_340' title='bbox 634 4201 681 4263; x_wconf 86' lang='lat' dir='ltr'>vel</span> <span class='ocrx_word' id='word_1_341' title='bbox 702 4207 833 4281; x_wconf 88' lang='lat' dir='ltr'>utraque</span> <span class='ocrx_word' id='word_1_342' title='bbox 857 4208 958 4282; x_wconf 85' lang='lat' dir='ltr'>porte,</span> <span class='ocrx_word' id='word_1_343' title='bbox 979 4209 1070 4283; x_wconf 89' lang='lat' dir='ltr'>prout</span> <span class='ocrx_word' id='word_1_344' title='bbox 1085 4204 1124 4267; x_wconf 89' lang='lat' dir='ltr'>ad</span> <span class='ocrx_word' id='word_1_345' title='bbox 1142 4211 1259 4268; x_wconf 89' lang='lat' dir='ltr'>nutum</span> <span class='ocrx_word' id='word_1_346' title='bbox 1277 4207 1460 4271; x_wconf 80' lang='lat' dir='ltr'>alterutrius</span> 
     </span>
     <span class='ocr_line' id='line_1_41' title="bbox 184 4288 1548 4372; baseline 0.002 -18"><span class='ocrx_word' id='word_1_347' title='bbox 184 4293 233 4355; x_wconf 81' lang='lat' dir='ltr'>vei</span> <span class='ocrx_word' id='word_1_348' title='bbox 256 4292 418 4372; x_wconf 89' lang='lat' dir='ltr'>utriusque</span> <span class='ocrx_word' id='word_1_349' title='bbox 438 4288 550 4353; x_wconf 89' lang='lat' dir='ltr'>redimi</span> <span class='ocrx_word' id='word_1_350' title='bbox 570 4294 685 4370; x_wconf 90' lang='lat' dir='ltr'>potest:</span> <span class='ocrx_word' id='word_1_351' title='bbox 702 4290 750 4351; x_wconf 88' lang='lat' dir='ltr'>vel</span> <span class='ocrx_word' id='word_1_352' title='bbox 770 4289 1000 4370; x_wconf 81' lang='lat' dir='ltr'>irredimibilis,</span> <span class='ocrx_word' id='word_1_353' title='bbox 1022 4293 1050 4354; x_wconf 91' lang='lat' dir='ltr'>si</span> <span class='ocrx_word' id='word_1_354' title='bbox 1070 4311 1108 4356; x_wconf 84' lang='lat' dir='ltr'>ex</span> <span class='ocrx_word' id='word_1_355' title='bbox 1133 4297 1219 4372; x_wconf 88' lang='lat' dir='ltr'>pacto</span> <span class='ocrx_word' id='word_1_356' title='bbox 1241 4294 1392 4360; x_wconf 84' lang='lat' dir='ltr'>venditor</span> <span class='ocrx_word' id='word_1_357' title='bbox 1409 4315 1459 4360; x_wconf 83' lang='lat' dir='ltr'>seu</span> <span class='ocrx_word' id='word_1_358' title='bbox 1547 4351 1548 4370; x_wconf 66' lang='grc'><strong>,</strong></span> 
     </span>
     <span class='ocr_line' id='line_1_42' title="bbox 186 4377 1461 4467; baseline 0.005 -28"><span class='ocrx_word' id='word_1_359' title='bbox 186 4380 363 4440; x_wconf 87' lang='lat' dir='ltr'>censuarius</span> <span class='ocrx_word' id='word_1_360' title='bbox 378 4398 410 4440; x_wconf 89' lang='lat' dir='ltr'>se</span> <span class='ocrx_word' id='word_1_361' title='bbox 422 4379 550 4441; x_wconf 88' lang='lat' dir='ltr'>liberare</span> <span class='ocrx_word' id='word_1_362' title='bbox 564 4396 626 4440; x_wconf 89' lang='lat' dir='ltr'>non</span> <span class='ocrx_word' id='word_1_363' title='bbox 643 4378 738 4458; x_wconf 91' lang='lat' dir='ltr'>possit</span> <span class='ocrx_word' id='word_1_364' title='bbox 755 4395 808 4459; x_wconf 89' lang='lat' dir='ltr'>per</span> <span class='ocrx_word' id='word_1_365' title='bbox 825 4377 964 4459; x_wconf 87' lang='lat' dir='ltr'>capitalis</span> <span class='ocrx_word' id='word_1_366' title='bbox 981 4379 1226 4444; x_wconf 85' lang='lat' dir='ltr'>restitutionem:</span> <span class='ocrx_word' id='word_1_367' title='bbox 1243 4387 1322 4445; x_wconf 91' lang='lat' dir='ltr'>tunc</span> <span class='ocrx_word' id='word_1_368' title='bbox 1338 4393 1461 4467; x_wconf 84' lang='lat' dir='ltr'>emptor</span> 
     </span>
     <span class='ocr_line' id='line_1_43' title="bbox 188 4465 1099 4546; baseline 0.008 -22"><span class='ocrx_word' id='word_1_369' title='bbox 188 4481 243 4524; x_wconf 82' lang='lat' dir='ltr'>seu</span> <span class='ocrx_word' id='word_1_370' title='bbox 256 4465 436 4526; x_wconf 86' lang='lat' dir='ltr'>censualista</span> <span class='ocrx_word' id='word_1_371' title='bbox 450 4465 617 4528; x_wconf 87' lang='lat' dir='ltr'>necessario</span> <span class='ocrx_word' id='word_1_372' title='bbox 627 4467 678 4546; x_wconf 86' lang='lat' dir='ltr'>jus</span> <span class='ocrx_word' id='word_1_373' title='bbox 693 4484 785 4528; x_wconf 89' lang='lat' dir='ltr'>suum</span> <span class='ocrx_word' id='word_1_374' title='bbox 800 4465 833 4528; x_wconf 90' lang='lat' dir='ltr'>in</span> <span class='ocrx_word' id='word_1_375' title='bbox 847 4485 974 4530; x_wconf 89' lang='lat' dir='ltr'>censum</span> <span class='ocrx_word' id='word_1_376' title='bbox 989 4475 1099 4532; x_wconf 88' lang='lat' dir='ltr'>servat.</span> 
     </span>
    </p>
   </div>
   <div class='ocr_carea' id='block_1_11' title="bbox 0 0 1572 5034">
    <p class='ocr_par' dir='ltr' id='par_1_21' title="bbox 0 0 1572 5034">
     <span class='ocr_line' id='line_1_44' title="bbox 0 0 1572 5034; baseline 0 0"><span class='ocrx_word' id='word_1_377' title='bbox 0 0 1572 5034; x_wconf 95' lang='lat' dir='ltr'> </span> 
     </span>
    </p>
   </div>
  </div>
 </body>
</html>
