3216 5020
633 290 676 333 DE
701 287 874 334 ruccarls

614 447 694 518 VII.
718 449 767 516 De
787 447 890 516 Gula

114 607 120 614 ·
151 589 224 650 180.
236 622 277 631 —
293 585 373 649 Galo
386 592 432 648 ert
446 585 640 648 inordinatus
655 586 809 668 appetitus
819 583 880 648 eibi
895 585 942 647 rel
957 591 1057 665 potus.

152 674 297 756 Quinque
312 674 462 756 praecipue
477 673 576 736 modis
596 674 711 738 vitium
732 673 961 738 committitur:
980 679 1012 736 1⁰
1031 673 1058 735 si
1073 673 1143 736 edas
1157 680 1228 736 ante
1248 680 1385 756 tempus;

108 769 145 828 2⁰
160 764 187 826 si
201 763 299 825 nimis
313 762 486 844 exquisita;
504 767 536 826 3ο
551 761 577 824 si
592 763 664 843 plus
677 781 779 844 aqum
795 768 829 826 t⁰
842 761 868 824 si
883 761 1045 838 voraeitsr3
1061 767 1094 826 5⁰
1109 762 1136 824 si
1154 761 1264 844 majori
1281 762 1388 826 indus-

109 852 174 916 tria
186 856 365 933 preparata.
382 855 452 914 Hae
469 851 503 912 in
518 852 657 932 sequenti
671 870 762 914 versu
777 850 994 914 eontinentur:

382 982 577 1056 Praepropere,
591 981 685 1050 laute,
699 981 803 1050 nimis,
819 979 961 1048 ardenter,
978 979 1116 1036 studiose.

152 1105 211 1163 Est
223 1105 382 1181 peecatum
396 1101 513 1162 veniale
528 1119 565 1163 ex
579 1119 686 1180 genere
705 1119 770 1163 suo.
787 1100 838 1163 Fit
851 1107 956 1162 autem
970 1119 1076 1180 grave,
1097 1100 1123 1162 si
1138 1100 1271 1179 graviter
1285 1109 1389 1164 noceat

112 1189 258 1264 sanitati,
270 1191 333 1250 'aut
347 1189 374 1251 si
389 1207 482 1270 quem
496 1190 536 1250 ad
553 1188 649 1251 officia
661 1189 803 1269 ineptum
822 1189 938 1251 reddat.
954 1193 1059 1252 Peooat
1073 1189 1129 1268 qui
1150 1189 1316 1251 manducat
1333 1196 1388 1252 aut

111 1278 195 1341 bibit
209 1295 308 1357 usque
322 1279 360 1340 ad
376 1278 551 1340 satietatem
570 1279 607 1340 ob
625 1277 721 1340 solam
735 1277 938 1358 voluptatem,
954 1284 992 1339 ut
1007 1282 1126 1340 constat
1145 1295 1183 1339 ex
1200 1296 1285 1358 prop.
1302 1282 1334 1342 8a
1350 1278 1387 1340 ab

111 1368 219 1430 laneo.
243 1365 292 1429 XI
311 1367 472 1440 damnata;
496 1373 634 1428 attamen
655 1384 708 1446 per
729 1383 760 1428 se
779 1364 897 1428 veniale
911 1383 973 1428 uon
994 1365 1122 1428 exeedit.
1138 1401 1179 1410 -
1195 1366 1245 1427 Ito
1260 1385 1386 1428 eommu-

112 1458 205 1518 πιὼν.
221 1491 261 1502 -
272 1456 379 1518 Recole
393 1456 474 1516 dicto
485 1459 519 1515 in
535 1463 622 1517 tract.
638 1455 751 1516 otvot.
769 1454 861 1523 dum..
875 1475 907 1516 o.
921 1458 972 1517 28.

152 1543 244 1606 Filia
259 1545 338 1624 gulae
352 1551 427 1607 sunt
438 1543 587 1617 ebriatae,
604 1545 642 1605 de
655 1561 717 1624 qua
730 1561 803 1605 mox
820 1541 937 1617 iasine,
954 1543 1105 1605 hebetudo
1125 1544 1257 1617 mentis,
1275 1543 1388 1606 scurri-

112 1634 200 1707 litas,
214 1632 466 1713 multiloquium,
483 1637 514 1694 et
527 1631 731 1694 immunditia
747 1630 910 1712 cujuslibet
922 1631 1053 1710 generis.

152 1722 297 1784 Remedio
309 1742 322 1782 .·
336 1721 524 1784 considerem
543 1719 690 1800 pessimos
708 1720 786 1799 gule
799 1719 924 1782 effeetus
943 1720 1042 1799 quoad
1056 1737 1163 1799 eorpus
1182 1726 1213 1782 et
1233 1720 1385 1796 animam;

112 1848 152 1857 -
167 1811 351 1874 mortificare
365 1827 502 1885 onmem,
519 1807 687 1888 presertim
708 1809 742 1870 in
761 1806 921 1870 reiectione
932 1807 1079 1887 coeperim
1099 1843 1138 1852 -
1154 1809 1305 1871 reeordari
1328 1807 1343 1870 f
1374 1843 1387 1854 ·

111 1907 244 1980 quenter
257 1900 295 1961 de
309 1905 422 1973 morte,
439 1917 492 1960 seu
509 1898 546 1960 de
562 1896 754 1978 eonarptione
770 1895 901 1976 corporis
917 1913 989 1958 mor
1002 1895 1161 1958 futura-
1178 1895 1245 1960 Vici.
1265 1896 1301 1958 S.
1315 1897 1384 1979 Liq.

110 2011 141 2050 ιι.
159 1993 210 2051 it.

624 2121 881 2200 APPENDIX

594 2311 645 2360 DE
672 2311 909 2361 EBRIETATE

155 2487 228 2547 181.
242 2517 281 2526 -
294 2479 433 2543 Ebrietas
447 2485 493 2542 est
509 2475 855 2542 voluntarius'exiessus
869 2479 903 2540 in
918 2484 992 2559 potu
1007 2496 1104 2560 usque
1121 2480 1159 2542 ad
1175 2479 1304 2542 rationis
1324 2477 1387 2560 pri·

111 2571 270 2635 rationem
281 2581 303 2630 ¹.
318 2603 360 2614 -
370 2569 420 2632 Ito
433 2572 639 2630 communiter.
650 2605 689 2615 -
703 2568 739 2630 S.
756 2569 825 2649 Lip.
841 2589 872 2629 a.
889 2571 939 2632 ¹15.

152 2659 294 2722 Ebrietas
316 2657 462 2738 perfecta,
485 2674 595 2737 nempe
617 2675 714 2738 usque
737 2658 776 2720 ad
804 2657 933 2719 rationis
963 2655 1168 2737 privationem
1192 2657 1386 2738 pertingens,

111 2755 273 2830 peecatum
287 2765 377 2826 grave
395 2753 442 2808 est
453 2766 509 2827 per
522 2765 563 2807 se.
579 2749 705 2809 Constat
718 2750 750 2808 1⁰
770 2765 808 2808 err
828 2743 961 2820 ratione;
986 2745 1158 2807 voluntarie
1180 2745 1263 2808 enim
1283 2765 1314 2808 se
1329 2765 1389 2808 usu

112 2837 241 2900 rationis
261 2834 398 2916 privare,
422 2835 508 2898 iliam
539 2835 628 2897 modo
659 2833 792 2896 violento
820 2839 851 2895 et
877 2831 1047 2895 innaturali
1072 2833 1293 2913 perturbando,
1321 2853 1389 2914 gra-

112 2925 194 2988 uiter
213 2932 334 2986 naturae
353 2922 497 2987 rationali
514 2929 675 3004 repugnat.
695 2922 791 2983 Homo
813 2921 898 2984 enim
922 2920 965 2983 sie
983 2921 1022 2982 ad
1040 2921 1205 2983 brutorum
1226 2928 1343 2985 statum
1358 2941 1389 2985 se

111 3013 231 3095 defficit,
250 3011 364 3092 Deique
386 3011 556 3093 imaginem
577 3011 612 3074 in
636 3029 667 3073 se
689 3011 842 3090 deturpat.
855 3045 894 3054 -
908 3008 944 3071 S.
971 3009 1051 3090 Lip„
1075 3029 1107 3070 o.
1128 3014 1183 3085 75,
1199 3021 1228 3072 et
1241 3009 1299 3072 otii
1312 3031 1390 3074 com·

110 3121 297 3164 manissime.

152 3193 281 3254 Constat
303 3193 336 3252 2⁰
357 3209 396 3252 err
411 3187 567 3269 Scriptura
589 3207 688 3263 saera,
710 3189 724 3249 1
742 3189 809 3250 Gor.
834 3205 882 3262 rr,
905 3192 963 3250 10:
979 3185 1084 3268 Neque
1103 3187 1247 3252 ebriosi...
1263 3205 1390 3269 repoum

109 3279 174 3342 Dei
192 3279 453 3362 possidebant-
476 3281 515 3340 Et
536 3278 621 3340 Isaiae
645 3297 676 3351 v,
700 3281 736 3340 ii
751 3296 758 3338 ε
772 3283 822 3338 Voe
844 3275 902 3356 qui
917 3278 1099 3356 oonourpitis
1120 3297 1207 3339 mooe
1228 3277 1269 3339 od
1287 3277 1389 3338 ebrie-

111 3377 206 3430 tatem
219 3367 426 3430 sectandam...
450 3369 540 3428 Porro
558 3365 767 3447 particulare
783 3363 818 3426 in
832 3363 988 3444 Scriptura
1000 3383 1084 3427 saera
1101 3365 1322 3446 gravissimum
1336 3363 1387 3424 de-

109 3461 201 3520 notat
215 3457 346 3519 malum.

151 3545 331 3626 Imperfeeta
344 3551 449 3608 autem
463 3541 603 3616 ebrietaS,
618 3561 679 3623 qua
695 3559 782 3604 mens
793 3540 938 3622 equidem
949 3541 1158 3622 perturbatur,
1175 3547 1207 3602 at
1221 3539 1388 3602 discernere

108 3633 213 3696 adhue
233 3634 315 3696 valet
332 3633 414 3695 inter
427 3632 546 3694 bonum
564 3637 595 3692 et
608 3630 742 3704 malum,
759 3648 813 3710 per
832 3648 862 3691 se
881 3635 1040 3711 peecatum
1060 3636 1106 3692 est
1120 3628 1237 3696 veniale
1251 3634 1385 3691 tantauu.

109 3759 150 3768 -
165 3722 216 3784 Ito
228 3725 432 3784 communiter.
448 3756 489 3766 -
505 3720 541 3782 S.
554 3720 638 3802 Lep,
655 3718 733 3780 ibid.

236 3865 434 3944 Quaestta.

151 4000 223 4060 182.
234 4033 274 4040 —
286 3999 387 4072 Quen.
405 4001 438 4057 1⁰
455 3994 597 4071 Ouoeoom
611 3996 672 4053 sint
684 3996 774 4074 sipoo
785 3991 940 4054 ebrietatis
946 3990 1115 4074 perfeeto?

149 4086 245 4167 Hesp.
260 4111 271 4144 .·
285 4083 488 4147 Perhibentur
509 4080 683 4163 sequentia,
700 4080 814 4144 seilicet
838 4085 870 4143 1⁰
894 4080 1008 4142 nescire
1027 4079 1214 4158 distinguere
1236 4078 1388 4141 borrume

142 4281 152 4316 ¹
170 4279 262 4330 Plures
274 4277 424 4328 auctoritate
435 4275 508 4338 freti,
523 4277 552 4325 ut
566 4273 614 4338 ipsi
626 4273 792 4334 arbitrantur,
807 4273 832 4325 S.
845 4272 948 4324 Thomae
963 4272 1000 4336 (1.
1013 4277 1046 4332 2..
1060 4285 1085 4336 q.
1103 4275 1147 4334 88,
1165 4283 1189 4321 a.
1208 4276 1236 4322 5.
1249 4271 1286 4321 od
1299 4270 1325 4334 l)
1342 4270 1387 4321 ad-

106 4353 192 4403 dunt:
208 4365 240 4400 eo
251 4348 308 4398 soto
322 4350 379 4398 vini
393 4347 535 4411 uoluptate.
548 4344 684 4408 Quocirca,
698 4345 742 4408 qut
756 4343 939 4396 adhibendum
953 4343 985 4394 ab
1001 4339 1090 4392 amieis
1105 4345 1255 4408 provocatus
1267 4356 1299 4392 ex
1316 4355 1387 4393 mera

106 4421 226 4474 vanitate
241 4423 340 4484 potaret
359 4431 441 4483 usque
459 4417 493 4468 ad
510 4415 617 4466 rationis
636 4415 822 4480 privationem,
839 4411 1064 4477 imtemperantiae,
1083 4427 1135 4464 non
1154 4419 1241 4464 autern
1257 4411 1387 4464 ebrietatis

109 4493 175 4545 vitio
186 4503 304 4556 peeeasse
314 4490 436 4541 dicendus
449 4494 522 4540 esset.
538 4487 573 4540 De
584 4485 632 4538 hae
643 4487 768 4538 sententio
779 4487 836 4536 fuse
848 4488 940 4535 tractat
952 4487 1039 4534 auetor-
1056 4484 1234 4535 Vz'ndr'cimam
1246 4483 1386 4536 Gototioo.

111 4580 141 4630 p.
157 4565 301 4628 2‚propos.
315 4566 355 4612 tt.
