3136 5034
557 268 600 312 ns
621 265 892 313 corrosoribus
1292 255 1359 314 t't't

129 383 219 463 Hesp.
235 381 260 441 A
266 378 378 460 ffirm,
395 377 467 460 qnia
483 377 604 441 nullum
620 377 793 440 intercessit
811 383 936 458 pactum
955 377 992 440 de
1010 379 1127 458 peccato
1145 379 1307 457 patrando,
1329 385 1360 442 et

87 470 216 552 proinde
230 467 354 531 donatio
363 466 488 530 omnino
501 465 633 528 liberalis
645 465 785 528 habenda
798 469 857 540 est,
874 479 946 528 cnm
964 465 1076 527 mulier
1089 464 1168 527 nihil
1183 484 1307 546 prorsus
1322 485 1360 530 ex

88 579 147 622 scra
162 561 246 639 parte
258 555 443 638 promiserit.
455 591 493 600 -
507 555 542 616 S.
562 554 645 636 Lep,
661 575 692 615 u.
710 558 779 628 lli,
796 553 897 616 etalii
910 555 1117 616 communiter.
1133 589 1174 600 -
1193 555 1228 618 V.
1247 554 1356 634 Casus,

87 669 120 710 n.
137 652 197 712 '162
210 655 239 709 et
254 665 316 728 seq.

594 756 809 820 sustentus
830 758 855 818 tt

513 913 552 956 ns
577 909 720 956 soscncro
747 911 936 956 corrosores

131 1041 200 1100 761.
217 1070 257 1080 -
274 1036 297 1096 Ι.
319 1038 361 1097 oe
371 1035 441 1114 ture
456 1031 590 1094 naturali
602 1031 776 1093 contrahere
786 1037 914 1113 possunt
929 1031 954 1093 ii
966 1050 1071 1096 omnes
1085 1037 1116 1095 et
1131 1033 1202 1110 soti,
1219 1033 1274 1115 qui
1287 1034 1361 1098 libe·

91 1143 161 1187 rnm
175 1121 303 1186 rationis
317 1139 411 1184 nsum
423 1120 549 1195 habent,
561 1119 635 1200 qnia
648 1118 701 1182 isti
717 1121 771 1182 soti
785 1119 958 1183 dominium
972 1120 1131 1209 bonorum
1137 1121 1310 1196 transferre,
1332 1131 1362 1188 et

90 1211 289 1293 obligationes
304 1209 455 1291 suscipere
466 1212 603 1290 possunt.
617 1207 695 1270 Hinc
713 1209 889 1272 contrahere
909 1217 1084 1290 nequeunt:
1103 1215 1135 1273 l⁰
1149 1210 1283 1274 infantes
1302 1231 1362 1274 usn

91 1299 218 1364 rationis
230 1298 360 1362 necdum
372 1296 906 1379 potentes;a0amentesecf11riosi;
923 1302 954 1362 30
970 1297 1097 1378 perfecte
1112 1298 1199 1361 ebrii.

131 1391 168 1451 ll.
185 1392 226 1452 De
236 1391 306 1469 jure
321 1385 464 1467 positivo,
478 1393 589 1466 praeter
602 1403 697 1448 nsum
706 1385 840 1466 {rationis
852 1393 883 1448 et
899 1387 1087 1449 voluntatem
1102 1387 1229 1449 liberam
1244 1396 1362 1452 contra-

89 1477 200 1551 hendi,
219 1494 287 1558 quae
309 1477 347 1538 de
363 1478 433 1556 jnre
449 1475 583 1537 naturali
605 1473 783 1553 exiguntur,
804 1474 972 1556 requiritur
992 1475 1101 1548 etiam,
1123 1481 1160 1537 nt
1183 1477 1363 1540 contrahens

91 1567 219 1629 liberam
228 1565 340 1628 habeat
352 1564 504 1626 bonorum
513 1563 755 1643 dispositionem,
772 1581 825 1626 nee
839 1563 902 1644 tege
911 1564 1040 1644 incapax
1052 1568 1223 1642 contractus
1235 1563 1364 1627 faciendi

7 1685 13 1697 ·
91 1655 269 1718 declaretur.
289 1650 440 1715 Inhabiles
457 1656 561 1713 antem
579 1657 653 1714 snnt
672 1653 710 1713 ad
729 1652 985 1726 contrahendum,
1001 1652 1107 1714 saltem
1122 1654 1154 1712 in
1169 1652 1288 1721 multis,
1309 1660 1364 1715 aut

91 1744 245 1825 fimiter:
263 1746 295 1804 l⁰
311 1739 460 1815 minores;
480 1744 513 1802 2⁰
529 1758 653 1815 uxores3
670 1745 703 1804 30
722 1739 838 1803 mortui
858 1739 1003 1814 civiliter;
1024 1745 1056 1802 t⁰
1069 1740 1226 1803 interdicti
1248 1747 1279 1804 et
1297 1759 1363 1822 pro-

92 1831 166 1912 digi.
183 1834 281 1892 Pauca
295 1829 331 1891 de
346 1827 485 1908 singolis.

542 1995 560 2078 ἓ
590 1993 618 2061 1.
639 1996 686 2062 Dc
705 1993 913 2061 minoribus.

133 2159 203 2219 voa.
217 2189 258 2200 -
273 2155 408 2217 Minores
428 2153 620 2233 appellantur
638 2153 693 2235 qui
712 2159 834 2216 aetatem
848 2155 911 2234 loge
925 2154 1082 2236 praefixam
1097 2173 1160 2216 non
1175 2153 1363 2234 attigerunt,

93 2251 144 2317 ut,
171 2243 285 2305 seclusa
304 2241 401 2324 patris
427 2247 482 2304 eut
510 2241 622 2304 tutoris
648 2242 696 2305 vel
723 2241 872 2306 curatoris
899 2243 1094 2317 auctoritate,
1117 2242 1250 2306 civiliter
1279 2261 1366 2323 agere

92 2333 224 2394 valeant.
253 2333 289 2393 lu
307 2334 380 2395 lure
402 2335 540 2395 Romano
559 2329 615 2392 filii
635 2330 770 2392 minores
790 2337 864 2393 snnt
882 2333 1033 2411 usquead
1049 2335 1168 2394 etatem
1187 2335 1236 2406 25,
1254 2337 1284 2394 ot
1298 2331 1367 2394 tiliae

93 2425 129 2483 m
148 2438 314 2482 annorum.
328 2423 364 2482 tn
378 2421 451 2482 ture
465 2436 536 2481 vero
549 2418 661 2482 Gallico
675 2417 863 2481 filiifamilias
873 2419 1037 2499 utriusque
1045 2437 1136 2483 sexus
1149 2419 1282 2482 minores
1293 2426 1366 2483 sunt

93 2508 269 2589 usquedum
292 2513 415 2570 etatem
440 2510 477 2570 m
502 2525 655 2569 annorum
679 2505 877 2587 expleverint.
904 2509 1066 2582 Attamen,
1094 2515 1232 2589 respectu
1259 2508 1366 2570 matri·

93 2596 191 2659 monii
212 2590 428 2669 contrihendi,
445 2594 504 2657 viri
530 2593 585 2676 qui
606 2595 721 2659 habent
738 2601 877 2676 parentes
898 2603 953 2658 eut
973 2596 1184 2672 ascendentes,
1201 2615 1262 2660 non
1278 2616 1367 2678 repn-

92 2691 199 2747 tantur
212 2684 358 2765 mcjcres,
376 2683 438 2746 nisi
453 2684 491 2746 ad
505 2689 628 2746 etatem
639 2689 678 2748 25
693 2702 766 2746 ann.
782 2683 986 2764 pervenerint.
999 2727 1009 2752 -ι

132 2773 262 2838 blinores
287 2772 340 2836 alii
361 2790 423 2834 non
443 2777 517 2834 sunt
542 2771 746 2853 emancipati,
774 2771 827 2834 atii
849 2791 919 2835 vero
942 2773 1136 2854 emancipati.
1155 2774 1272 2836 Priores
1293 2774 1367 2836 sinr-

94 2861 211 2942 plieiter
233 2859 407 2924 auctoritati
428 2858 540 2940 patris,
559 2860 608 2923 vet
630 2858 743 2922 tutoris
768 2859 984 2940 sanieiuntnr.
1013 2861 1195 2925 Posteriores
1217 2867 1323 2924 autem
1343 2861 1366 2924 ii

94 2956 183 3026 sunt,
206 2949 261 3031 qni
284 2968 302 3012 a
324 2947 467 3030 praedicta
492 2946 671 3010 auctoritate
693 2965 746 3028 per
768 2947 950 3010 beneficium
970 2949 1220 3030 emancipationis
1244 2951 1365 3014 liberati

94 3045 169 3100 sunt
187 3041 278 3119 juxta
298 3036 411 3100 formas
430 3036 494 3116 lege
512 3035 715 3116 praescriptas.
739 3033 869 3100 Minores
888 3035 923 3098 iu
943 3038 1016 3099 ture
1034 3037 1173 3100 Romano
1193 3044 1222 3099 et
1241 3039 1275 3101 in
1293 3042 1367 3103 lure

96 3125 269 3202 Canopico,
298 3124 350 3187 atii
371 3130 446 3187 sunt
463 3124 607 3206 puberes,
631 3129 660 3187 et
681 3123 733 3186 alii
754 3123 934 3205 impuberes.
958 3125 1089 3188 Puberes
1114 3125 1260 3190 dicamur
1278 3127 1367 3209 pueri

94 3214 148 3297 qui
171 3216 209 3278 ad
233 3219 356 3277 aetaoem
381 3217 421 3276 tc
443 3219 475 3276 et
492 3213 599 3295 puellae
622 3217 660 3276 te
682 3230 789 3286 annor.
819 3219 1036 3293 pervenercmt.
1060 3213 1168 3278 Ceteri
1193 3214 1369 3296 impuberes

94 3303 294 3384 appellantur.
313 3301 488 3382 impuberes
507 3301 606 3365 orbati
624 3309 724 3382 patre,
743 3309 774 3364 et
793 3301 850 3364 sub
869 3300 1047 3366 anctoritate
1067 3302 1178 3366 tutoris
1193 3302 1365 3377 constituti,

95 3391 219 3456 nomine
243 3391 431 3473 pupillorum
452 3390 592 3454 veniunt.
620 3394 670 3456 En.
684 3391 789 3454 eodem
809 3392 882 3453 ture
908 3395 995 3455 Rom.
1021 3399 1106 3455 tutor
1129 3392 1222 3454 datur
1245 3389 1368 3472 pnpittis

95 3479 268 3555 adomnia,
285 3486 407 3542 curator
420 3497 492 3542 vero
505 3479 671 3560 puberibus
689 3480 727 3541 ad
746 3479 898 3541 bonorum
913 3479 1217 3542 administrationem
1230 3485 1366 3541 tantum.

95 3567 151 3633 llis
165 3568 295 3650 positis:

556 3674 579 3729 1.
600 3702 636 3714 -
651 3687 684 3730 nr
703 3687 775 3730 cunr
794 3686 907 3728 conano

136 3821 207 3881 763.
221 3851 263 3862 —
278 3822 310 3879 t⁰
324 3815 552 3880 Piliusiamitias
575 3814 727 3897 impuber,
751 3815 873 3878 etiamsi
896 3833 968 3878 cnm
990 3833 1140 3878 consensu
1163 3816 1259 3896 patris
1283 3815 1370 3878 etde

94 3905 185 3969 bonis
210 3903 416 3968 castrensibus
443 3903 617 3978 contrahat,
641 3922 703 3967 non
726 3903 893 3984 obligatum
915 3922 931 3966 e
952 3904 1103 3966 contrario
1123 3903 1150 3966 si
1169 3903 1251 3966 fitius
1274 3903 1370 3983 puber

95 3993 255 4056 contrahat
270 3994 307 4056 de
325 3992 530 4055 castrensibus
546 3999 577 4054 et
595 3991 685 4074 quasi
701 3992 921 4066 castrensibus,
948 3991 1110 4072 obligatur,
1130 3993 1220 4054 modo
1241 3992 1277 4053 de
1299 3991 1370 4054 alio-

94 4081 207 4144 nandis
221 4080 443 4155 immobilibus,
460 4085 514 4142 aut
526 4079 692 4143 mobilibus
706 4079 848 4160 pretiosis
868 4087 1073 4160 denegatum
1090 4083 1122 4142 at
1140 4081 1177 4142 de
1193 4079 1370 4159 profectitiis

95 4175 127 4236 et
139 4169 317 4232 adventitiis
331 4169 462 4231 minime
475 4167 634 4250 disponere
647 4175 756 4248 potest,
774 4166 849 4249 quia
859 4169 1040 4249 regulariter
1053 4185 1158 4231 eormn
1170 4167 1369 4230 administra-

98 4259 216 4322 tionem
230 4275 292 4320 ncn
305 4257 407 4319 habet.

135 4351 169 4410 2⁰
186 4344 339 4429 Pupillus,
358 4363 412 4436 spu
423 4343 575 4426 impubes,
591 4352 678 4428 patre
689 4347 828 4420 orbatus,
843 4346 1025 4409 anctoritate
1043 4344 1167 4420 tutoris,
1183 4344 1287 4407 minor
1299 4361 1370 4406 vero

94 4453 168 4500 eum
189 4452 338 4498 consensu
357 4434 521 4510 curatoris,
548 4433 646 4497 valide
670 4435 871 4508 contrahunt,
891 4433 953 4496 nisi
973 4441 1082 4514 agatur
1103 4433 1139 4496 de
1158 4431 1369 4500 immobilibus

95 4531 153 4587 aut
166 4521 331 4587 mobilibus
344 4521 501 4604 pretiosis,
517 4541 571 4605 pro
584 4522 699 4605 quibus
711 4524 865 4586 decretum
874 4521 987 4605 judicis
1001 4521 1180 4603 requiritur.
