3156 5026
196 261 266 321 noe
731 275 937 321 Tencteros

236 385 328 469 Reep.
339 403 353 447 .‘
368 385 623 450 Controvertitur.
640 386 671 448 1⁶
687 387 846 450 Sententia
860 389 1043 450 commentor
1057 387 1219 470 affimat,
1238 389 1313 470 quia
1326 391 1475 456 demnifi-
1568 403 1569 474 t

197 479 280 537 ector
292 481 394 538 totum
408 477 559 538 damnum
573 495 591 538 e
605 495 636 539 se
650 476 771 539 illatum
785 495 924 557 reperere
936 476 1037 539 debet.
1049 511 1090 523 -
1103 477 1205 560 Lupo,
1221 477 1314 553 d.xr,
1329 499 1364 540 n.
1377 484 1433 544 8¹1.
1568 486 1569 540 t

236 563 287 626 11⁶
303 565 466 627 Sententia
476 575 525 626 sot
534 565 703 646 probabile
717 574 822 647 repat,
835 564 910 646 quio
922 565 1060 646 proxime
1072 567 1194 647 oegneti
1206 583 1270 630 non
1280 567 1398 632 hubent
1405 571 1474 651 jus,

196 653 259 718 nisi
273 655 312 716 od
325 671 361 716 ee
374 647 444 734 q'uee
456 653 571 718 occisus
585 673 624 717 ex
637 654 747 717 stricte
758 655 874 734 pietotew
885 653 961 734 ipsis
975 671 1098 735 erogare
1108 653 1280 719 debuisset.
1289 689 1330 702 -·-
1343 658 1475 736 Reuter,

195 761 227 804 n.
244 741 480 816 eon-ettet,
493 743 812 818 niti-Lamiae,
828 763 860 803 n.
874 741 1235 826 309.-S.Li9.,flom.
1247 753 1356 828 opust,
1373 766 1406 808 n.
1420 753 1474 812 87.
1568 807 1569 842 ,

235 834 337 907 Quen.
354 837 386 896 2⁰
400 832 449 892 An
463 832 585 914 aliquid
596 832 813 894 restituendum
829 836 871 893 eit
883 832 1083 895 creditoribus
1098 835 1208 896 occiei?
1568 843 1569 894 t

235 922 326 1003 casp.
344 922 422 1002 Nep.
435 921 640 1004 probabiliore,
658 921 780 984 etiamsi
797 920 950 984 herten
964 921 1158 1002 prevident,
1172 923 1340 986 modo
1360 925 1476 990 directe

195 1025 259 1072 non
276 1011 443 1074 intenderit
459 1009 583 1074 illorum
602 1011 767 1088 demnurm
786 1011 863 1091 quio
874 1010 936 1072 tole
952 1010 1106 1072 damnum
1113 1029 1174 1093 per
1190 1010 1330 1074 occident
1345 1015 1472 1077 numm

195 1099 401 1180 consequi-tur.
419 1099 509 1162 -S.
525 1099 730 1181 tientes
746 1098 896 1180 -Luye
911 1098 1068 1162 *Saloe
1568 1139 1569 1164 r

236 1191 305 1250 ter.
321 1225 361 1233 —
373 1191 474 1263 Quen.
491 1194 524 1253 3⁰
538 1187 587 1248 An
602 1198 755 1251 remaneat
773 1188 1059 1270 obtipetiojustittec
1078 1188 1111 1250 in
1127 1188 1311 1267 teretibus,
1328 1194 1357 1253 si
1372 1192 1474 1254 torni-

193 1275 264 1338 cido
277 1290 372 1338 morte
382 1279 549 1358 plectatur,
566 1279 641 1359 quin
655 1277 767 1339 damno
780 1278 989 1358 reparaverit?
1568 1309 1569 1378 p

236 1365 325 1449 Hesp.
341 1369 367 1428 A
372 1366 470 1448 ffirm.
486 1371 579 1430 Poene
596 1367 681 1428 enim
695 1365 844 1429 satisfacit
852 1365 984 1447 justitie
998 1365 1209 1443 indicative,
1223 1385 1287 1431 non
1301 1387 1375 1432 vero
1390 1389 1471 1432 corn-
1568 1392 1569 1434 t

195 1457 368 1520 mentire.
387 1455 526 1519 Heredes
542 1454 639 1534 igitur
654 1454 757 1518 debita
776 1474 814 1517 ex
828 1455 951 1535 justitie
967 1455 1189 1517 commutetive
1206 1457 1322 1520 solvere
1338 1458 1468 1536 debent,
1568 1451 1569 1530 i

194 1545 257 1608 nisi
276 1544 340 1608 laesi
354 1562 416 1607 non
432 1545 611 1621 reclament3
627 1549 703 1606 tunc
720 1543 804 1606 enim
818 1543 852 1606 hi
862 1543 928 1624 juri
941 1561 999 1606 suo
1011 1543 1113 1606 cedere
1130 1551 1305 1608 censentur.
1319 1583 1362 1592 —
1377 1547 1468 1612 Heni.

193 1642 307 1717 apost,
323 1655 354 1695 n.
371 1637 421 1698 90.

234 1726 336 1799 Quen.
352 1727 384 1785 t⁰
399 1722 448 1782 An
464 1723 507 1785 od
520 1725 744 1786 restitutionem
762 1732 897 1785 teneatur
911 1725 968 1805 qut
978 1722 1077 1784 etiem
1093 1723 1205 1786 occidit
1223 1723 1394 1787 excedendo
1409 1747 1469 1788 mo

194 1811 263 1874 dum
271 1814 366 1894 justet
378 1811 580 1893 defensionis,
595 1831 647 1873 seu
660 1830 846 1874 nonusnuen
860 1829 1033 1874 rnouurern
1048 1815 1191 1876 curun?

233 1902 322 1982 Resp.
337 1901 476 1983 Affinn,
493 1899 520 1963 si
534 1899 696 1964 deliberate
710 1901 885 1976 excesserit,
902 1899 975 1982 quie
989 1901 1113 1964 invasor
1122 1904 1176 1982 jus
1190 1901 1282 1965 hebet
1297 1921 1338 1966 ne
1352 1903 1466 1984 injuste

194 1991 346 2053 occidetur
359 2010 365 2051 :
377 2008 447 2070 ergo
460 1989 572 2052 occisor
585 1989 701 2052 limites
708 1993 801 2070 justae
816 1987 998 2053 defensionis
1013 1989 1143 2053 scienter
1156 1992 1327 2054 excedendo
1342 2011 1462 2073 grutem

194 2078 363 2142 committit
377 2077 535 2158 injuriam.
547 2078 650 2142 -lto
663 2083 848 2140 communius
861 2077 896 2140 S.
910 2079 993 2160 Lip,
1006 2099 1039 2140 n.
1050 2083 1120 2154 637,
1134 2099 1200 2141 cum
1213 2079 1310 2162 Lupo,
1325 2081 1399 2162 top.
1412 2099 1462 2156 xi,

193 2188 224 2228 n.
240 2172 293 2242 et,
309 2174 415 2230 contre
429 2167 591 2230 nonnullos
605 2166 793 2248 antiquiores
808 2168 890 2249 apud
903 2168 1046 2230 eumdem
1061 2168 1159 2250 Lupo,
1180 2168 1274 2248 ibid,-
1285 2190 1318 2230 n.
1333 2174 1381 2233 51.

233 2259 335 2331 Qune.
352 2261 384 2319 5⁰
400 2255 448 2316 An
463 2254 505 2316 ed
517 2255 639 2337 aliquid
652 2265 791 2318 teneatur
804 2259 860 2338 qui
870 2257 997 2318 atterum
1011 2255 1117 2318 ccctitit
1131 2260 1166 2318 in
1179 2257 1297 2320 netto?

233 2345 322 2426 Reep.
343 2345 419 2426 Nep.
438 2343 641 2426 probabilius,
660 2345 724 2407 sive
743 2345 834 2408 firerit
854 2363 1034 2426 provocem,
1054 2344 1118 2407 sive
1137 2351 1327 2426 provocatus.
1346 2347 1466 2410 Scienti

193 2432 277 2496 enim
298 2445 327 2496 et
347 2431 459 2494 volenti
479 2451 541 2494 non
562 2431 601 2514 fit
617 2433 753 2515 injurie,
776 2435 898 2514 quando
915 2436 968 2514 jus
990 2432 1106 2496 remitti
1124 2439 1237 2514 potest;
1259 2435 1346 2515 etqui
1370 2437 1465 2498 etiem

192 2527 347 2602 acceptans
367 2539 504 2604 pugnem
520 2521 618 2584 voluit
635 2527 667 2584 et
685 2521 785 2603 potuit
802 2523 953 2585 domnum
972 2523 1138 2603 temporale
1157 2523 1318 2586 remittere.
1339 2525 1464 2602 Ergo..

191 2646 232 2658 -
244 2611 279 2673 S.
295 2610 365 2692 Lep.
383 2632 413 2675 n.
430 2613 499 2675 638.
515 2607 669 2692 —'Luqo,
689 2631 720 2672 n.
736 2615 793 2686 66,
810 2618 867 2674 ete.

232 2699 295 2763 Alii
308 2701 416 2764 dicunt
429 2701 467 2762 ed
481 2699 708 2762 restitutionem
723 2701 821 2762 teneri
832 2699 958 2781 quidem
969 2707 1197 2782 provocantem,
1207 2698 1233 2762 si
1244 2697 1461 2761 adversarium

191 2789 348 2866 occiderit,
366 2807 429 2853 non
441 2807 512 2852 vero
526 2794 736 2869 provocatum.
753 2823 793 2834 -
806 2787 868 2852 Alii
882 2792 986 2852 auem
999 2794 1169 2871 utrumque
1182 2787 1325 2869 obligant.
1339 2785 1399 2850 Sed
1411 2787 1465 2852 hee

192 2878 349 2942 sententie
364 2884 411 2940 sot
425 2876 595 2960 probabiles
609 2895 671 2941 non
685 2883 841 2960 apparent.

700 3075 914 3138 ARTlGULUS
933 3075 960 3136 ΙΙ

374 3221 412 3266 ne
431 3220 651 3267 nmmurrcnr
668 3221 801 3267 recreer
820 3221 957 3266 srcrnuu
977 3219 1015 3264 err
1036 3219 1280 3266 mnnroenoueu

229 3366 335 3520 ligole
347 3365 428 3428 dicte
440 3366 477 3428 de
489 3376 598 3448 stupro
610 3374 640 3429 et
653 3366 860 3448 fornicatione
873 3368 907 3426 in
918 3372 1002 3427 secto
1017 3363 1162 3447 Deeotopi
1172 3373 1338 3448 precepto,
1355 3385 1387 3424 n.
1405 3367 1459 3426 tn

188 3461 251 3520 eti
298 3463 380 3530 ,etc

308 3609 531 3690 Principia.

228 3756 296 3819 728.
312 3789 354 3802 -—
371 3757 394 3817 1.
411 3759 468 3818 Pro
486 3753 599 3818 domno
612 3767 696 3816 mere
713 3753 863 3828 naturali,
882 3773 936 3818 seu
950 3771 1004 3835 pro
1018 3753 1140 3819 lesione
1157 3751 1343 3832 integritatis
1357 3769 1459 3832 corpo

185 3844 259 3908 ralis
271 3851 302 3908 et
313 3843 477 3907 emissione
490 3841 691 3923 virginitatis,
706 3840 800 3919 nihil,
816 3841 921 3906 seiten
934 3843 1139 3926 probabilius,
1153 3841 1382 3904 restituendum
1395 3847 1458 3914 est;

186 3934 259 4014 quia
281 3933 432 3997 tuomum
459 3931 537 3994 illud
558 3931 687 4011 pecunie
712 3930 901 4012 compensari
927 3932 1046 4014 nequit.
1067 3963 1108 3981 -·-
1127 3929 1163 3993 S.
1181 3929 1255 4012 Lip.
1275 3950 1308 3991 o.
1328 3933 1400 3995 cto.
1419 3963 1459 3976 —-

184 4022 292 4094 ercet,
311 4045 342 4086 o.
359 4026 434 4098 220,
447 4026 504 4083 eto.
521 4053 561 4064 -
573 4019 680 4081 Recole
694 4019 776 4081 dieta
790 4041 897 4102 supro,
913 4041 945 4082 n.
957 4025 1027 4085 628.

224 4113 261 4174 II.
284 4112 387 4175 Etiam
398 4129 452 4192 pro
467 4109 579 4172 dunno
592 4109 767 4190 temporali,
782 4109 863 4188 quod
877 4127 915 4171 ex
928 4109 1013 4190 turpi
1027 4107 1176 4173 consortio
1188 4107 1389 4172 subsecutum
1401 4107 1456 4180 sit,

183 4201 277 4275 nihil,
290 4205 411 4282 excepta
423 4199 516 4281 prolis
528 4197 720 4272 educatione,
733 4199 858 4260 restitui
871 4197 975 4272 debet,
990 4197 1113 4279 quondo
1124 4197 1237 4260 mulier
1249 4195 1457 4260 sollicitationi

183 4290 383 4366 consenserit;
398 4307 471 4352 nern
485 4288 590 4351 scienti
603 4297 633 4348 et
647 4288 761 4349 volenti
777 4307 838 4348 oon
855 4286 895 4368 fit
908 4286 1038 4369 injurio.
1054 4321 1095 4332 -
1108 4285 1142 4348 S.
1159 4285 1230 4368 Liq.
1243 4307 1276 4346 n.
1291 4289 1361 4350 ott.

223 4379 272 4439 ΙΠ.
296 4379 329 4442 Si
346 4383 498 4459 stuprator
515 4377 563 4452 vi,
578 4375 700 4454 fruude,
713 4376 796 4451 dolo,
809 4375 905 4438 minis
924 4375 1058 4458 pueliam
1078 4373 1252 4450 violeverit,
1271 4381 1393 4436 tenetur
1410 4391 1459 4434 re-

182 4482 289 4546 perere
307 4467 410 4528 omnia
424 4467 537 4529 dumne
556 4465 584 4528 ei
600 4465 648 4528 vel
661 4467 726 4547 ejus
745 4465 924 4545 perentibus
943 4465 1016 4528 inde
1031 4462 1243 4539 obvenientie;
1258 4461 1331 4543 quie
1344 4461 1459 4524 horum

182 4555 367 4616 damnorum
380 4557 426 4615 est
438 4571 528 4616 causo
541 4553 647 4616 efficax
660 4559 692 4616 et
704 4551 831 4634 injusta.
848 4585 889 4602 -·
902 4551 937 4617 S.
949 4553 1033 4635 Liq,
1049 4553 1130 4616 ute
1141 4585 1185 4600 -
1195 4551 1301 4626 Ettet,
1317 4549 1395 4612 ittet.
