3168 5002
458 177 748 223 usososmmnun
774 177 1026 228 pausantium

271 409 305 452 lt!
324 407 548 452 titubantiam
566 407 702 451 SPROEATA
719 407 754 450 UT
773 407 909 451 assumi
929 407 1090 452 conmmanit
1109 411 1224 454 militiis

251 564 295 621 aa
307 565 396 637 sapt.
411 563 431 636 s
445 563 473 620 a.

143 663 187 720 17.
204 660 364 738 Propositio
378 660 425 716 his
442 660 538 717 verbis
553 659 701 716 enuntiata
713 679 719 714 :
731 657 837 716 Edoeti
854 660 891 714 ab
908 659 1057 733 apostole,
1070 666 1239 735 spectamus
1255 671 1383 725 mortem

108 761 169 800 non
180 742 249 816 jam
262 748 296 798 at
315 740 490 798 naturalem
503 739 708 798 conditionem
724 739 876 808 hominis,
889 740 941 798 sect
959 758 1065 800 reuma
1078 747 1114 800 at
1126 745 1245 816 justam
1260 763 1383 819 paenam

13 873 14 892 ,
108 823 202 898 napa
214 819 394 896 matualis,

143 905 291 974 Quatenus
311 901 366 958 sub
385 902 501 958 nomine
519 899 648 974 Apostoli
669 898 790 958 subdole
810 899 934 972 allegata
955 900 1100 970 insinuat,
1115 905 1251 974 mortem,
1267 922 1330 978 quse
1351 908 1382 965 in

108 983 240 1058 prasenti
261 983 340 1038 statu
358 981 466 1038 inflicta
484 982 528 1038 est
540 978 619 1036 velia
632 980 711 1052 justa
729 981 940 1053 poenapeccati
961 997 1011 1056 per
1029 983 1138 1055 justam
1158 984 1382 1044 subtractionem

107 1063 349 1131 immortalitatis,
362 1077 420 1117 non
433 1062 525 1118 luisse
540 1059 700 1118 naturalem
720 1060 911 1117 conditionem
925 1060 1065 1132 hominis,
1081 1063 1165 1136 quasi
1179 1064 1381 1125 immortalitas

108 1161 161 1202 nan
177 1143 286 1202 luisset
297 1141 453 1215 gratuitum
470 1139 642 1198 beneficium
657 1140 708 1198 sed
722 1140 863 1198 naturalis
878 1141 1024 1198 conditio:

299 1240 447 1314 captiose,
463 1237 629 1308 temeraria,
641 1237 777 1312 Apostolo
791 1238 946 1311 injuriosa,
958 1237 1031 1296 alias
1045 1239 1190 1300 damnata.

422 1463 456 1508 DE
475 1464 640 1508 coanimata
658 1463 774 1506 nouitas
792 1465 821 1506 ibt
841 1463 927 1506 STATU
946 1467 1060 1509 NATURAE

247 1597 291 1655 ns
309 1603 389 1672 aar.
406 1595 424 1672 s
439 1595 484 1654 io.

142 1693 185 1752 18.
202 1693 336 1752 Doctrina
350 1693 457 1767 synodi
469 1693 636 1760 enuntians,
644 1691 844 1766 posttapsum
855 1691 971 1749 Astomi
980 1692 1077 1750 Dum
1090 1695 1291 1754 annuntiasse
1307 1715 1380 1771 pro·

107 1774 283 1832 missionem
294 1772 398 1848 saturi
411 1771 590 1838 liberatoris,
600 1777 627 1828 et
640 1769 768 1828 uolutus
779 1770 931 1830 consolari
944 1789 1039 1846 penus
1053 1773 1225 1832 numanum
1233 1794 1380 1851 perspem

106 1855 228 1922 salutis,
248 1871 341 1928 quam
354 1853 442 1910 Jesus
458 1851 595 1911 Christus
609 1849 760 1908 allaturas
773 1857 852 1920 erat;
872 1852 968 1910 tamen
985 1853 1082 1909 Deum
1097 1851 1227 1911 uoluisse
1238 1861 1272 1910 ut
1285 1873 1380 1930 penus

107 1936 278 1992 hamanum
298 1934 443 1990 transiret
457 1932 629 2008 pervarias
646 1935 756 2000 status,
774 1937 937 2006 antequam
956 1933 1071 1989 veniret
1091 1933 1248 2008 plen-itudo
1270 1943 1380 2011 tempo-

107 2033 194 2084 rum5
210 2031 243 2072 sc
257 2015 382 2090 primum
400 2013 432 2070 ut
451 2014 481 2070 in
501 2013 577 2069 statu
591 2013 700 2068 naturae
711 2009 798 2068 hamo
813 2011 938 2069 relictas
953 2013 1090 2088 propriis
1107 2011 1277 2073 luminibus
1289 2017 1380 2074 disee·

107 2103 151 2153 ret
163 2097 200 2154 cte
213 2113 270 2153 sua
286 2111 361 2152 saca
375 2093 495 2150 ratione
512 2092 666 2166 diffidere,
682 2095 709 2147 et
732 2109 772 2148 eoa
792 2092 857 2150 suis
878 2093 1122 2152 enarrationibus
1139 2102 1270 2152 meamet
1289 2115 1321 2154 se
1339 2099 1379 2156 aa

107 2176 341 2233 desiderandum
354 2173 513 2232 aemilium
527 2172 694 2246 superioris
710 2171 848 2230 luminis.
1079 2167 1083 2176 ’

141 2257 288 2326 Doctrina,
301 2259 331 2312 ut
343 2256 430 2328 jacet,
446 2254 574 2327 captiosa
586 2274 592 2310 :
604 2255 689 2326 atque
706 2252 853 2310 intellecta
866 2252 902 2310 de
914 2253 1057 2311 desideria
1068 2253 1203 2328 adjutorii
1219 2257 1377 2330 superioris

106 2335 231 2393 luminis
244 2335 275 2390 in
290 2335 385 2393 ordine
399 2333 435 2392 ad
451 2335 574 2391 salutem
589 2333 760 2407 promissam
774 2351 824 2408 per
839 2333 1000 2404 Christum,
1015 2334 1052 2390 ad
1070 2335 1144 2407 quod
1158 2337 1378 2410 concipiendum

106 2417 195 2474 homo
210 2414 325 2473 relictus
339 2415 401 2474 suis
414 2413 539 2490 propriis
553 2413 713 2470 luminibus
728 2416 904 2487 supponatur
919 2429 984 2471 sese
999 2415 1127 2488 potuisse
1143 2433 1276 2476 movere:

418 2511 571 2585 Suspecta,
584 2510 683 2567 lavans
698 2510 801 2566 haeresi
817 2511 1061 2585 semipelagianos.

483 2721 523 2763 nn
543 2719 706 2762 unanimous
725 2720 842 2764 nouitas
860 2721 911 2764 sus
930 2719 1000 2763 isan

245 2818 322 2877 iau.

141 2916 183 2974 19.
200 2917 286 2985 item,
306 2931 370 2990 quae
391 2913 553 2988 subiungit,
565 2913 711 2970 hominem
734 2913 787 2970 sub
808 2913 889 2986 lege,
910 2929 981 2969 cum
994 2917 1067 2970 esset
1085 2913 1234 2987 impotens
1253 2915 1294 2972 act
1310 2935 1377 2974 eam

107 2996 331 3062 observandam,
338 2994 604 3070 praevaricatorem
613 2993 751 3063 mansee,
765 3009 828 3050 non
843 2992 966 3066 quidem
978 2992 1069 3068 calpa
1079 2992 1163 3067 lapis,
1175 3011 1241 3068 qun
1254 2998 1378 3055 sanctis-

104 3077 182 3134 sima
195 3081 272 3145 erat,
285 3077 338 3133 sed
351 3074 440 3150 eulpa
452 3072 599 3140 hamanis,
611 3073 666 3147 ptri
678 3074 734 3130 sub
748 3071 810 3147 Ispa
820 3074 889 3130 sine
903 3071 1006 3147 pratia
1019 3073 1120 3148 mapis
1133 3076 1291 3150 mapisque
1301 3093 1378 3150 prar-

105 3154 254 3214 aarioator
268 3155 379 3224 suasim
390 3154 625 3229 superadditque‚
641 3152 749 3228 apem,
764 3155 792 3210 si
805 3171 869 3210 non
883 3153 1004 3210 sanauit
1020 3171 1071 3211 aar
1088 3153 1238 3222 bominis,
1249 3157 1377 3230 effecisse

104 3243 137 3292 at
147 3254 205 3294 saa
221 3234 305 3294 asota
316 3240 515 3311 capnosoeret,
528 3238 555 3292 et
568 3233 605 3291 de
617 3250 675 3292 aaa
683 3233 863 3308 infirmitate
877 3233 1031 3292 conmotus
1044 3233 1230 3292 desideraret
1243 3236 1377 3310 pralium

104 3315 303 3374 llediataris:

137 3399 200 3467 Qua
214 3401 295 3471 parte
309 3395 482 3468 generaliter
495 3394 605 3464 innuit,
620 3393 766 3451 bominem
782 3393 1028 3467 praevaricatorem
1043 3395 1171 3451 evasisse
1186 3412 1235 3469 por
1250 3395 1377 3452 inobser-

103 3478 230 3536 vantiam
244 3477 333 3550 legis,
349 3493 434 3550 quam
452 3475 595 3550 impotens
612 3475 691 3532 esset
710 3474 877 3542 observatu
894 3473 976 3546 quasi
992 3473 1180 3548 impossibile
1196 3473 1314 3548 aliquia
1326 3489 1378 3546 po·

103 3557 195 3614 tuerit
205 3557 359 3631 imperare
372 3555 536 3630 quijustus
550 3559 602 3622 est,
612 3558 667 3612 aut
679 3553 885 3612 damnaturus
897 3553 938 3610 sit
948 3552 1103 3611 bominem
1109 3571 1167 3630 pro
1179 3571 1211 3612 eo
1222 3551 1303 3627 quast
1312 3569 1375 3610 non

100 3637 200 3712 potuit
213 3637 325 3707 uitare,
340 3636 395 3711 qui
407 3635 479 3710 pius
493 3640 557 3693 est.-

135 3719 176 3775 Ex
192 3719 222 3776 S.
237 3719 360 3776 Caesano
375 3733 462 3774 serm.
476 3731 577 3787 axam,
590 3715 621 3772 in
638 3714 760 3790 append.
777 3715 806 3770 S.
817 3715 891 3785 Aug.
909 3729 996 3770 serm.
1013 3713 1373 3783 ccnxx111,edit.blourin.

134 3801 177 3856 lix
191 3799 220 3857 S.
236 3799 308 3872 Aug.
323 3797 360 3856 de
379 3799 443 3856 Nat.
459 3799 490 3854 et
511 3797 591 3856 Grai.
614 3809 677 3871 cap.
695 3811 829 3854 xn111.-·
843 3795 883 3852 De
906 3795 979 3866 grat.
995 3797 1025 3852 et
1046 3793 1097 3854 lib.
1113 3795 1175 3852 arb.
1191 3809 1251 3866 cap.
1268 3809 1326 3850 xri.
1338 3823 1375 3836 -

169 3881 270 3938 Euan.
282 3879 313 3938 in
328 3879 431 3954 psalm.
446 3893 505 3947 su,
518 3893 600 3934 num.
616 3877 644 3945 t,

386 3983 485 4052 Falsa,
501 3981 684 4053 scandaloso,
700 3979 804 4056 impis,
816 3979 847 4036 in
861 3980 930 4037 Baio
944 3979 1090 4036 damnata.

134 4131 180 4190 20.
195 4131 259 4202 Qua
278 4132 359 4206 parte
375 4129 459 4188 datur
481 4127 620 4202 intelligi,
636 4127 781 4184 hominem
796 4127 851 4184 sub
866 4125 929 4198 lege
949 4127 1012 4182 sine
1030 4121 1121 4197 grstia
1136 4125 1266 4198 potuisse
1280 4127 1375 4183 conoi-

100 4227 166 4286 pere
178 4211 355 4269 desiderium
373 4211 473 4284 gratim
488 4209 653 4267 Mediatoris
667 4209 830 4265 ordinatum
849 4205 885 4264 ad
901 4205 1023 4264 salutem
1038 4205 1210 4278 promissam
1229 4223 1279 4280 per
1294 4205 1374 4264 cbri-

18 4347 19 4350 ,
99 4295 192 4360 stnm3
208 4293 292 4365 qussi
308 4307 372 4348 non
390 4291 458 4365 ipsa
472 4289 574 4363 pratia
586 4287 685 4362 faeiat
699 4293 734 4344 ut
746 4287 903 4345 invocetur
918 4303 937 4342 a
951 4283 1057 4342 nobis:

18 4367 19 4449 i
132 4375 174 4431 lix
189 4372 296 4430 Concil.
310 4372 411 4429 Araus.
428 4371 468 4438 ΙΙ,
484 4385 547 4426 osu.
564 4367 590 4424 3.

18 4451 19 4506 l
132 4453 310 4528 Propontis,
320 4454 353 4509 ut
363 4453 453 4525 jacet,
466 4449 608 4524 captiosa,
624 4449 772 4522 suspecte,
782 4447 880 4505 latens
897 4445 1001 4501 haeresi
1016 4443 1258 4520 semipelagisnae‚
