3202 5020
230 226 294 286 1⁹28
764 237 968 284 reserares

230 352 279 414 titi
301 356 375 414 sunt
397 349 539 426 nomina,
556 353 592 410 ut
611 350 659 412 rel
681 349 840 429 Rigoristae
856 357 1014 425 vocentur,
1035 351 1082 413 vel
1100 350 1278 414 Tutioristae
1298 353 1446 433 mitigati,
1461 393 1496 402 —

231 439 502 515 Probabilioristae,
517 473 559 483 -
572 437 888 519 AEquiprobabilistae,
904 475 944 483 -
958 437 1182 516 Probabilistae,
1196 477 1236 485 —
1250 440 1393 505 Laxistn.

353 617 585 682 concludes
607 631 657 680 ex
678 615 812 680 dictis.

271 776 321 835 51.
337 807 378 816 -
399 776 430 833 l⁰
453 768 652 832 Probabilitas
671 787 709 830 ex
728 775 841 830 natura
865 786 920 830 sua
942 768 1108 830 necessario
1127 768 1273 849 requirit,
1290 778 1327 833 ut
1345 773 1496 836 certitudi-

232 861 410 923 nemetiam
424 858 570 920 moralem
585 857 739 934 excludat,
758 875 812 938 per
824 857 881 920 hoc
894 856 978 920 enim
992 857 1091 920 solum
1109 875 1128 918 a
1141 857 1325 922 certitudine
1337 859 1497 942 discrepare

230 955 338 1030 polest.

273 1043 304 1100 2⁰
318 1037 396 1100 Hinc
410 1036 511 1100 omnis
527 1035 725 1117 probabilitas
740 1040 990 1116 quantacumque
1003 1035 1111 1114 luerit,
1122 1037 1309 1099 adveniente
1323 1039 1498 1102 certitudine

232 1126 448 1208 propositionis
466 1124 721 1198 contradictoriae,
738 1123 864 1186 omnino
878 1124 1053 1205 perimitur.

273 1220 305 1280 3⁰
326 1219 412 1278 Certo
437 1213 601 1296 probabilis
619 1213 759 1276 habenda
782 1218 828 1275 est
849 1213 967 1292 opinio,
986 1231 1054 1294 quae
1073 1233 1091 1276 a
1109 1214 1260 1295 plerisque
1280 1213 1425 1296 theologis
1443 1235 1500 1280 esse

232 1304 397 1386 probabilis
412 1301 572 1378 asseritur;
587 1301 635 1364 vel
649 1301 743 1363 etiam
758 1319 853 1381 quam
868 1302 1005 1364 absolute
1017 1306 1123 1364 tenent
1137 1309 1173 1364 ut
1183 1320 1287 1365 veram
1302 1304 1441 1385 quinque
1452 1311 1501 1366 aul

233 1412 285 1456 sex
300 1392 430 1472 theologi
440 1389 733 1472 probitate,judicio
747 1397 779 1452 et
793 1390 919 1452 scientia
933 1396 1127 1471 prestantes
1142 1391 1204 1453 nisi
1215 1391 1292 1453 ratio
1306 1398 1390 1454 certa
1404 1400 1500 1456 contra

231 1482 324 1544 istam
339 1481 514 1562 opinionem
528 1483 681 1559 appareat.

272 1576 305 1632 l⁰
325 1571 380 1632 Illa
393 1569 495 1649 opinio
509 1575 555 1630 est
569 1567 635 1629 viro
649 1569 735 1630 docto
750 1575 780 1630 et
794 1568 887 1648 probo
905 1575 985 1630 certe
1002 1567 1183 1649 probabilis
1200 1586 1295 1647 quam
1313 1569 1378 1649 ipse
1402 1571 1456 1634 scit
1474 1589 1501 1632 se

233 1659 394 1740 diligenter
407 1657 588 1730 excussisse,
602 1663 634 1718 et
647 1657 804 1736 experitur
818 1675 849 1719 se
865 1655 979 1736 absque
992 1657 1166 1719 inordinato
1182 1655 1306 1733 affectu,
1320 1658 1357 1720 ob
1373 1661 1502 1722 rationes

234 1766 355 1828 graves,
371 1751 408 1809 ut
420 1762 524 1808 veram
536 1750 592 1806 aut
608 1749 690 1806 certe
701 1744 888 1825 probabilem
902 1745 1133 1824 deprehendere.

274 1841 306 1900 5ο
328 1841 369 1898 De
391 1834 559 1898 intrinseca
580 1832 794 1912 probabilitate
813 1833 894 1914 juris
918 1832 1125 1896 communiter
1144 1841 1273 1914 possunt
1293 1837 1432 1916 Judicare
1453 1835 1505 1898 soli

234 1925 419 2000 doctissimi,
436 1921 514 1984 etin
528 1940 563 2010 re¹
579 1921 688 1983 morali
703 1920 919 1997 versatissimi,
937 1940 1009 1983 cunr
1024 1921 1078 1984 soli
1094 1923 1214 2002 possint
1228 1923 1317 2001 seim,
1334 1925 1417 1988 nihil
1435 1923 1505 1986 certi

231 2033 307 2095 1ps1s
319 2031 440 2094 opponi.

273 2107 307 2166 6ο
327 2103 383 2164 Vir
396 2099 587 2162 mediocriter
601 2100 707 2162 doctus
717 2098 855 2181 judicare
864 2101 1008 2180 potestde
1020 2099 1189 2162 extrinseca
1201 2100 1353 2180 opinionis
1365 2101 1505 2182 probabi-

232 2191 334 2265 litate,
358 2190 385 2252 si
407 2193 524 2250 statum
548 2187 726 2268 quaestionis
749 2187 806 2250 rite
828 2187 1018 2268 intelligens,
1038 2188 1117 2250 hanc
1139 2187 1279 2250 inveniat
1301 2198 1451 2253 assertam
1469 2189 1504 2250 ab

233 2278 408 2342 arictoribus
426 2276 510 2339 omni
525 2276 700 2358 exceptione
720 2275 902 2358 majoribus,
925 2276 958 2338 id
977 2282 1023 2338 est
1036 2275 1118 2338 inter
1132 2276 1283 2356 theologos
1298 2278 1427 2341 omnino
1439 2296 1506 2358 pro-

233 2369 324 2431 batis

274 2461 306 2519 7⁰
326 2455 441 2520 Unicus
453 2461 567 2530 auctor,
583 2453 610 2516 si
620 2453 660 2516 sit
671 2453 757 2516 omni
768 2453 943 2534 exceptione
955 2457 1063 2537 major,
1075 2453 1242 2534 afferatque
1251 2455 1405 2518 rationem
1415 2473 1506 2536 quam

233 2545 286 2607 alii
302 2563 363 2607 non
378 2542 620 2606 examinaverint
636 2544 683 2606 vel
698 2562 759 2606 555
775 2541 850 2604 satis
861 2541 1022 2618 solverint,
1034 2543 1099 2623 ipse
1113 2547 1216 2604 autem
1228 2542 1359 2606 aliorum
1373 2545 1506 2608 rationes

233 2635 390 2696 commode
402 2633 513 2708 solvet,
525 2639 625 2712 potest
634 2631 809 2712 opinionem
825 2648 914 2692 suam
923 2636 1004 2693 certo
1018 2629 1206 2711 probabilem
1221 2629 1347 2706 efficere,
1360 2631 1508 2711 quamvis

232 2723 297 2786 haec
311 2723 352 2786 sit
366 2720 523 2784 commrmi
535 2721 672 2801 opinioni
686 2721 823 2782 adversa.

273 2817 304 2875 8⁰
325 2817 422 2875 Homo
436 2810 523 2873 rudis
537 2809 664 2871 audiens
678 2827 696 2871 a
710 2808 790 2883 viro,
806 2825 898 2889 quem
913 2808 977 2888 ipse
989 2807 1148 2870 existimat
1161 2808 1306 2888 probum,
1324 2811 1507 2890 prudentem

232 2907 263 2962 et
277 2901 417 2976 doctum,
431 2897 607 2979 opinionem
626 2897 761 2978 aliquam
775 2915 840 2959 esse
854 2901 934 2959 certo
948 2895 1150 2978 probabilem,
1170 2905 1270 2977 potest
1282 2917 1351 2960 eam
1364 2907 1404 2961 ut
1417 2899 1506 2962 talem

232 2989 342 3052 habere
358 3009 364 3050 :
381 2987 541 3052 nonenim
556 3006 608 3068 per
622 3005 653 3047 se
666 3004 733 3047 rem
746 2987 913 3065 expendere
928 2986 1021 3060 valet,
1039 3003 1093 3047 nee
1107 2984 1188 3048 aliud
1206 2986 1345 3048 medium
1360 2986 1424 3068 ipsi
1438 3005 1506 3068 sup-

232 3077 309 3158 petit
321 3076 566 3158 probabilitatem
581 3074 783 3136 extrinsecam
797 3073 1031 3153 cognoscendi...
1048 3109 1087 3118 —
1100 3074 1248 3151 Lacr-oia,
1264 3081 1322 3137 etc.

736 3295 948 3358 ARTIGULUS
973 3296 999 3355 Π

349 3479 389 3523 ltu
408 3475 566 3521 nerlulcla
588 3474 833 3522 Pnossnssllmarls
853 3475 894 3519 1111
915 3474 1135 3520 consumentu
1161 3475 1385 3520 EFFORMANDAM

270 3637 320 3698 55.
337 3669 377 3677 -
388 3629 525 3692 Efficacia
531 3629 757 3711 probabilitatis
768 3629 829 3692 sita
843 3635 889 3691 est
899 3628 933 3690 in
945 3628 1042 3708 ipsius
1057 3629 1089 3690 vi
1103 3629 1141 3690 ad
1154 3628 1303 3691 ultimum
1314 3628 1511 3692 conscientia

230 3722 383 3785 dictamen
403 3717 531 3801 practice
550 3724 668 3782 certum
690 3717 926 3780 efformandum.
952 3719 1069 3778 Verum
1087 3735 1124 3779 ex
1146 3717 1186 3779 iis
1204 3736 1273 3798 quae
1297 3719 1507 3791 asseruimus,

230 3832 262 3872 5,
280 3815 333 3887 39,
351 3809 413 3872 sola
428 3805 611 3869 conscientia
625 3813 706 3869 certa
718 3810 764 3868 est
776 3812 857 3869 recta
872 3823 995 3868 morum
1010 3805 1124 3884 regule.
1142 3808 1207 3882 Quo
1221 3807 1317 3885 igitur
1332 3807 1424 3868 modo
1443 3805 1511 3870 fieri

229 3904 342 3979 potest,
359 3904 396 3960 ut
415 3915 453 3959 ex
473 3893 583 3976 majori
597 3894 691 3957 etiam
704 3893 915 3976 probabilitate
929 3893 1018 3955 liceat
1032 3893 1189 3956 interdum
1205 3897 1314 3973 agere?
1330 3896 1363 3958 ld
1380 3913 1459 3956 sane
1479 3893 1510 3957 u’

230 3987 324 4050 solius
334 3983 557 4068 probabilitatis
570 4001 633 4045 555
646 3983 726 4045 licet.
742 3985 820 4061 Ergo
832 3981 870 4043 ad
882 3980 1071 4061 principium
1081 3983 1204 4064 aliquod
1214 3983 1369 4045 moraliter
1383 3991 1513 4046 certum

229 4075 466 4154 contugiendum
479 4079 540 4148 est,
557 4075 592 4134 ut
603 4070 753 4133 certitudo
767 4070 927 4132 habeatur.
944 4072 1050 4149 ltaque
1068 4071 1281 4135 disserendum
1301 4089 1384 4134 nunc
1401 4071 1511 4146 venit,

229 4161 304 4244 quid
327 4163 360 4225 in
381 4163 464 4226 hunc
480 4162 575 4226 finem
594 4159 693 4222 valeat
709 4158 921 4240 probabilitas3
943 4164 1053 4221 utrum
1077 4159 1189 4222 scilicet
1211 4160 1374 4240 aliquando
1400 4159 1514 4222 solidis

227 4251 400 4315 rationibus
415 4260 484 4314 tum
498 4250 571 4330 legi,
588 4256 658 4310 tum
671 4247 806 4310 libertati
822 4246 1012 4324 faventibuS,
1032 4247 1070 4311 ab
1085 4249 1150 4329 ipso
1165 4249 1240 4330 legis
1257 4249 1377 4312 vinculo
1393 4248 1515 4311 liberes

229 4359 283 4406 nos
298 4359 417 4403 censere
430 4340 593 4420 possimus.

266 4433 328 4491 Has
354 4427 535 4509 questiones
556 4432 592 4490 ut
616 4425 819 4489 discutiamus
846 4427 1109 4508 resolvamusque,
1139 4433 1301 4507 sequentes
1333 4427 1516 4489 statuimus

229 4517 337 4580 theses.
1045 4527 1052 4544 ·
