3156 5026
536 283 579 326 nn
600 281 767 327 Jusrrrre
786 283 829 326 nr
849 285 935 328 June
1306 273 1373 333 tel

147 395 176 458 si
188 412 226 456 ec
238 393 342 475 furto,
357 393 458 474 primo
472 393 534 456 loco
549 398 671 455 tenetur
682 411 844 474 possessor,
857 393 913 474 qui
926 411 991 455 rem
1004 393 1097 455 habet
1109 393 1144 456 in
1157 393 1318 458 individuo
1326 397 1375 459 vel

110 484 143 546 in
165 481 377 565 equivalenti,
400 482 446 544 vel
465 481 520 562 qui
538 481 624 544 illam
646 480 762 562 inJ'uste
787 481 994 562 consumpsit:
1009 481 1117 544 deinde
1134 484 1302 559 maudein,
1327 485 1376 547 vel

110 580 219 654 raptor,
249 570 276 633 si
298 571 450 634 mandans
471 570 566 646 desit;
591 569 683 633 tertio
709 577 862 634 tenentur
875 569 976 633 caeteri
1005 575 1208 652 cooperatores
1232 573 1373 652 positivi;

110 662 232 725 tandem
243 665 447 740 cooperatores
459 658 606 740 negativi.

149 749 180 813 Si
200 767 271 812 vero
292 767 330 811 ese
349 747 472 824 domno,
490 753 613 810 tenetur
630 747 730 828 primo
745 748 912 824 mandans,
927 749 1050 830 quando
1064 747 1314 829 aliquisadluit:
1331 756 1377 814 est

109 837 190 902 enim
199 855 293 902 carisa
303 835 642 918 principalis·,secundo
656 843 823 913 exsecutor,
840 837 936 900 etiam
953 837 1075 919 quando
1088 837 1213 900 nomine
1226 837 1376 902 mandan-

108 927 145 989 tr'e
164 926 296 1009 olimjus
310 925 387 1007 epit,
404 924 478 1006 quia
499 923 626 987 relative
637 925 675 987 ad
693 925 782 999 alios,
792 929 883 1007 juxte
896 943 1092 988 communem
1111 927 1312 1003 sententiam,
1330 935 1377 1007 est

108 1033 196 1078 cause
208 1013 405 1096 principalis;
418 1013 527 1076 deinde
540 1012 641 1076 ceteri
655 1019 858 1094 cooperatores
872 1013 1012 1094 positivi;
1028 1015 1155 1077 demum
1172 1024 1376 1098 cooperatores

106 1103 252 1186 negativi.
266 1139 305 1148 —
326 1101 445 1184 Voqler,
463 1105 523 1164 etc..
534 1099 621 1164 -S.
636 1101 722 1184 neq,
733 1121 771 1166 n..
782 1105 858 1178 5803
869 1101 960 1164 Hom.
977 1113 1088 1184 apost,
1104 1123 1134 1164 n.
1152 1108 1203 1168 60.

229 1275 446 1372 Resolves.

145 1479 215 1540 703.
237 1509 278 1520 -
301 1479 334 1538 l⁰
359 1474 408 1536 Ad
432 1471 512 1536 nihil
530 1474 676 1536 tenentur
697 1489 798 1535 cause
819 1472 1027 1548 secundarie,
1042 1471 1071 1535 si
1090 1463 1182 1536 cause
1201 1471 1378 1554 principalis

103 1563 276 1628 restituerit
303 1569 359 1626 aut
383 1560 599 1624 remissionem.
620 1559 719 1624 debiti
740 1559 922 1638 obtinuerit;
948 1579 1047 1624 cernae
1074 1560 1158 1624 enim
1190 1561 1378 1628 secundarie
1437 1635 1440 1643 ,

103 1657 232 1716 tantum
254 1657 399 1714 tenentur
420 1649 455 1714 in
478 1648 597 1713 defectu
613 1666 712 1712 cause
730 1648 924 1730 principalis,
952 1651 1039 1730 crpus
1066 1649 1208 1730 obligatio
1236 1650 1376 1716 cessavit.

103 1740 143 1804 S.
156 1741 229 1822 Lep.
245 1761 278 1801 n.
295 1743 364 1803 581.

143 1833 177 1893 2⁰
192 1830 225 1892 Si
239 1847 302 1890 una
316 1846 354 1890 ex
367 1826 467 1890 causis
480 1825 589 1890 minus
596 1825 816 1908 principalibus
829 1827 980 1904 restituit,
995 1845 1090 1890 ceusu
1103 1825 1278 1908 principalis
1297 1831 1379 1890 tene-

101 1921 155 1984 tur
178 1935 248 1981 eam
268 1917 447 1980 indemnem
469 1913 583 1990 fecere,
600 1915 674 1996 quia
695 1914 805 1978 minus
822 1914 999 1996 principalis
1020 1919 1074 1997 jus
1094 1915 1251 1980 creditoris
1274 1921 1380 1979 contre

101 2005 306 2087 principalem
323 2003 466 2084 acquirit.
477 2037 518 2050 -
529 2003 566 2066 S.
583 2003 667 2085 Liq,
683 2001 760 2064 idid.
1018 2062 1023 2078 ,

144 2099 179 2159 3⁰
195 2093 227 2156 Si
239 2092 367 2156 creditor
383 2092 479 2155 solvet
497 2091 535 2156 ab
554 2091 738 2172 obligatione
755 2109 880 2155 causam
896 2091 1125 2168 secundariam,
1140 2111 1204 2156 non
1221 2092 1288 2156 ideo
1305 2092 1380 2156 libe-

99 2189 193 2246 ratur
219 2200 310 2244 causa
330 2180 525 2262 principalis,
538 2179 612 2262 quie
629 2179 773 2260 obligatio
790 2180 968 2262 principalis
985 2200 1085 2245 causae
1105 2186 1151 2245 est
1172 2181 1379 2261 independens

98 2273 140 2336 ab
164 2269 351 2350 obligatione
369 2287 467 2332 causae
486 2268 685 2331 secundariae.
705 2270 770 2332 Imo
789 2270 932 2350 quemvis
946 2269 1002 2332 uni
1021 2269 1238 2332 esecundariis
1253 2269 1383 2332 creditor

97 2359 261 2434 remittet,
277 2376 340 2421 non
354 2357 420 2421 ideo
434 2357 538 2420 liberae
552 2363 625 2419 sunt
640 2356 707 2418 aliae
726 2375 824 2420 causeo
837 2358 1024 2421 secundarie
1042 2358 1082 2421 ab
1097 2357 1280 2438 obligatione
1292 2376 1382 2420 suern

96 2453 226 2528 partem
249 2446 447 2520 restituendi,
463 2444 526 2508 nisi
549 2445 729 2509 condonatio
746 2445 841 2508 fuerit
859 2446 985 2510 omnino
1001 2447 1105 2528 plena,
1122 2447 1171 2510 vel
1185 2445 1255 2509 talis
1270 2446 1381 2510 merito

96 2533 253 2618 praesumi
274 2534 380 2615 possit.
396 2569 436 2579 —
449 2532 546 2614 Lupo.
564 2567 605 2579 -
630 2531 748 2615 Vopler.
762 2569 804 2580 -
821 2533 855 2596 S.
875 2534 958 2617 Lep„
974 2534 1048 2596 idid.
1064 2570 1105 2581 -
1125 2535 1237 2616 Excipe
1254 2553 1292 2598 ex
1309 2538 1383 2598 lure

97 2623 233 2698 Gallico,
250 2621 277 2685 si
290 2622 430 2685 debitum
445 2621 486 2684 sit
496 2640 534 2684 ex
545 2628 705 2684 contractu
719 2621 794 2703 (ort.
815 2625 922 2703 1285).

139 2717 177 2776 4⁰
192 2709 228 2775 si
242 2729 306 2773 una
324 2729 360 2773 ex
379 2709 480 2774 causis
500 2710 658 2791 equaliter
678 2709 819 2790 obligatis
836 2715 937 2774 totum
956 2711 1095 2775 debitum
1111 2710 1297 2787 restituerit,
1313 2711 1381 2776 aliae

96 2804 252 2866 tenentur
263 2799 291 2860 ei
304 2806 424 2880 partem
437 2800 616 2880 rependere,
633 2797 707 2879 quia
720 2799 851 2881 quisque
863 2818 918 2880 pro
940 2804 1006 2862 rata
1020 2819 1083 2864 suec
1101 2801 1196 2881 culpae
1211 2799 1381 2863 satisfacere

94 2889 201 2953 debet.
220 2888 308 2963 Quod
326 2887 352 2949 si
370 2905 453 2949 unns
467 2905 530 2948 non
545 2892 647 2966 posset
662 2891 718 2948 eut
732 2887 824 2950 nollet
841 2906 930 2950 suam
949 2893 1068 2968 partem
1086 2887 1263 2964 restituere,
1280 2887 1379 2952 caeteri

93 2996 165 3042 eam
180 2977 268 3040 inter
283 2994 315 3037 se
326 2974 462 3038 dividere
476 2974 630 3036 deberent.

135 3071 170 3132 5⁶
195 3064 369 3130 considens
389 3062 439 3125 vel
461 3061 654 3124 consentiens
669 3079 733 3124 non
753 3067 877 3125 tenetur
891 3083 949 3146 per
965 3083 996 3126 ee
1011 3069 1082 3126 ante
1098 3067 1319 3142 exsecutorem
1333 3063 1384 3128 bic

92 3155 261 3238 siquidem
283 3152 368 3233 prior
389 3153 521 3227 tenetur,
546 3149 620 3232 quia
645 3155 813 3227 exsecutor,
837 3150 993 3214 deficiente
1012 3152 1195 3229 mandene,
1220 3160 1267 3216 est
1291 3171 1382 3216 causa

88 3241 283 3326 principalis
297 3238 415 3304 damni.
428 3239 515 3301 -ld
528 3243 631 3301 tamen
644 3238 837 3320 intelligitur,
852 3241 974 3322 quando
989 3240 1168 3316 consilium,
1184 3245 1220 3303 ut
1233 3259 1312 3322 sepe
1326 3241 1378 3314 fit,

90 3334 171 3396 utile
194 3338 247 3395 est
269 3329 324 3392 soli
345 3326 534 3392 exsecutori:
550 3345 624 3390 nam
643 3326 670 3389 si
689 3327 765 3390 utile
786 3327 827 3390 sit
842 3329 898 3392 soli
912 3329 1095 3404 consulenti,
1107 3329 1191 3392 bunc
1209 3329 1306 3392 teneri
1320 3327 1382 3410 pri-

90 3441 206 3498 mum;
226 3419 257 3482 si
272 3423 378 3480 autem
392 3417 528 3498 utrique,
545 3421 713 3496 utrumque
727 3435 781 3497 pro
794 3423 864 3480 rata
877 3417 985 3493 teneri,
998 3421 1098 3481 censet
1108 3416 1143 3480 S.
1160 3418 1242 3500 Lep,
1259 3437 1290 3478 a.
1306 3420 1378 3493 560,

87 3527 164 3574 cum
181 3507 342 3582 Lacroie,
357 3507 446 3587 Lupo
457 3511 489 3568 et
501 3505 630 3568 Lectius.
649 3539 690 3550 -
711 3505 743 3568 V.
762 3503 871 3586 cases,
887 3510 1118 3572 necterent.
1162 3565 1164 3572 ,

307 3736 324 3820 §
345 3733 390 3802 ll.
412 3735 458 3801 De
476 3733 597 3801 ordine
614 3733 839 3801 restitutionis
858 3731 971 3822 quood
989 3733 1181 3802 creditores.

129 3937 210 3998 704.
235 3963 274 3976 -
287 3928 451 4008 Agendum
463 3927 515 3990 bic
530 3933 577 3990 est
590 3927 627 3990 de
638 3927 700 3989 solo
713 3944 804 4002 meu,
816 3925 851 3989 in
866 3944 926 4008 quo
943 3927 1062 3991 debitor
1075 3928 1114 3990 ad
1128 3925 1377 3990 satisfaciendum

82 4021 250 4086 omnibus
269 4016 335 4079 suis
351 4015 551 4079 creditoribus
564 4016 667 4097 impar
679 4020 742 4094 est;
763 4014 838 4078 alias
854 4015 939 4079 enim
961 4017 1067 4080 nullus
1081 4016 1153 4079 ordo
1170 4014 1204 4078 in
1224 4012 1377 4078 solvendis

85 4110 214 4175 debitis
229 4103 403 4170 necessario
417 4105 585 4168 servandus
598 4111 656 4168 est.

124 4197 313 4264 creditores
330 4198 434 4257 autem
452 4201 546 4257 sunt:
562 4199 593 4257 l⁰
613 4193 666 4256 elii
680 4191 897 4276 privilegiati,
915 4193 970 4276 qui
986 4211 1024 4256 ex
1041 4192 1116 4274 legis
1130 4190 1268 4273 positive
1281 4189 1376 4271 privi-

77 4288 167 4370 legio
184 4291 246 4369 jus
266 4284 382 4346 habent
396 4281 536 4346 debitum
555 4299 650 4345 suum
662 4287 734 4344 ante
750 4282 825 4345 alios
844 4281 1016 4364 repetendi;
1030 4285 1064 4343 2⁰
1077 4279 1129 4344 alii
1149 4279 1372 4363 hypothecario,

77 4377 157 4460 qui,
174 4393 220 4438 ex
243 4372 336 4434 titulo
357 4370 528 4452 typothecae
547 4389 602 4433 seu
620 4371 852 4434 assecurationis
870 4371 905 4433 iu
923 4368 1012 4433 bonis
1030 4368 1204 4433 debitorum
1222 4367 1374 4441 fundatus,

73 4469 133 4548 jus
148 4463 282 4528 habent
295 4459 478 4522 solutionem
492 4458 651 4522 obtinendi
664 4458 771 4522 statim
782 4466 850 4542 post
862 4457 1024 4521 creditores
1037 4457 1260 4540 privilegiatum
1281 4460 1313 4521 3⁰
1324 4451 1377 4518 alii

76 4567 288 4627 communes,
303 4547 356 4628 qui
370 4548 455 4611 nullo
466 4546 618 4630 privilegii
630 4555 686 4613 aut
698 4548 874 4631 hypothecae
885 4546 1028 4612 beneficio
1045 4547 1189 4628 gaudent.
