3206 5024
210 297 277 362 328
743 287 949 372 rnacrjanvs

330 469 545 535 ltesolves.

250 621 321 680 lto.
338 651 379 662 -
400 622 433 679 1⁰
456 615 595 679 Graviter
614 619 738 695 peccant
756 614 927 694 generatim
940 613 995 694 qui
1013 630 1168 676 sermones
1187 614 1372 694 permiscent
1386 614 1481 679 ctiam

169 705 170 713 ’
210 725 249 770 en
262 704 385 769 levitate
400 705 437 767 de
460 711 531 766 actu
545 703 712 784 conjugali,
729 703 767 765 de
779 702 872 764 licitis
885 709 917 764 et
932 701 1049 764 illicitis
1062 702 1143 764 inter
1157 704 1314 783 conjuges,
1328 703 1481 767 demodis

208 792 396 876 impediendi
418 792 657 873 generationem,
681 790 864 871 procurandi
887 791 1137 872 pollutionem...,
1157 791 1325 872 prasertim
1348 790 1375 853 si
1398 791 1482 856 inter

204 885 333 966 juvenes
345 882 459 945 diversi
471 899 562 950 sexus
577 881 610 943 id
624 880 686 942 fiat.

248 977 282 1034 2⁰
296 971 436 1035 Graviter
457 974 581 1050 peccant
599 969 654 1050 qui
670 969 764 1031 etiam
782 970 844 1031 sola
862 969 955 1032 verba
968 967 1069 1048 turpia
1085 967 1259 1048 proferunt,
1275 967 1301 1029 'si
1320 967 1353 1030 id
1367 967 1481 1032 faciant

208 1059 246 1122 ob
261 1059 492 1122 delectationem
508 1065 628 1138 captam
647 1075 684 1120 ex
702 1057 770 1137 ipsa
790 1075 894 1120 rerum
912 1057 1054 1137 turpium
1069 1056 1260 1136 cogitatione.
1276 1061 1338 1119 Noc
1356 1075 1376 1118 a
1392 1057 1481 1136 gravi

209 1153 405 1222 excusantur,
421 1147 475 1228 qui
486 1146 608 1228 jocandi
622 1151 774 1226 praetextu
787 1145 887 1208 verbis
902 1145 1083 1226 arquivocis,
1100 1147 1154 1207 scd
1169 1145 1244 1208 satis
1258 1144 1358 1220 notis,
1374 1147 1479 1208 cadem

210 1238 247 1300 ob
261 1256 329 1300 eam
341 1235 570 1299 delectationem
582 1234 771 1315 exprimunt.
788 1269 828 1280 ·—
844 1235 880 1296 S.
897 1234 965 1314 Lig.
978 1231 1010 1294 a.
1026 1238 1096 1296 teo.

250 1331 282 1390 3⁰
294 1325 434 1389 Graviter
448 1323 542 1386 ctiam
562 1330 687 1404 peccant
700 1323 754 1404 qui
766 1323 803 1385 ob
814 1323 997 1404 jactantiam
1011 1328 1138 1384 narrant
1146 1322 1268 1402 propria
1280 1327 1401 1403 peccata
1413 1331 1480 1386 tm·-

210 1415 271 1496 pia,
286 1421 316 1478 et
330 1414 455 1495 quidem
469 1412 622 1475 ordinarie
637 1411 806 1492 tripliciter,
824 1417 942 1492 peccato
959 1429 1068 1492 nempe
1082 1411 1316 1491 complacentia,
1332 1412 1479 1490 scandali,

209 1505 239 1566 et
248 1503 405 1585 jactantia
419 1503 456 1564 de
469 1507 588 1582 peccato
603 1501 776 1564 commisso.

249 1597 283 1654 4⁰
297 1597 364 1655 Non
377 1597 425 1653 est
434 1611 492 1672 per
507 1609 537 1652 sc
555 1590 683 1652 mortale
707 1589 837 1670 proferre
863 1589 966 1669 turpia
983 1588 1109 1668 quidem
1131 1590 1182 1651 sed
1202 1608 1265 1652 non
1279 1590 1413 1670 graviter
1425 1590 1481 1654 ob·

211 1699 327 1754 semna,
344 1679 370 1741 si
384 1679 439 1742 fiat
457 1679 601 1753 breviter,
617 1696 670 1758 per
685 1680 789 1758 jocum
803 1685 858 1740 aut
874 1695 991 1740 vanum
1010 1677 1167 1752 solatium,
1185 1678 1248 1740 nisi
1261 1679 1418 1741 audientes
1434 1678 1482 1742 ita

210 1770 323 1831 debiles
352 1769 416 1830 sint
437 1768 562 1849 spiritu,
591 1772 627 1829 ut
654 1785 744 1846 gravo
771 1767 948 1829 scandalrun
972 1765 1141 1846 patiantur.
1173 1767 1250 1829 Hinc
1276 1767 1482 1830 communiter

208 1875 272 1920 non
288 1862 361 1920 sunt
374 1857 479 1937 gravia
490 1856 616 1919 dicteria
629 1855 746 1936 turpia,
761 1873 830 1936 qua
845 1854 1042 1936 proferuntur
1058 1873 1076 1916 a
1089 1855 1291 1929 messoribus,
1309 1855 1482 1919 vindemia-

210 1947 347 2022 toribus,
372 1945 579 2020 mulionibus,
605 1943 678 2025 quia
701 1946 881 2008 admocum
902 1946 1006 2024 jocum
1034 1943 1186 2006 ordinarie
1207 1943 1355 2007 dicuntur
1377 1951 1408 2007 et
1424 1961 1482 2006 au·

209 2035 349 2098 diuntur.
364 2069 406 2081 -
419 2035 455 2096 S.
469 2033 538 2115 bip.
554 2055 585 2098 a.
599 2038 669 2096 426.

250 2131 284 2189 5⁰
298 2127 364 2187 Non
384 2140 501 2203 semper
520 2130 557 2185 ut
574 2121 715 2184 mortalia
730 2128 805 2184 sunt
821 2121 960 2184 habenda
974 2127 1078 2183 tenera
1092 2121 1239 2201 colloquia
1255 2141 1328 2186 cum
1345 2121 1480 2204 personis

211 2211 324 2275 diversi
346 2230 451 2287 sexus,
474 2211 618 2292 quamvis
636 2211 778 2291 periculis
798 2213 886 2291 plena
908 2211 985 2285 sint,
1002 2210 1171 2290 praesertim
1187 2210 1212 2272 si
1233 2211 1298 2284 sint
1316 2213 1476 2284 diutvuna,

212 2319 289 2380 saepe
302 2301 447 2380 repetita,
462 2307 517 2362 aut
531 2300 565 2362 in
579 2299 651 2362 locis
664 2299 808 2361 solitariis
823 2300 911 2361 fiant.
926 2333 968 2346 --
986 2299 1022 2361 S.
1036 2299 1107 2379 Lip.
1126 2319 1158 2360 a.
1171 2304 1246 2374 lca,
1261 2306 1332 2364 496.
1347 2335 1389 2346 -
1400 2297 1481 2374 Quid

211 2405 281 2468 ergo
301 2389 504 2467 judicandum
530 2389 566 2451 de
586 2388 758 2463 amoribus,
779 2394 816 2449 ut
837 2393 962 2463 vocant,
983 2389 1153 2466 prasertim
1172 2387 1254 2450 inter
1267 2389 1483 2470 juniores?-

211 2478 277 2540 Non
297 2483 371 2539 sunt
388 2476 662 2539 indiscriminatim
686 2493 791 2537 omnes
813 2475 908 2556 culpae
925 2476 1063 2538 mortalis
1084 2477 1265 2548 damnandi3
1288 2493 1482 2557 quamquam

211 2565 362 2653 ordinarie
386 2565 498 2628 occasio
519 2565 658 2646 proxima
676 2563 828 2626 lethaliter
845 2564 987 2644 peccandi
1006 2563 1167 2628 difficulter
1186 2565 1294 2638 aberit,
1311 2565 1421 2626 saltem
1441 2565 1480 2626 in

211 2673 370 2736 progressu
384 2660 415 2716 et
433 2653 643 2717 accedentibus
662 2651 848 2733 quibusdam
865 2653 1031 2734 adjunctis,
1054 2660 1091 2715 ut
1111 2653 1137 2715 si
1156 2655 1329 2716 adamantes
1347 2651 1478 2715 omniuo

212 2742 266 2805 soli
281 2743 450 2824 pracsertim
464 2762 518 2823 per
531 2741 652 2822 longius
664 2749 785 2821 tempus
797 2747 852 2804 aut
865 2745 966 2816 noctu,
979 2745 1048 2817 eta,
1066 2742 1262 2805 conveniunt.
1277 2775 1319 2786 -
1335 2740 1372 2804 S.
1389 2741 1479 2823 bip,

210 2833 326 2893 Pracis
340 2831 442 2910 Confi,
459 2853 488 2892 n.
501 2835 549 2895 65.

251 2925 284 2982 6ο
299 2925 366 2984 Νοιι
388 2927 513 3002 peccant
536 2921 669 3000 graviter
687 2920 742 3000 qui
761 2939 799 2982 ex
817 2938 903 2982 mera
920 2919 1094 2982 curiositate
1113 2920 1219 2999 legunt
1238 2919 1332 2983 libros
1349 2916 1483 2998 lepidos,

212 3009 284 3089 quia
294 3010 333 3071 ad
347 3008 509 3072 libidinem
521 3028 584 3073 non
600 3009 732 3089 graviter
743 3009 893 3082 excitant,
910 3027 965 3071 nec
978 3027 1090 3088 magno
1108 3009 1240 3088 periculo
1260 3013 1434 3089 exponunt,
1448 3009 1485 3068 ut

212 3105 286 3159 sunt
300 3098 405 3160 multa
420 3099 575 3161 comoediae
589 3098 636 3160 vel
648 3102 796 3178 poemata.
809 3097 890 3159 -Si
905 3116 976 3160 vero
991 3096 1028 3160 ob
1043 3115 1168 3160 causam
1181 3097 1367 3177 legitimam,
1379 3116 1410 3158 v.
1424 3113 1483 3176 gn,

212 3186 251 3248 ad
274 3187 454 3249 discendum
475 3194 530 3249 aut
555 3189 593 3249 ad
614 3188 832 3268 acquirendam
853 3186 1058 3268 eloquentiam
1086 3187 1119 3248 id
1132 3185 1278 3262 ‚famia
1306 3187 1484 3250 nullatenus

210 3281 344 3356 peccant.

721 3501 895 3577 CAPUT
927 3501 967 3576 11

371 3711 374 3716 ⁴
439 3697 491 3748 DE
520 3696 715 3748 PECCATIS
744 3696 939 3746 LUXURIAE
970 3696 1262 3748 consummaris

723 3879 935 3941 ARTIGULUS
955 3879 969 3939 I

489 4031 527 4076 DE
547 4031 688 4076 PECGATIS
710 4030 921 4076 consolidans
941 4031 1035 4077 Juxta
1056 4033 1203 4080 NATURAM

643 4155 660 4238 5
690 4153 717 4220 1.
741 4153 787 4220 Dc
805 4153 1044 4240 fornicatione.

252 4305 322 4363 til.
334 4339 375 4350 -
386 4306 557 4382 Fornicatio
571 4314 618 4372 est
630 4307 736 4388 copula
746 4307 838 4370 soluti
853 4327 926 4372 cum
940 4309 1040 4372 soluta
1054 4327 1091 4372 ex
1104 4314 1214 4374 mutuo
1227 4327 1389 4374 consensu.

253 4389 422 4456 Fornicatio
434 4400 480 4456 est
492 4397 626 4474 graviter
638 4395 793 4477 prohibita
804 4399 874 4477 jure
892 4397 1027 4460 naturali
1046 4403 1076 4460 et
1097 4399 1205 4462 divino
1223 4398 1372 4480 positivo,
1388 4398 1438 4462 ita
1453 4405 1496 4462 ut

213 4484 363 4575 spectato
378 4482 463 4557 gravi
477 4485 614 4547 excusari
634 4503 798 4566 nunquam
815 4485 919 4566 possit.
940 4489 1085 4550 Constat:
1103 4493 1135 4551 1⁰
1156 4507 1194 4551 ex
1210 4488 1385 4568 Scriptura,
1399 4488 1413 4550 1
1431 4491 1495 4552 Go-

214 4561 310 4626 rvnth.
334 4581 382 4640 vr,
402 4571 441 4630 9:
458 4569 562 4650 Neque
580 4572 750 4652 fornicarii
769 4593 893 4658 regnam
912 4573 972 4638 Dei
983 4576 1186 4657 possidebant.
1201 4611 1243 4624 -
1262 4575 1372 4657 pros.
1395 4597 1427 4654 v,
1447 4581 1493 4642 5:
