3168 5002
412 171 708 218 rnorosrrron'nu
732 170 986 219 nanniarnauu
1297 161 1338 224 51

100 302 143 360 63.
164 301 330 376 Baptiratus
342 298 436 356 adhuc
449 299 495 355 est
514 298 568 354 sub
582 296 646 370 lege
658 299 732 356 sicut
748 297 880 368 ludaeus,
894 299 920 354 si
934 299 1026 370 legem
1040 316 1097 357 non
1111 300 1280 375 adimpleat,
1292 304 1343 362 aut

69 381 223 456 adimpleat
236 395 272 437 ex
283 378 344 435 solo
359 378 471 434 timore.

100 479 145 536 cl.
165 477 226 535 Sub
236 475 388 532 maledicto
396 474 471 544 legis
487 490 633 547 nunquam
647 473 681 530 lit
698 474 804 532 bonum
821 474 910 547 :quia
921 476 1056 548 peccatur
1070 476 1133 536 sire
1145 477 1275 535 iaciendo
1284 493 1345 535 ma·

69 560 143 628 lum,
160 558 224 615 sive
235 555 309 613 illud
325 554 440 612 nonnisi
455 555 491 611 ob
505 555 638 611 timorem
652 554 796 611 evitando.

102 655 147 712 65.
166 656 296 725 llopses,
324 650 482 725 prophete,
511 650 689 718 sacerdotes,
713 652 743 706 et
771 650 901 708 doctores
925 650 998 722 legis
1023 651 1128 708 mortni
1150 655 1219 710 sunt
1237 652 1346 728 absque

69 752 101 794 co
120 734 195 808 quod
210 733 304 790 ullum
319 734 377 788 bac
395 731 527 788 dederint
548 729 655 801 filium,
675 745 740 786 cnm
755 746 813 787 non
833 731 981 788 effecerint
997 732 1056 789 nisi
1077 733 1222 808 mancipia
1243 749 1293 808 per
1311 733 1348 791 ti-

71 831 187 873 morem.

106 901 150 959 66.
170 901 225 971 Qui
238 899 302 956 vult
315 902 374 957 Deo
393 897 635 972 appropinquare,
658 913 710 954 nec
729 897 813 955 debet
831 897 867 953 ad
882 897 979 973 ipsum
993 898 1091 956 venire
1105 915 1171 957 cum
1186 900 1349 958 brutalibus

72 981 270 1058 passionibus,
293 995 386 1051 neque
407 978 512 1034 adduci
530 995 581 1052 per
602 978 771 1034 instinctum
786 979 948 1036 naturalem
965 981 1017 1036 aut
1038 995 1089 1053 per
1112 979 1244 1038 timorem
1263 981 1350 1038 sicuti

74 1063 184 1130 bestiae,
199 1060 251 1118 sed
266 1075 317 1134 per
325 1059 424 1118 Fidem
437 1059 467 1114 et
475 1074 526 1131 per
537 1073 663 1115 amoram
677 1058 764 1115 sicuti
776 1057 842 1114 filii.

106 1158 151 1216 67.
171 1158 268 1214 Timor
280 1155 396 1213 servilis
411 1170 468 1210 non
478 1154 535 1211 sibi
548 1155 733 1228 repraesentat
743 1156 834 1212 Deum
847 1153 906 1211 nisi
919 1156 952 1211 ut
963 1155 1111 1212 dominum
1126 1156 1247 1228 durum,
1262 1157 1352 1232 impe·

77 1240 197 1306 nasum,
218 1237 373 1309 injuntum,
394 1234 616 1292 intractabilem.

93 1336 154 1428 ⁸68.
176 1332 227 1391 liei
246 1331 361 1390 bonitas
380 1330 558 1388 abbreviavit
577 1331 654 1387 riam
673 1331 792 1401 salutis,
812 1331 970 1388 claudendo
990 1334 1082 1390 totum
1103 1333 1134 1389 in
1155 1334 1224 1392 Fide
1242 1337 1271 1391 et
1289 1351 1354 1409 pre·

77 1417 275 1588 ωέἳιςᾙίιιιιι,
288 1507 377 1562 usus,
388 1493 587 1562 augmentum,
598 1492 627 1548 at
638 1490 789 1566 praemium
803 1489 897 1562 Fidei,
910 1493 1001 1549 totum
1012 1494 1057 1550 est
1070 1492 1176 1552 donum
1190 1511 1270 1568 pura
1283 1494 1356 1553 libe-

80 1575 331 1727 ΓΆΙ71οωὓιὲιιῐιζῗιιιιιιιιι
350 1655 425 1710 Deus
439 1651 542 1723 aflligit
557 1651 724 1709 innocentes
740 1672 747 1708 :
763 1653 793 1707 et
807 1650 977 1708 afflictiones
992 1669 1104 1726 semper
1116 1652 1245 1712 serviunt
1259 1654 1305 1712 vel
1319 1654 1357 1712 nd

82 1734 255 1810 puniendum
269 1735 433 1808 peccatum,
446 1730 492 1788 rel
504 1731 540 1787 ad
555 1730 765 1804 purificandum
775 1733 963 1804 peccatorem.

114 1833 158 1889 71.
179 1833 270 1889 llenro
284 1830 321 1886 ob
334 1829 379 1887 sui
390 1828 632 1888 conservationem
643 1829 737 1902 potest
747 1843 812 1884 sese
821 1827 991 1902 dispensare
1004 1827 1041 1884 ab
1052 1843 1087 1885 ea
1096 1827 1173 1899 lege,
1188 1845 1272 1901 quam
1280 1831 1357 1888 Deus

83 1912 208 1970 condidit
222 1911 337 1986 propter
352 1910 415 1981 ejus
427 1905 594 1966 utilitatem.

114 2009 160 2065 72.
190 2009 265 2066 Nota
285 2005 423 2063 Ecclesia
451 2004 616 2062 christianae
638 2006 698 2074 est,
719 2004 794 2077 quod
814 2005 854 2062 sit
877 2003 1033 2074 catholica,
1062 2005 1305 2080 comprehendens
1330 2007 1360 2062 et

84 2105 182 2147 omnes
199 2085 318 2160 angelos
344 2084 425 2155 coeli,
447 2088 477 2142 et
494 2083 593 2141 omnei
615 2085 722 2142 electos
744 2087 772 2141 et
792 2085 887 2157 justos
911 2087 1011 2155 terrae,
1035 2086 1064 2142 et
1085 2086 1214 2143 omnium
1237 2085 1360 2142 saeculo-

86 2185 158 2226 rum.

117 2256 164 2313 73.
186 2253 262 2324 Quid
272 2257 316 2311 est
324 2252 468 2320 Ecclesia,
483 2251 541 2308 nisi
560 2252 651 2308 coetus
666 2251 792 2310 liliorum
805 2253 873 2321 Dei,
886 2252 1064 2310 manentium
1078 2251 1108 2308 in
1121 2253 1184 2326 ejus
1200 2253 1281 2323 sinu,
1296 2253 1364 2310 ado·

84 2340 232 2412 ptatorum
255 2334 285 2389 in
304 2333 429 2402 Christo,
445 2330 666 2389 subsistentium
690 2332 720 2389 in
744 2333 807 2404 ejus
831 2348 968 2406 persona,
988 2331 1199 2406 redemptorum
1218 2335 1282 2406 ejus
1301 2349 1365 2390 san-

85 2413 439 2552 pipplpeiupppprptppppipjus
454 2412 572 2487 spiritu,
587 2411 734 2484 agentium
746 2428 796 2486 per
811 2414 873 2486 ejus
885 2413 1022 2485 gratiam,
1038 2414 1066 2468 et
1080 2413 1291 2487 expectantium
1301 2429 1365 2485 gra·

123 2592 168 2649 ll.
188 2588 332 2658 Ecclesia,
347 2589 409 2645 sive
417 2589 527 2659 integer
535 2587 680 2657 ClrristuS,
695 2587 874 2644 incarnatum
884 2588 1009 2646 Verbum
1019 2588 1149 2644 habetul
1160 2590 1255 2663 caput,
1265 2605 1366 2646 omnes

90 2689 155 2730 raro
169 2671 286 2728 sanctos
301 2673 333 2725 ut
346 2669 483 2725 membra.

125 2759 169 2816 75.
186 2757 316 2816 Ecclesia
330 2757 375 2814 est
389 2773 465 2812 nnus
477 2755 557 2812 solus
571 2755 656 2811 homo
668 2754 844 2827 compositus
863 2771 898 2811 ex
918 2753 1052 2829 pluribus
1071 2755 1225 2824 membris,
1245 2771 1368 2828 quorum

91 2840 220 2898 Christus
238 2838 285 2894 est
303 2839 403 2912 capnt,
419 2836 492 2904 vita,
509 2834 712 2902 subsistentia,
726 2837 756 2892 et
777 2851 900 2908 persona
920 2855 928 2892 ι
945 2851 1021 2891 unus
1036 2834 1117 2891 solus
1134 2835 1266 2892 Christus
1288 2852 1368 2892 com-

91 2921 200 2994 positus
211 2935 246 2976 ex
259 2917 392 2993 pluribus
407 2916 528 2984 sanetis,
542 2930 663 2988 quorum
678 2915 724 2970 est
738 2913 943 2971 sanctificator.

127 3014 171 3073 76.
190 3014 270 3074 llibil
288 3012 443 3088 spatiosius
457 3011 586 3070 Ecclesia
605 3011 675 3066 Dei:
696 3010 764 3082 quia
778 3025 877 3068 omnes
896 3009 982 3067 electi
995 3011 1024 3068 et
1040 3011 1113 3084 justi
1135 3011 1264 3068 omnium
1284 3028 1372 3070 saecu·

92 3097 184 3152 lorum
197 3095 279 3152 illam
294 3095 483 3168 componunt.

130 3191 174 3248 77.
193 3191 249 3260 Qui
263 3205 321 3246 non
332 3187 411 3246 ducit
426 3188 513 3246 vitam
527 3187 644 3258 dignam
659 3185 731 3242 Filio
746 3187 797 3244 Dei
818 3188 847 3243 et
865 3187 992 3244 membro
1004 3186 1126 3257 Christi,
1141 3190 1235 3245 cessat
1250 3187 1372 3246 interius

94 3273 199 3330 babere
215 3275 304 3328 Deum
316 3285 366 3345 pro
379 3271 461 3326 Patre
474 3271 503 3326 et
517 3266 663 3325 Christum
676 3282 727 3340 pro
741 3267 845 3340 capite.

129 3368 175 3424 78.
195 3368 350 3442 Separatur
359 3365 425 3438 quis
437 3381 454 3420 a
467 3363 573 3438 populo
584 3363 688 3430 electo,
701 3363 784 3435 cujus
797 3363 888 3434 figura
901 3363 957 3420 luit
968 3363 1092 3437 populus
1101 3362 1236 3435 judaicus
1245 3365 1274 3420 et
1288 3363 1374 3436 caput

92 3447 397 3600 {ztfflisgchmm'
414 3446 470 3502 tam
486 3460 542 3501 non
552 3443 674 3500 vivendo
688 3443 845 3500 secundum
855 3443 1059 3514 Evangelium,
1072 3460 1158 3516 quam
1168 3460 1224 3501 non
1233 3441 1374 3499 credendo

131 3615 176 3672 79.
197 3570 272 3673 Utile
287 3615 316 3670 et
335 3611 530 3670 necessarium
544 3611 589 3666 est
608 3609 686 3666 omni
706 3609 847 3682 tempore,
864 3609 943 3665 omni
957 3609 1034 3680 loco,
1051 3613 1080 3667 et
1094 3611 1172 3668 omni
1188 3623 1374 3684 personarum

96 3695 196 3768 generi
223 3693 339 3750 studere
363 3695 392 3749 et
421 3706 592 3764 cognoscere
619 3688 769 3762 spiritum,
792 3689 942 3762 pietatem,
966 3691 995 3746 et
1028 3690 1166 3762 mysteria
1190 3703 1279 3747 sacrae
1304 3687 1377 3744 Scri·

95 3779 295 3913 puppam&
307 3869 395 3910 sacrae
408 3853 561 3927 Scripturas
576 3852 621 3908 est
636 3867 688 3924 pro
702 3849 846 3906 omnibus.

97 4026 122 4096 ej
126 3941 369 4080 1illstletcltlpppppritas
389 3940 482 3996 sancti
500 3938 580 3997 verbi
599 3938 652 3995 Dei
671 3953 727 3994 non
742 3938 787 3993 ast
802 3935 887 3993 laicis
906 3938 978 3995 ratio
999 3935 1184 4012 dispensandi
1203 3951 1234 3992 se
1249 3935 1327 4008 ipsos
1341 3935 1377 3992 ab

134 4118 181 4176 87.
202 4118 269 4175 Dies
290 4116 451 4173 dominicus
470 4131 488 4171 a
505 4113 671 4171 christianis
695 4111 780 4170 debet
801 4111 976 4170 sanctificari
998 4110 1169 4169 lectionibus
1193 4111 1325 4183 pietatis,
1349 4112 1379 4167 et

98 4215 188 4274 super
204 4197 300 4254 omnia
319 4199 481 4253 sanctarum
495 4193 715 4267 scripturarum.
732 4194 907 4250 Damnosum
922 4196 967 4250 est
982 4192 1056 4250 velle
1072 4190 1262 4248 christianum
1276 4188 1311 4248 ab
1324 4190 1379 4247 hac

98 4275 224 4336 lectione
238 4275 393 4334 retrabere.

134 4374 183 4432 83.
203 4375 255 4432 list
268 4371 366 4431 illusio
386 4371 443 4428 sibi
460 4369 646 4444 persuadere,
661 4368 737 4441 quod
753 4368 857 4425 notitia
869 4367 1071 4439 mysteriorum
1083 4365 1241 4439 Religionis
1259 4382 1315 4423 non
1330 4366 1380 4422 de·

99 4455 167 4513 beat
188 4451 393 4512 communicari
416 4449 541 4508 loerninis
563 4449 684 4506 lectione
709 4464 854 4505 sacrorum
877 4446 1026 4506 librorum.
1050 4447 1113 4506 Non
1136 4464 1172 4506 ex
1196 4448 1379 4506 toeminarum
