3216 5020
534 247 576 290 un
597 243 796 289 ramorrrrs
817 242 988 288 onerarem
1330 233 1399 296 ill)

125 355 254 422 Minime
268 373 339 436 ergo
358 360 495 436 apparet,
512 375 573 436 qua
592 356 708 418 ratione
726 355 790 416 haec
808 353 911 434 praxis
926 371 944 415 a
958 351 1087 416 crimine
1101 341 1294 418 divinationis
1309 361 1398 423 excu-

126 446 189 508 sari
208 448 310 524 queat.
325 444 503 506 Edisseraat
523 444 616 506 etiam
637 443 726 506 nobis
747 443 840 524 hujus
862 441 1007 504 doctrina
1028 442 1176 519 fautores,
1198 464 1259 526 qua
1282 448 1398 512 ratione

124 549 192 596 eam
212 538 396 614 componant
417 551 488 595 cum
510 533 647 596 Ecclesiae
669 531 821 607 doctrina,
843 549 912 612 qua
936 531 1047 611 sapius
1065 531 1118 592 illa
1135 532 1169 593 in
1188 532 1263 596 viris
1285 537 1398 600 sanctis

123 621 236 685 habuit
250 639 305 684 ceu
319 628 438 684 naturae
453 621 534 684 vires
548 628 579 684 et
593 621 734 684 ordinem
748 619 934 693 excedentia,
951 637 1019 700 qua
1034 619 1153 682 viribus
1167 623 1292 686 occultis
1306 631 1397 688 natu-

124 730 166 774 rae
180 710 242 790 ipsi
256 709 354 772 tribui
368 727 453 790 posse
465 711 665 774 contendunt.
683 713 753 772 Haec
773 707 870 788 igitur
891 708 1057 784 sententia,
1074 715 1111 772 ut
1123 708 1198 771 falsa
1212 718 1242 774 et
1256 713 1398 792 periculis

122 801 227 880 plena,
241 797 404 880 rejicienda
417 805 473 861 est.

163 891 234 950 2¹19.
247 885 367 949 -1110
383 887 543 950 Sattentz'a
558 886 725 968 distinguit
737 887 819 949 inter
828 886 928 949 varios
943 887 1066 949 effectus
1081 889 1315 968 amaguetismo
1328 905 1398 972 pro-

122 978 241 1039 ductos.
266 979 361 1039 Juxta
382 979 447 1058 ejus
465 981 608 1057 patronos
627 975 856 1038 admittendum
879 973 1003 1056 quidem
1023 979 1084 1051 est,
1106 995 1183 1057 saepe
1205 978 1315 1059 sapius
1337 979 1397 1042 dae-

124 1083 248 1128 monem
258 1063 292 1126 in
301 1065 505 1144 magnetismo
517 1065 644 1146 operari,
654 1065 746 1145 idque
754 1081 827 1126 cum
835 1063 958 1126 allectus
965 1065 1131 1145 productus
1138 1067 1249 1146 pendet
1261 1074 1395 1144 tautum,

124 1159 177 1216 aut
199 1154 309 1215 saltem
330 1152 494 1234 praecipue,
517 1173 535 1216 a
558 1154 716 1216 voluntate
738 1152 870 1232 agentis,
897 1153 944 1215 vel
963 1154 1084 1233 quando
1106 1157 1323 1236 mcpnetizotoa
1345 1173 1399 1238 per

125 1241 286 1304 scientiam
300 1240 436 1304 infusam
448 1241 577 1305 addiscit
591 1241 785 1322 scripturam,
804 1240 932 1317 litteras
948 1241 996 1304 vel
1010 1243 1105 1304 etiam
1118 1242 1249 1322 linguas,
1264 1263 1398 1326 quarum

124 1329 236 1392 notitia
248 1329 371 1411 penitus
383 1337 473 1392 antea
486 1331 620 1404 carebat,
635 1331 682 1394 vel
695 1331 817 1412 quando
831 1329 919 1393 novit
933 1336 989 1392 aut
1002 1329 1085 1392 videt
1101 1349 1136 1392 ea
1150 1349 1219 1411 quaa
1234 1333 1269 1395 in
1286 1351 1397 1414 magna

124 1418 273 1481 distantia
287 1418 377 1481 fiunt.
395 1421 457 1481 Hoc
471 1418 552 1482 enim
570 1419 693 1482 videtur
707 1419 833 1481 omnino
847 1417 928 1481 vires
946 1426 1066 1482 naturae
1081 1420 1234 1494 excedere,
1251 1440 1306 1484 nec
1325 1422 1399 1485 talia

126 1507 317 1570 innaturali
341 1507 615 1572 somnamhulismo
639 1506 824 1570 efficiuntur.
850 1507 1057 1570 Nihilominus
1083 1526 1145 1571 non
1170 1517 1337 1589 repugnat,
1361 1517 1398 1575 ut

105 1631 109 1640 ·
124 1595 478 1677 aiunt,1naguetismum
493 1596 566 1660 alios
578 1596 673 1660 miros
688 1595 811 1658 effectus
823 1595 1006 1657 naturaliter
1019 1595 1151 1676 operari;
1169 1597 1298 1660 mirifica
1313 1599 1405 1660 enim'

123 1691 168 1746 est
184 1684 218 1746 in
231 1685 324 1747 variis
339 1684 514 1764 corporibus
526 1685 627 1748 virtus
641 1691 672 1747 et
685 1683 814 1747 efficacia
824 1683 928 1747 fluxus
940 1683 1101 1746 naturalis.

162 1773 241 1834 Hinc
260 1773 420 1835 sententie
434 1773 528 1855 hujus
542 1773 663 1854 patroni
683 1773 884 1846 concludunt,
900 1772 1098 1852 probabiliter
1112 1771 1237 1836 admitti
1255 1781 1290 1836 ut
1305 1780 1396 1837 natu-

124 1862 199 1923 rales
213 1879 301 1942 posse
315 1861 439 1924 effectus
458 1862 658 1941 magnetisrni
670 1862 703 1924 in
718 1861 816 1942 primo
831 1867 862 1922 et
873 1860 950 1924 forte
961 1860 995 1922 in
1008 1862 1139 1923 secundo
1156 1861 1267 1943 gradu,
1284 1863 1397 1926 scilicet

122 1948 155 2010 in
164 1969 266 2011 somno
276 1957 306 2012 et
317 1949 351 2011 iu
363 1950 631 2024 aomamubalismo,
644 1969 708 2012 nou
719 1968 790 2012 vero
802 1949 836 2010 in
846 1949 937 2012 tertio
947 1950 1053 2029 gradu,
1062 1968 1116 2012 seu
1126 1950 1160 2012 in
1173 1959 1255 2012 stota
1263 1953 1394 2014 cisionis.

123 2041 163 2100 tlt
173 2039 268 2118 (quod
279 2038 332 2100 isti
342 2057 452 2119 parum
464 2039 641 2120 advertunt)
654 2038 940 2119 probandumloret,
948 2038 1115 2100 nullrunex
1126 2039 1276 2120 ejusmodi
1284 2039 1396 2102 effecti-

122 2126 180 2188 bus
188 2125 446 2216 legibusphysicis
454 2127 608 2190 ullatenus
616 2133 895 2208 repugnare,atque
903 2127 1103 2207 adeoabipsa
1116 2135 1226 2190 uatum
1238 2127 1398 2209 provenire
1487 2209 1489 2214 7

120 2233 220 2294 posse.
238 2214 350 2277 Deinde
360 2215 444 2278 haud
457 2215 605 2278 oblivioni
618 2217 803 2278 tradendum
816 2224 877 2290 est,
892 2233 955 2277 nou
967 2233 1035 2276 raro
1048 2216 1204 2279 diabolum
1218 2217 1309 2279 rebus
1321 2216 1396 2297 ipsis

120 2303 318 2366 naturalibus
330 2321 391 2366 sese
404 2303 592 2379 immiscere,
606 2310 642 2367 ut
654 2304 833 2367 hominihus
848 2303 968 2366 illudat.
983 2339 1025 2349 —-
1045 2304 1079 2366 V.
1097 2303 1205 2383 Cosas,
1222 2325 1254 2365 a.
1270 2307 1340 2369 273.

163 2390 258 2454 Crania
275 2395 409 2456 Romana
425 2391 615 2471 interrogata
628 2392 706 2455 circa
720 2411 814 2456 usum
831 2391 1030 2473 magnetisrni
1050 2391 1087 2454 iu
1105 2411 1226 2472 genere,
1241 2394 1396 2474 respondit

122 2479 451 2560 incongregatione&
469 2480 565 2544 Officii
581 2481 630 2544 die
641 2486 677 2544 tl
694 2481 798 2562 aprilis
812 2486 887 2544 taor
904 2501 911 2542 :
930 2481 1022 2544 Usum
1037 2484 1328 2563 mopaotiemiproet
1342 2503 1396 2544 ee-

121 2569 249 2650 ponitar
262 2589 321 2630 non
338 2569 437 2631 licere.
452 2571 514 2632 Hoc
534 2587 715 2650 responsum
731 2569 925 2633 confirmavit
944 2569 1056 2632 iisdem
1070 2570 1170 2632 verbis
1190 2589 1273 2633 sacra
1293 2572 1398 2633 Poeui-

123 2657 267 2719 teutiaria
287 2657 321 2720 iu
342 2657 536 2738 responsione
557 2659 595 2720 ad
617 2659 800 2740 Episcopum
820 2659 1048 2721 Lausanensem
1067 2659 1116 2720 die
1138 2658 1242 2722 ltalii
1261 2661 1396 2740 ejusdem

123 2744 207 2807 auni.
224 2747 442 2827 Exponebatur
453 2755 558 2809 autem
573 2747 701 2827 questio
720 2765 791 2808 cum
806 2746 899 2809 variis
912 2747 1069 2809 effectibus
1088 2753 1119 2808 et
1137 2746 1393 2823 circumstantiis,

122 2849 189 2914 qua
200 2835 236 2896 in
247 2835 451 2914 magnetismo
464 2835 615 2898 ordinarie
627 2834 747 2897 evenire
761 2836 872 2908 solent,
887 2841 924 2897 at
936 2834 1093 2915 sequitur:

638 3036 872 3093 PosruLnrurt

449 3185 563 3222 nutscorl
579 3185 758 3222 tnesaurum
774 3185 852 3222 ClRCA
869 3185 1056 3222 HAGNB'HBMUM

286 3329 301 3364 o
324 3307 729 3382 EminentissimeDomine,

162 3447 232 3508 280.
248 3479 287 3488 -
304 3467 319 3502 a
334 3449 413 3508 Cum
423 3444 572 3507 hactenus
587 3463 728 3525 responsa
746 3445 824 3508 circa
837 3445 1079 3524 magnetismum
1091 3445 1253 3508 animalem
1266 3445 1395 3507 minime

123 3553 137 3589 a
164 3531 298 3594 sufficere
312 3532 486 3608 rideantur,
503 3532 604 3613 sitque
618 3549 798 3614 magnopere
814 3533 983 3613 optandrun
995 3541 1032 3596 ut
1042 3534 1143 3597 tutius
1155 3533 1313 3614 magisque
1323 3533 1394 3594 uui-

122 3641 136 3677 o
161 3618 301 3682 formiter
312 3621 388 3683 solvi
400 3627 515 3703 queant
526 3639 614 3683 casus
626 3639 687 3684 nou
701 3639 769 3694 raro
780 3621 959 3697 incidentes
970 3621 1050 3684 intra
1060 3623 1198 3703 signatus
1211 3621 1395 3684 Eminentia

121 3729 137 3766 o
161 3717 270 3771 restra
284 3709 445 3773 humssiter
460 3709 619 3790 sequentia
632 3709 768 3790 exponit.

163 3819 178 3854 o
201 3801 331 3860 Persona
342 3797 556 3878 magnetiaata,
566 3799 823 3878 qumplerumque
836 3814 927 3860 sextas
938 3805 983 3861 est
993 3798 1141 3873 loemiuei,
1151 3799 1185 3860 iu
1195 3815 1267 3860 eum
1277 3803 1395 3860 statum

122 3907 137 3943 a
161 3886 276 3966 soporis
296 3885 479 3966 ingreditur,
494 3886 612 3949 dictum
630 3885 923 3948 somoomtalismam
943 3889 1160 3970 magnetem,
1179 3893 1243 3948 tam
1265 3887 1339 3958 alte,
1359 3892 1395 3948 ut

120 3995 137 4032 o
160 3992 215 4035 nec
228 3975 384 4037 maximus
399 3975 498 4054 lragor
508 3976 545 4037 ad
555 3977 621 4056 ejus
632 3993 732 4050 aures,
747 3993 801 4037 nec
813 3975 885 4037 ferri
898 3975 1016 4055 ignisve
1028 3977 1089 4038 ulla
1102 3974 1296 4037 vehementia
1309 3975 1394 4036 illam

122 4084 136 4120 o
162 4061 308 4124 suscitare
318 4063 450 4125 valeant.
462 4063 509 4125 Ab
522 4063 584 4126 solo
596 4063 843 4143 magnelizatore,
853 4063 903 4126 cui
913 4081 1095 4127 consensum
1107 4081 1200 4125 suum
1212 4062 1295 4126 dedit
1308 4064 1393 4144 (eon-

120 4171 135 4207 a
160 4169 268 4212 sensus
282 4150 366 4213 enim
380 4157 427 4214 est
440 4151 654 4232 necessarius),
670 4153 708 4213 ad
720 4149 796 4214 illud
808 4152 922 4215 extasis
933 4171 1027 4232 genus
1039 4150 1212 4227 adducitur,
1225 4152 1290 4214 sive
1299 4151 1394 4215 variis

119 4260 134 4298 a
160 4237 387 4320 palpationibus
402 4237 737 4319 gesticulationibusve,
755 4241 878 4321 qnando
891 4240 943 4302 ille
955 4240 1054 4312 adast,
1072 4239 1286 4322 siresimpliei
1305 4257 1392 4302 man-

120 4348 134 4384 «
158 4327 231 4390 dato
248 4328 412 4408 eademque
424 4328 560 4400 interno,
576 4344 647 4388 cum
659 4327 706 4389 vel
719 4328 860 4408 pluribus
871 4327 965 4390 leucis
978 4327 1083 4389 distat.

159 4439 174 4474 o
199 4419 286 4478 Tunc
298 4415 370 4478 vira
381 4433 466 4490 voce,
482 4433 536 4477 seu
550 4416 736 4490 mentaliter,
750 4417 788 4478 de
807 4435 862 4478 suo
882 4414 1118 4496 absentiumque
1138 4415 1261 4497 penitus
1275 4418 1393 4498 ignoto-

121 4524 136 4560 α
158 4523 230 4566 rum
244 4503 303 4566 sibi
317 4504 423 4566 morlia
435 4503 636 4582 interrogata,
650 4504 715 4566 hec
728 4519 856 4583 persona
867 4502 1024 4565 evidenter
1035 4502 1157 4568 indocta
1169 4505 1247 4568 illico
1260 4506 1394 4569 medicos
