3206 5024
214 197 283 259 301
748 207 953 253 reinnerus

252 323 310 388 Sed
332 307 491 397 correctio,
512 322 548 382 ut
566 319 651 383 utilis
668 318 725 396 sit,
746 319 835 382 debet
853 337 917 382 esse
936 320 1092 382 moderata
1112 327 1142 384 et
1161 323 1305 402 prudens.
1323 325 1493 408 castigatio

213 411 298 476 enim
308 411 513 488 immoderata
521 409 590 490 plus
599 409 703 472 obesse
713 426 809 488 quam
820 410 961 488 prodesse
973 408 1120 486 noscitur,
1132 409 1287 492 siquidem
1298 411 1378 476 filios
1391 416 1494 479 reddit

213 518 366 575 morosos,
383 499 536 578 stupidos,
552 497 779 578 pusillanimes,
796 502 827 559 et
840 499 1022 579 quandoque
1036 499 1245 580 desperatione
1259 501 1399 580 affectos;
1411 503 1491 580 imo,

211 609 266 672 pro
281 607 385 652 emere
398 586 578 670 parentibus
593 585 711 661 debito,
723 592 950 667 contemptum,
962 587 1010 649 vel
1023 586 1119 649 etiam
1131 587 1252 652 exitiale
1266 590 1374 654 odium
1388 609 1494 673 parere

215 679 300 742 solet.

254 769 304 828 lIl.
329 764 527 846 Enemptom.
543 768 687 828 Parentes
700 764 819 827 bonum
833 764 1008 847 exemplum
1021 763 1093 826 liliis
1108 764 1234 841 debent,
1252 772 1284 829 1ο
1297 767 1373 848 quia
1390 787 1495 832 exem-

213 857 279 938 pla,
295 853 444 917 efficacius
463 871 558 934 quam
572 851 679 928 verba,
696 852 734 914 ad
751 853 905 932 sequelam
920 852 1144 933 quodammodo
1159 853 1302 930 trahunt,
1319 859 1495 937 praesertim

215 943 242 1006 si
264 962 283 1006 a
306 941 521 1024 Superioribus
539 940 751 1023 praebeantur;
769 945 802 1004 2⁰
816 940 904 1023 quia,
921 941 949 1003 si
968 947 1110 1021 parentes
1129 941 1191 1023 ipsi
1215 951 1382 1008 noscantur
1401 946 1495 1010 malis

214 1031 354 1096 moribus
367 1029 500 1104 imbuti,
516 1047 627 1110 parum
646 1048 753 1092 eorum
769 1029 863 1092 verba
876 1029 954 1092 lilios
969 1029 1008 1093 ad
1021 1029 1116 1092 bonos
1135 1049 1234 1094 mores
1254 1033 1407 1097 sectandos
1421 1053 1495 1100 mo·

214 1121 343 1184 vehunt.
360 1154 401 1165 -
418 1119 505 1182 Unde
524 1121 555 1182 S.
572 1117 795 1200 Hieronymus,
813 1119 899 1200 epist.
916 1138 978 1193 vn,
999 1119 1041 1180 ad
1056 1119 1186 1200 Laetam,
1207 1119 1275 1184 ait:
1296 1123 1496 1199 Mementote,

214 1228 264 1270 eos
275 1217 418 1291 parentes
431 1208 561 1289 virginis
569 1254 579 1287 ,
593 1209 690 1289 mopis
704 1227 769 1268 eom
783 1208 925 1291 exemplis
938 1207 1042 1270 doceri
1050 1227 1138 1290 posse
1151 1211 1242 1292 qelam
1258 1231 1338 1274 voce.

339 1369 554 1437 Resolves.

260 1519 329 1580 316.
347 1551 387 1562 -
401 1521 432 1579 l⁰
446 1514 584 1579 Graviter
602 1520 727 1595 peccent
744 1520 884 1594 parentes
903 1513 972 1594 qui,
989 1531 1113 1577 omnem
1130 1532 1237 1578 curam
1255 1517 1294 1580 ad
1312 1518 1496 1599 temporalia

217 1609 343 1669 tantum
364 1603 591 1685 impendentes,
613 1602 822 1683 spiritualium
843 1603 889 1665 ita
908 1601 1148 1678 obliviscuntur,
1172 1607 1208 1666 ut
1228 1623 1267 1667 ne
1286 1604 1346 1686 ipsi
1368 1605 1497 1688 quidem

219 1693 317 1758 selant
336 1711 405 1774 quae
423 1692 463 1754 ad
481 1692 611 1754 salutem
627 1692 848 1772 assequendam
865 1689 940 1754 sunt
953 1690 1136 1768 necessaria,
1152 1693 1252 1756 1111111
1266 1701 1372 1757 autem
1388 1696 1496 1760 minus

219 1783 331 1846 liberos
343 1800 414 1844 suos
426 1781 586 1844 instruant
597 1786 653 1842 aut
664 1779 778 1842 instrui
791 1785 912 1843 curent.

261 1876 293 1935 2⁰
314 1874 442 1934 Peccunt
462 1868 596 1949 graviter
615 1872 754 1949 parentes
773 1869 845 1954 qui,
867 1875 904 1931 ut
927 1869 1103 1950 sumptibus
1121 1874 1264 1951 parcant,
1284 1873 1497 1938 educationem

218 1959 412 2041 spiritualem
428 1975 556 2020 suorum
569 1957 736 2020 liberorum
750 1975 875 2038 prorsus
887 1958 1056 2038 negligunt.

261 2053 292 2113 3⁰
313 2047 452 2112 Graviter
469 2049 594 2127 peccent
605 2065 667 2128 per
679 2065 709 2108 se
726 2051 867 2127 parentes
881 2047 951 2127 qui,
967 2046 1067 2109 nimie
1080 2046 1289 2129 indulgentia,
1308 2049 1383 2114 tilios
1400 2053 1498 2116 corri-

220 2155 288 2218 gere
300 2135 475 2199 notabiliter
488 2134 662 2215 negligunt,
676 2136 798 2217 quando
813 2135 951 2218 alioquin
961 2135 994 2198 id
1008 2153 1127 2199 neeesse
1140 2136 1234 2214 loret3
1249 2141 1373 2203 sednon
1386 2140 1496 2204 minus

218 2231 344 2306 peccant
357 2222 412 2304 qui
426 2222 617 2303 gravioribus
630 2224 730 2305 poenis
745 2224 778 2288 in
792 2223 870 2286 lilios
883 2224 1149 2300 animadvertunt,
1165 2245 1195 2289 v.
1211 2245 1271 2307 gn,
1287 2227 1315 2290 si
1329 2247 1378 2292 eos
1392 2228 1494 2292 muti-

218 2313 297 2387 lent,
315 2312 363 2375 vel
382 2312 425 2375 eis
444 2330 535 2392 grave
553 2312 667 2376 vulnus
688 2318 746 2374 aut
768 2313 977 2393 percussiones
998 2317 1029 2376 et
1049 2314 1273 2379 verberationes
1294 2319 1368 2381 adeo
1389 2337 1496 2400 graves

219 2401 378 2482 infligant,
394 2404 431 2464 ut
443 2399 509 2463 vita
522 2407 578 2463 aut
592 2401 708 2464 sanitas
722 2418 829 2464 eorum
840 2400 974 2464 notabile
988 2401 1213 2467 detrimentum
1227 2405 1336 2487 capiat.

259 2495 292 2554 11
313 2490 428 2571 Duplex
446 2489 560 2571 pariter
580 2495 737 2571 peccatum
758 2495 936 2572 perpetrant
955 2497 1110 2571 parentes,
1132 2511 1204 2556 cum
1228 2493 1319 2582 verba
1339 2493 1446 2575 turpia
1466 2497 1501 2558 et

221 2583 378 2646 obscoenos
390 2599 560 2658 sermones,
574 2581 772 2646 audientibus
789 2582 875 2657 liliis,
891 2582 1064 2664 proferunt,
1080 2585 1238 2648 maledicta
1251 2589 1282 2646 et
1296 2585 1501 2666 imprecatio·

221 2691 276 2735 nes
287 2676 451 2746 evomunt,
457 2673 636 2753 juramenta
645 2676 676 2732 et
687 2670 893 2751 blasphemias
907 2678 1058 2735 eructant.
1069 2673 1123 2736 His
1135 2672 1217 2737 enim
1229 2672 1330 2754 pravis
1340 2673 1500 2754 exemplis

220 2760 371 2838 efficiunt,
388 2767 425 2823 ut
438 2759 494 2821 lilii
505 2758 569 2823 haec
580 2758 685 2822 omnia
697 2759 872 2836 addiscant,
888 2764 981 2840 atque
994 2762 1100 2824 eadem
1113 2761 1285 2826 imitentur.

262 2854 293 2912 5⁰
313 2847 451 2913 Graviter
471 2854 611 2928 peceant,
632 2848 741 2910 saltem
761 2848 950 2928 generatim,
971 2856 1112 2930 parentes
1133 2851 1188 2933 qui
1209 2851 1340 2915 mittunt
1359 2853 1439 2916 filios
1458 2856 1501 2918 ed

222 2937 338 3000 scholas
355 2936 529 3011 hereticas,
546 2937 594 3000 vel
612 2936 739 3018 impias,
756 2943 810 2999 aut
824 2956 874 3000 eos
891 2937 1038 3018 magistro
1054 2938 1194 3003 heretico
1209 2941 1257 3003 vel
1273 2940 1384 3023 impio,
1404 2943 1501 3006 mori-

222 3025 319 3088 busve
332 3025 451 3105 perdito
466 3025 680 3100 committunt,
696 3030 734 3087 ut
752 3025 894 3088 scientias
911 3026 1064 3090 humanas
1083 3029 1214 3091 discant.
1231 3031 1312 3106 Quot
1329 3039 1435 3094 autem
1449 3031 1501 3094 in·

222 3112 305 3176 cauti
316 3118 346 3175 et
361 3115 496 3178 crudeles
506 3114 657 3195 genitores
667 3113 780 3177 nostris
793 3114 982 3196 temporibus
993 3122 1058 3178 tam
1070 3116 1199 3180 nefando
1207 3119 1316 3182 scelere
1326 3118 1502 3182 seobstrin·

222 3203 315 3283 guntl
335 3201 382 3264 Ab
396 3202 440 3265 eis
454 3206 587 3264 enimam
603 3223 666 3286 pro
684 3202 788 3265 anima
801 3203 937 3284 requiret
950 3203 985 3266 in
1003 3206 1162 3269 tremendo
1174 3206 1292 3288 judicio
1302 3206 1501 3290 justissimus

223 3292 331 3354 tuden.
349 3325 389 3336 -
405 3289 440 3352 V.
458 3289 540 3367 Cos,
558 3313 591 3353 η.
608 3295 667 3356 368
681 3301 710 3354 et
724 3311 784 3374 seq.

346 3443 544 3524 Quaeslta.

263 3595 389 3653 311-
404 3592 505 3666 Quen.
523 3595 554 3653 1ο
570 3589 715 3666 Qunnom
734 3593 796 3651 sint
816 3589 1015 3673 obligationes
1033 3591 1163 3656 oliorum
1182 3603 1377 3676 cognatorum
1396 3613 1504 3658 ascen·

225 3678 360 3740 dentium
375 3689 403 3741 et
418 3677 677 3740 descendentium?

142 3819 145 3827 .
263 3769 353 3849 Resp.
366 3787 378 3828 .·
393 3768 516 3830 Eaedem
535 3774 610 3830 suut
635 3766 804 3847 generatim
825 3787 897 3830 cum
920 3767 1022 3832 debita
1047 3773 1254 3853 proportione,
1279 3792 1314 3837 ac
1335 3777 1503 3855 parentum

223 3864 362 3936 respectu
383 3855 533 3932 liliorum,
557 3861 587 3918 et
613 3857 678 3918 vice
699 3875 804 3933 versa;
827 3857 882 3919 isti
904 3857 988 3922 enim
1012 3878 1133 3936 omnes,
1157 3861 1275 3925 ratione
1297 3860 1505 3942 generationis

225 3945 358 4008 aliorum
376 3945 414 4008 ab
434 3946 517 4021 aliis,
534 3942 640 4008 stricto
661 3945 785 4025 pietatis
804 3945 926 4011 vinculo
945 3947 1078 4012 invicem
1099 3950 1250 4029 ligantur,
1271 3949 1444 4032 praesertim
1458 3949 1504 4023 si,

224 4034 405 4113 parentibus
426 4032 655 4108 deficientibus,
676 4033 873 4098 ascendentes
893 4045 1041 4119 nepotum
1064 4055 1171 4100 curam
1196 4039 1376 4120 suscipiant.
1394 4038 1507 4101 -Ita

225 4140 333 4184 onnes.
1164 4138 1167 4144 ·

265 4212 365 4285 Ques.
390 4216 424 4275 2⁰
441 4213 583 4288 Ouoenem
599 4213 662 4274 sr'nt
676 4220 791 4276 mntuoe
803 4213 940 4295 fratrum
954 4223 983 4276 et
995 4234 1131 4278 sororum
1146 4215 1360 4298 obligationes?

265 4300 355 4383 Resp.
375 4307 435 4366 1⁰:
459 4302 576 4365 Debent
603 4321 634 4366 se
658 4309 769 4366 mutuo
793 4321 895 4366 amore
918 4304 1076 4386 prosequi,
1100 4323 1163 4370 non
1189 4313 1314 4370 tantum
1343 4306 1509 4370 communi

227 4385 352 4538 1111111111,
374 4395 410 4452 11
429 4389 530 4453 caeteri
551 4391 706 4468 hemines,
724 4392 776 4455 sed
796 4392 942 4474 peculiari
961 4393 1120 4457 dilectione
1141 4393 1179 4458 oh
1200 4402 1321 4458 arctum
1340 4395 1508 4476 sanguinis

227 4493 298 4538 vrnc
332 4493 398 4539 um.
