3206 5024
211 215 281 278 278
743 223 951 270 antonavas

212 339 366 422 siquidem
379 339 529 402 sinceram
542 334 637 398 fuisse
649 335 852 416 supponimus
858 335 894 398 in
900 338 1025 417 jurante
1033 333 1283 415 promissionem,
1298 343 1390 417 atque
1404 356 1494 401 exse-

202 428 346 492 cutionis
359 424 579 502 intentionem
600 424 701 504 quoad
715 425 847 486 alterum
861 431 982 498 autem,
1001 423 1198 486 irreverentia
1218 424 1345 505 quidem
1358 427 1495 489 auctori-

211 517 272 581 tati
286 516 400 580 divina
411 515 575 594 irrogatur,
592 513 644 575 sed
657 531 726 594 quse
744 531 844 593 neque
860 511 974 574 directa
988 518 1035 574 est
1048 516 1078 574 et
1092 511 1241 590 formalis,
1258 531 1329 576 cum
1343 513 1494 578 indirecte

214 599 1490 684 smmmmmmmwmmmmmmmmmmmmmm

212 698 289 758 teste
302 695 333 756 S.
350 691 468 755 'l'homa
481 691 527 773 (Ξ.
541 694 585 766 8.,
600 709 629 772 q.
646 693 696 764 89,
712 699 773 752 art.
789 690 842 771 8),
862 708 916 771 per
937 708 969 751 se
984 694 1031 751 est
1047 689 1151 752 minor
1165 689 1364 753 irreverentia
1375 710 1447 773 qua
1459 692 1495 756 in

212 783 276 847 voti
288 779 530 862 transgressione
541 777 708 842 invenitvu.
717 781 796 842 Germ
810 777 907 859 igitur
920 777 955 840 in
968 778 1034 852 hac,
1047 777 1127 841 sicut
1140 783 1171 840 et
1183 778 1218 841 in
1231 779 1369 860 qualibet
1379 779 1497 843 irreve-

202 871 315 934 rentia
329 875 435 932 contra
452 871 550 931 Deum
562 867 725 943 indirecta,
744 866 853 930 levitas
874 866 1010 930 materiae
1026 865 1064 928 ab
1078 866 1223 930 omnibus
1242 867 1439 944 admittetur,
1459 869 1497 934 iu

215 979 251 1023 ea
264 959 359 1022 etiam
373 955 565 1020 admittenda
579 961 625 1019 est
639 973 733 1037 quam
745 954 839 1018 inlert
844 954 1015 1036 juramenti
1029 955 1220 1036 promissorii
1234 957 1498 1036 transgressio.-

217 1049 345 1123 Suarez,
362 1047 534 1124 Navarrns,
546 1045 716 1128 Laymann,
729 1051 785 1107 etc.
798 1081 838 1089 —
848 1044 883 1107 S.
901 1045 983 1127 lep,
997 1045 1029 1105 in
1042 1044 1150 1127 Opere,
1168 1064 1199 1105 n.
1212 1049 1282 1120 173,
1291 1045 1366 1108 dicit
1375 1051 1498 1110 utram-

216 1156 277 1218 que
296 1134 481 1198 sententiam
499 1133 702 1214 probabilem;
722 1134 774 1196 sed
792 1132 891 1213 magis
912 1133 1052 1196 secundae
1070 1132 1232 1196 sententia
1246 1133 1398 1208 adheret,
1413 1141 1447 1197 et
1461 1135 1498 1200 in

216 1224 308 1287 Hom.
325 1233 435 1306 apost,
446 1245 479 1284 n.
493 1228 543 1300 13,
559 1223 604 1284 ait
620 1242 628 1284 ε
645 1222 685 1285 Si
696 1242 743 1284 res
753 1225 906 1304 promissa
921 1241 982 1284 non
995 1221 1037 1282 sit
1049 1223 1169 1304 pravis,
1184 1221 1355 1304 infidelitas
1366 1223 1409 1285 ad
1419 1245 1500 1306 qra-

217 1334 280 1378 eem
296 1313 417 1396 culpam
430 1331 491 1374 non
499 1314 668 1394 pertingit,

259 1406 363 1479 Quen.
387 1406 420 1465 2⁰
441 1400 491 1462 An
512 1400 625 1482 obliget
637 1401 849 1482 juramentum
866 1403 1099 1482 promissorium
1116 1420 1220 1463 errore
1238 1409 1292 1464 aut
1312 1402 1383 1464 doto
1406 1403 1499 1466 emis·

218 1489 309 1554 sum?

261 1580 466 1663 1111119,
489 1577 516 1642 si
536 1597 619 1642 error
646 1585 702 1642 aut
724 1579 811 1642 dolus
827 1585 967 1642 versetur
992 1577 1070 1641 circa
1094 1577 1139 1641 rei
1159 1579 1383 1656 substantiam
1408 1599 1499 1644 secas

218 1688 306 1744 vero,
330 1667 356 1732 si
378 1669 521 1750 adjuncta
541 1671 607 1749 ejus
630 1666 827 1730 accidentalia
848 1673 973 1730 tantum
995 1666 1119 1744 afficiat;
1134 1667 1207 1747 quia
1226 1674 1399 1732 contractus
1418 1670 1501 1732 sim-

217 1759 288 1840 plex
298 1757 453 1822 invalidus
464 1756 543 1820 foret
557 1757 591 1818 in
602 1755 697 1836 priori
709 1774 791 1831 casu,
806 1774 867 1818 non
882 1775 953 1819 vero
967 1755 1001 1818 iu
1012 1754 1182 1836 posteriori.
1193 1792 1233 1802 —
1244 1754 1279 1818 S.
1295 1757 1367 1840 Lip.
1378 1779 1409 1819 n.
1422 1762 1497 1822 175.

261 1853 388 1912 311-
409 1848 560 1922 011111
578 1845 627 1905 An
646 1843 761 1926 oblipet
776 1851 988 1920 juramentum
1001 1845 1239 1928 promissorium
1258 1857 1341 1909 metu
1360 1851 1499 1930 praeiet

218 1933 522 2020 dynantaawrnnn?

259 2027 351 2109 Resp.
371 2044 386 2088 .·
408 2023 655 2088 Controocrtitur
672 2041 686 2086 .·
705 2023 738 2084 1⁶
753 2021 913 2085 Sententia
932 2027 1121 2085 communior
1143 2023 1299 2106 affirmat,
1320 2021 1499 2106 quia,l1'cet

221 2121 394 2179 contractus
406 2112 538 2193 simplex
554 2111 632 2176 forte
652 2111 760 2174 irritus
781 2111 858 2174 foret
874 2117 1006 2194 spectato
1019 2115 1089 2194 jure
1102 2111 1254 2188 naturali,
1269 2112 1376 2176 11111111
1387 2119 1499 2176 tamen

221 2202 350 2266 efficitur
368 2202 524 2264 accedente
537 2204 730 2283 Juramento,
750 2201 832 2281 quod
853 2201 1039 2263 servandum
1060 2206 1106 2262 est
1126 2220 1164 2262 ee
1184 2201 1358 2282 1111191111,
1373 2200 1497 2282 quoties

221 2292 467 2372 absquepecceto
479 2289 593 2352 servari
604 2293 713 2372 potest.
724 2325 764 2334 -
776 2289 813 2351 S.
826 2288 897 2370 Ltp.
914 2310 946 2350 n.
964 2293 1038 2364 171,
1058 2299 1089 2351 et
1108 2289 1128 2350 1.
1145 2291 1200 2366 Ill,
1217 2311 1250 2350 n.
1267 2295 1336 2354 716.
1349 2293 1498 2354 Attamen

223 2379 344 2461 patroni
363 2379 458 2461 hcrjus
474 2377 634 2442 sententiae
653 2379 759 2440 tenent
776 2395 848 2440 eum
867 2379 896 2439 S.
917 2377 1054 2458 Ligario,
1070 2397 1158 2454 eum,
1175 2377 1230 2460 qui
1248 2386 1369 2442 metum
1387 2397 1497 2460 passus

222 2473 285 2543 est,
300 2485 388 2549 posse
396 2467 570 2549 juramenti
582 2467 801 2530 relaxationem
815 2473 930 2546 petere,
947 2472 984 2528 ut
1002 2467 1039 2530 ab
1058 2467 1241 2548 obligatione
1256 2467 1391 2530 solvendi
1405 2485 1501 2530 excu-

223 2562 323 2632 setur;
344 2562 376 2620 et
400 2555 428 2619 si
446 2558 513 2638 jam
536 2555 674 2630 solverit,
695 2573 781 2635 posse
801 2554 850 2629 id,
872 2554 953 2634 prod
974 2555 1074 2631 dedit,
1095 2555 1259 2636 injudicio
1278 2561 1431 2636 repetere,
1449 2556 1500 2620 vel

222 2647 337 2710 occulto
351 2664 382 2708 se
396 2661 601 2725 compensare.
616 2680 657 2689 —
672 2643 709 2706 S.
722 2644 793 2726 Lip.
809 2664 840 2704 n.
860 2648 931 2719 171,
948 2644 1013 2738 etl,
1029 2645 1082 2720 lll,
1096 2665 1129 2704 n.
1143 2649 1214 2707 717.

262 2735 315 2800 11⁶
334 2734 509 2810 Sententia,
535 2751 604 2814 qua
632 2739 681 2795 sat
701 2731 867 2814 probabilis
890 2731 1027 2806 videtur,
1054 2743 1164 2814 nepat;
1188 2731 1260 2814 quia
1281 2733 1499 2814 juramentum
1601 2790 1603 2815 ,

223 2824 333 2906 nequit
344 2821 577 2904 promissionem
587 2822 700 2904 dejure
709 2821 843 2884 naturali
855 2819 977 2882 irritam
986 2820 1404 2884 confirmareturementum
1413 2820 1498 2883 enim

223 2912 362 2994 sequitur
373 2917 519 2974 naturam
530 2917 632 2986 actus,
649 2909 700 2973 cui
713 2910 868 2992 adjicitur.
885 2908 962 2972 Vide
977 2909 1103 2972 dicenda
1117 2911 1151 2973 in
1167 2911 1271 2972 Tenet.
1288 2909 1325 2971 de
1340 2907 1498 2972 Contrane.

220 3019 385 3082 mpmna

263 3091 364 3164 Quas.
378 3091 411 3152 1ο
426 3089 578 3165 Quomodo
588 3098 678 3150 cesset
694 3087 843 3169 obligatio
850 3085 1045 3170 juramenti?

262 3178 355 3259 Resp.
373 3182 405 3240 1ο
418 3196 426 3239 :
439 3180 543 3241 Cessat
557 3177 595 3239 ab
605 3178 766 3239 intrc'tneeo
774 3223 783 3255 ,
800 3176 881 3239 sicut
891 3177 954 3252 lex,
971 3176 1136 3238 cessatione
1149 3194 1248 3240 causae
1259 3177 1400 3252 motivae,
1416 3177 1500 3238 nota-

221 3265 1111 3348 1111111111111111111111111,111.-3.1111187188.
1370 3267 1372 3272 ’

263 3355 357 3437 Resp.
377 3359 433 3418 be:
449 3357 552 3417 Cessat
570 3354 608 3416 ab
628 3358 815 3428 extrinseco,
831 3354 1020 3430 irritatione,
1036 3353 1275 3418 commutatione
1294 3357 1326 3417 et
1342 3352 1501 3434 dispensa-

222 3443 322 3520 tione,
339 3443 557 3518 siccantem,
573 3444 610 3506 de
624 3462 684 3524 quo
698 3443 732 3506 in
746 3443 844 3525 capite
860 3443 997 3524 sequenti
1012 3443 1158 3506 dicemus.
1171 3445 1274 3506 Cessat
1288 3441 1500 3524 1111111111-

222 3532 346 3596 xatione
361 3551 413 3596 seu
428 3530 607 3596 remissione
621 3531 816 3612 obligationis
831 3532 909 3595 faeta
923 3532 962 3594 ab
980 3551 1014 3594 so
1033 3533 1067 3594 in
1086 3535 1174 3614 cujus
1188 3529 1323 3595 favorem
1337 3529 1500 3613 promissio

218 3622 322 3702 jurata
333 3620 445 3684 emissa
458 3623 521 3696 est,
538 3620 611 3702 quia
618 3622 684 3703 juri
698 3640 753 3684 suo
768 3621 899 3702 quisque
913 3622 1016 3684 cedere
1029 3626 1139 3701 potest.

263 3712 363 3785 Qum.
380 3715 414 3776 5⁰
428 3709 478 3771 An
492 3713 547 3792 qui
561 3709 652 3772 babet
665 3709 843 3790 facultatem
860 3709 1029 3790 delegatam
1047 3708 1249 3791 dispensandi
1261 3711 1295 3770 in
1310 3711 1389 3771 cotis
1398 3710 1502 3792 possit

222 3803 315 3862 etiam
331 3799 509 3883 dispensare
525 3801 560 3859 in
574 3799 764 3879 juramentis
783 3802 862 3882 piis,
886 3799 921 3861 id
940 3809 985 3862 est
1004 3799 1064 3861 soli
1081 3798 1144 3860 Deo
1159 3801 1327 3882 prestitis,
1343 3797 1381 3860 de
1400 3796 1503 3859 eadem

224 3891 376 3952 materia?

266 3975 360 4062 Resp.
378 3984 411 4042 1ο
430 3977 571 4060 Affinis„
588 3976 624 4040 in
638 3977 717 4040 votis
726 3977 856 4058 juratis,
873 3996 927 4041 seu
941 3977 1064 4058 quando
1079 3981 1187 4040 votum
1200 3976 1305 4057 ipsum
1322 3978 1506 4058 juramento

216 4064 384 4130 ¹firmatum
397 4073 444 4130 est
458 4085 467 4130 :
483 4065 684 4131 accessorium
695 4064 780 4128 enim
795 4064 935 4147 sequitur
948 4065 1125 4148 principale.
1141 4099 1182 4112 ·-
1192 4065 1245 4129 Ita
1260 4067 1461 4127 communius.

264 4154 358 4238 Resp.
378 4159 411 4220 2⁰
431 4175 440 4219 ε
465 4155 570 4232 Quoad
588 4157 767 4236 iuramenta
789 4153 1029 4236 independenter
1049 4173 1067 4216 a
1086 4161 1157 4219 voto
1178 4159 1234 4216 aut
1254 4152 1321 4216 sine
1345 4153 1407 4216 ullo
1432 4156 1507 4214 voto

223 4243 616 4320 enfissa,controoerntnr.

264 4331 298 4396 1⁶
309 4333 470 4396 Sententia
483 4332 659 4416 procantis
679 4338 785 4414 negat,
801 4333 875 4415 quia
888 4332 1059 4415 juramenti
1077 4332 1238 4396 duculum
1258 4349 1277 4393 a
1294 4329 1360 4394 voti
1379 4327 1506 4394 vinculo

224 4420 322 4500 specie
334 4420 492 4484 diversum
510 4427 572 4498 est;
588 4440 622 4485 ac
635 4427 796 4503 praeterea,
810 4425 902 4504 juxte
922 4422 1041 4505 stylum
1057 4420 1156 4485 curia
1174 4425 1340 4494 Romanae,
1358 4419 1427 4482 duae
1442 4417 1507 4480 illae

221 4505 381 4571 facultates
395 4510 522 4572 seorsim
536 4510 742 4574 conteramtur.
