3216 5020
688 551 999 633 sandratus

484 725 631 907 'oo
675 799 1153 911 vrorurmus

251 1322 320 1384 185.
336 1357 374 1365 —
388 1319 497 1384 Virtus
508 1327 555 1383 est
569 1318 696 1382 habitus
710 1319 817 1400 agendi
832 1320 958 1383 honesto
973 1339 1026 1383 seu
1037 1321 1129 1400 juxta
1143 1325 1261 1382 rectum
1276 1317 1423 1383 ordinem.

251 1409 390 1472 Virtutes
404 1409 496 1472 variae
511 1407 619 1490 speciei
633 1407 880 1489 distinguuntur,
897 1407 1031 1470 scilicet:

250 1504 284 1560 t⁰
296 1497 473 1572 Naturales,
488 1499 535 1560 vel
554 1498 816 1578 supernaturales,
837 1504 927 1578 prout
944 1495 1062 1559 viribus
1081 1497 1291 1570 naturalibus
1312 1497 1359 1560 vel
1377 1511 1472 1574 super-

210 1587 360 1650 naturalis
373 1586 477 1667 gratiae
489 1585 604 1650 auxilio
619 1585 822 1666 acquiruntur
835 1593 866 1648 et
880 1591 1110 1649 conservantur.

251 1681 284 1738 9⁰
296 1676 426 1756 Intnsa,
444 1677 491 1738 vel
510 1676 681 1757 aequisita,
699 1682 790 1756 prout
806 1695 823 1737 a
841 1679 901 1737 Deo
915 1675 980 1756 ipso
998 1674 1033 1736 in
1047 1693 1097 1736 cor
1110 1673 1331 1748 infunduntur,
1349 1669 1471 1735 relacti-
1578 1717 1579 1750 r

211 1765 270 1826 hus
283 1765 421 1845 repetitis
438 1764 556 1844 agentis
570 1764 785 1844 acquiruntur.
1578 1753 1579 1830 J

251 1859 284 1916 3⁰
302 1853 502 1934 Uectonicae,
520 1853 567 1914 rel
581 1853 724 1927 morales,
739 1859 831 1933 prout
848 1855 946 1914 Deum
962 1852 1139 1915 immediate
1158 1852 1342 1932 respiciunt,
1362 1849 1407 1911 rel
1426 1862 1474 1926 pro
1578 1841 1579 1858 ¹

212 1942 327 2023 objecto
341 1941 520 2005 immediato
544 1941 672 2003 actionis
690 1941 884 2003 honestatem
897 1940 1023 2003 habent.
1040 1942 1113 2004 Inde
1126 1941 1213 2004 facile
1231 1939 1402 2012 deducitur,
1418 1935 1473 1996 rir-
1578 1961 1579 2010 j

212 2037 295 2094 tutes
308 2029 487 2110 theologicas
500 2029 667 2092 moralibus
681 2049 744 2092 esse
755 2029 956 2110 perfectiores.

253 2121 388 2194 Quatuor
405 2123 479 2179 sunt
502 2116 634 2180 virtutes
657 2119 784 2181 morales
803 2117 987 2192 cardinaleS,
1001 2119 1040 2181 ad
1059 2137 1136 2199 quas
1154 2125 1268 2182 catera
1284 2117 1472 2180 reducuntur,

213 2207 326 2270 scilicet
349 2205 528 2288 prudentia,
544 2207 684 2288 justitia,
709 2207 857 2288 fortitudo
879 2213 909 2269 et
931 2208 1138 2289 temperantia.
1160 2209 1237 2270 Cum
1260 2209 1299 2270 de
1318 2200 1473 2268 tirtutibus

214 2293 380 2358 moralibus
395 2294 429 2356 in
442 2301 506 2358 tota
519 2294 579 2357 sere
594 2295 743 2376 theologia
757 2295 865 2358 morali
880 2314 979 2359 sermo
995 2295 1051 2372 sit,
1067 2296 1117 2358 hie
1132 2295 1292 2376 speciatim
1312 2307 1429 2375 agenurs
1441 2285 1474 2348 de

214 2383 385 2446 virtutibus
400 2383 591 2464 theologicis,
608 2403 716 2464 nempe
731 2383 768 2446 de
782 2383 874 2462 Fide,
894 2385 957 2468 Spe
971 2391 1002 2446 ot
1019 2383 1165 2446 Caritate.

743 2610 920 2686 CAPUT
947 2612 962 2686 l

769 2799 819 2848 DE
846 2799 941 2848 FIDE

258 2956 327 3014 186.
341 2987 381 2997 -
405 2953 493 3016 Fides
517 2953 552 3014 in
577 2970 684 3031 genere
710 2959 755 3015 est
778 2972 920 3016 assensus
943 2961 1065 3034 propter
1088 2953 1304 3016 auctoritatem
1322 2940 1475 3030 loquentis-

218 3041 355 3102 Pressius
378 3041 416 3102 ad
435 3059 500 3104 rem
519 3047 673 3114 nostram,
690 3042 794 3113 Fides,
810 3042 845 3104 in
868 3049 1021 3121 quantum
1042 3047 1090 3104 est
1107 3041 1224 3115 virtus
1245 3041 1410 3105 definitur:
1426 3033 1478 3093 na-

218 3128 303 3192 bitus
328 3129 583 3209 supernaturafis‚
607 3129 746 3205 infusus,
773 3129 925 3191 inclinans
948 3131 1139 3194 intellectum
1163 3131 1201 3192 ad
1229 3130 1359 3193 firmiter
1386 3133 1478 3185 assell-

217 3217 359 3280 tiendum
381 3217 563 3281 veritatibus
591 3221 690 3280 alteo
717 3217 873 3291 revelatis,
896 3224 926 3280 et
947 3219 985 3280 ab
1009 3218 1140 3282 Ecclesia
1164 3219 1343 3299 propositis,
1370 3211 1480 3293 propter

218 3306 432 3369 auctoritatem
445 3306 498 3368 Dei
519 3306 693 3369 revelantis.
712 3308 748 3368 In
767 3313 921 3386 quantum
947 3325 1016 3371 vero
1035 3315 1082 3370 est
1100 3314 1201 3380 actuS,
1218 3307 1333 3370 dieitur
1350 3305 1479 3365 assensus
1579 3305 1580 3308 ’

218 3394 416 3456 firmissimus
428 3395 518 3458 rebus
533 3414 551 3457 a
568 3401 626 3458 Deo
641 3395 782 3458 revelatis
793 3402 915 3476 propter
929 3395 982 3458 Dei
1004 3395 1167 3458 revelantis
1181 3395 1393 3458 auctoritatem
1411 3395 1478 3464 prae·

219 3482 323 3545 stitus.
339 3519 380 3529 -
393 3481 427 3545 S.
445 3483 512 3566 Liq.
531 3505 561 3544 n.
579 3489 609 3548 fi.

261 3572 353 3634 Fides
367 3579 414 3636 est
428 3579 460 3635 1⁰
474 3572 649 3650 habitualis,
666 3575 714 3636 uel
728 3573 867 3652 actualis,
884 3580 975 3653 prout
989 3579 1034 3635 est
1047 3573 1179 3636 habitus
1188 3573 1233 3635 vel
1246 3579 1343 3635 actus.
1423 3634 1429 3648 ,

259 3665 293 3722 2⁰
305 3661 484 3743 Ecolisna,
506 3662 732 3744 retemptare,
749 3662 866 3726 ratione
882 3662 1007 3742 objecti,
1024 3668 1115 3742 prout
1133 3662 1190 3724 hoc
1208 3661 1241 3723 in
1261 3681 1292 3724 se
1311 3665 1356 3723 est
1372 3661 1481 3751 expres·

220 3757 340 3812 sumet
360 3751 605 3825 evolutum‚aut
629 3756 753 3813 tentum
774 3750 808 3812 in
828 3751 887 3813 alio
908 3757 1098 3813 contentum.
1123 3751 1181 3824 Sic,
1204 3769 1233 3812 v.
1260 3769 1319 3828 gr„
1341 3745 1366 3808 si
1389 3741 1479 3837 daca&

219 3838 312 3900 Credo
327 3836 361 3900 in
376 3840 427 3900 SS.
443 3837 643 3913 Trimtatenr‚
658 3839 741 3901 elicis
756 3844 859 3900 aetram
873 3839 960 3900 Fidei
972 3839 1150 3919 explicitum
1162 3838 1196 3902 in
1208 3839 1285 3901 ifiud
1295 3834 1481 3917 mysianum·

220 3925 250 3987 Si
263 3945 335 3988 vero
349 3926 449 3989 dicas:
465 3928 558 3990 Credo
578 3927 682 3990 omnia
700 3946 768 4008 queo
789 3928 873 3990 docet
889 3927 1019 3990 Ecclesia
1035 3946 1098 3990 esse
1113 3928 1274 4002 credenda,
1290 3921 1371 3989 elicis
1387 3919 1482 3977 actull1

221 4013 309 4076 Fidei
320 4014 507 4094 implicitum
521 4015 555 4078 in
570 4015 690 4094 singula
700 4017 843 4095 dogmata
854 4016 997 4078 revelata.
1455 4080 1461 4092 ,

261 4107 293 4165 30
313 4104 481 4184 Formatis,
505 4105 553 4166 vel
574 4104 729 4178 attractis,
754 4111 846 4184 prout
869 4103 942 4166 fides
960 4105 1008 4166 uel
1029 4111 1076 4167 est
1095 4104 1254 4166 actualiter
1271 4101 1383 4168 elicita,
1397 4085 1441 4150 iel
1453 4095 1481 4142 ¹¹¹

221 4197 325 4252 mente
339 4210 534 4272 perseverans
548 4193 775 4255 inadvertenter
789 4192 821 4254 ri
836 4211 891 4254 sua
905 4191 939 4254 in
950 4193 1082 4256 actiones
1096 4193 1212 4255 induit.

261 4279 527 4344 contentiosa
551 4283 633 4362 viva,
653 4282 700 4344 vel
719 4281 859 4361 infamis
883 4299 936 4343 seu
957 4292 1089 4359 iaortaa,
1105 4288 1195 4363 prout
1214 4277 1416 4364 conjnngitun
1441 4253 1481 4320 Vel

221 4385 300 4442 non,
317 4369 711 4450 omnoperihuscaritatis.
1402 4446 1409 4459 .

262 4455 420 4537 Aaendam
440 4460 591 4542 precipue
610 4466 643 4522 1⁰
664 4461 700 4524 de
717 4461 894 4524 necessitate
918 4460 1019 4536 Fidei3
1036 4497 1076 4508 —
1094 4465 1127 4525 2⁰
1148 4463 1184 4524 de
1200 4451 1429 4544 objectoFide13
1450 4465 1484 4481 ““

222 4551 257 4611 3⁰
271 4547 309 4609 de
321 4544 407 4609 vitiis
419 4545 505 4611 Fidei
518 4548 674 4628 oppositis.
