3216 5020
213 189 282 248 Eli
744 193 955 240 reserares

253 319 285 376 3⁰
301 310 436 387 Occulta,
453 308 501 371 vel
514 310 649 386 1111111,
663 313 756 386 prout
769 305 888 368 nemini
902 312 957 368 ant
969 305 1072 386 paucis
1086 312 1225 383 tantum,
1238 309 1285 370 vel
1295 308 1403 372 multis
1412 317 1487 374 nota

211 409 300 552 estlid
317 487 474 561 haeresim,
496 489 531 546 ut
549 483 701 558 diximus,
722 483 852 546 refertur
869 482 1034 564 apostasia,
1051 502 1119 564 quae
1138 489 1183 546 est
1204 485 1304 548 totalis
1325 485 1452 552 defectio
1468 509 1487 551 a

211 581 283 644 Fide
298 576 475 640 christiana.
492 577 533 636 De
547 573 702 653 erigitur,
721 572 802 635 sicut
815 572 852 634 de
864 572 974 636 haeresi
987 571 1122 647 formali,
1138 575 1349 639 statuendum.

332 736 556 818 Principia.

248 881 318 944 ⁶209.
334 913 375 924 -
390 879 413 938 Ι.
430 874 560 938 Heresis
571 873 711 955 formalis
721 879 767 935 111
778 890 895 953 semper
909 871 1128 952 gravissimum
1141 880 1308 953 peccatum,
1324 875 1405 938 sicut
1419 877 1488 957 ipsa

208 967 382 1031 infidelitas.
404 964 493 1030 Ratio
511 969 572 1038 est,
594 967 626 1025 10
646 962 720 1043 quia
741 962 841 1024 virtus
861 961 960 1034 Fidei,
977 967 1083 1042 utpote
1097 961 1280 1042 theologica,
1297 969 1344 1026 est
1363 982 1428 1027 nna
1446 985 1486 1028 cx

208 1055 368 1139 precipuis
385 1051 572 1126 virtutihus,
588 1058 620 1114 ct
632 1050 758 1131 proinde
772 1056 928 1130 peccatum
942 1048 1001 1129 ipsi
1016 1049 1128 1112 directe
1139 1051 1312 1131 oppositum
1325 1071 1428 1115 unum
1439 1059 1486 1118 est

207 1165 245 1209 ex
263 1141 468 1226 gravissimis;
487 1145 520 1203 10
538 1139 627 1204 Fides
643 1146 690 1202 est
705 1137 943 1201 fundamentum
959 1137 1105 1219 justitia,
1130 1138 1195 1201 sine
1218 1158 1279 1220 qua
1299 1143 1487 1223 impossibile

207 1246 250 1297 111
266 1235 385 1317 placere
403 1229 465 1292 Deo
485 1248 498 1290 .·
513 1246 582 1308 ergo
601 1227 740 1302 heresis,
763 1227 935 1307 expellendo
958 1225 1078 1300 Fidem,
1095 1227 1196 1308 privat
1215 1229 1374 1292 hominem
1396 1233 1484 1295 omni

202 1322 341 1405 justitia;
362 1325 395 1384 3⁰
410 1317 482 1400 quia
495 1316 620 1379 heresis
638 1321 685 1379 est
703 1321 896 1395 contemptus
914 1315 1104 1378 auctoritatis
1118 1315 1171 1378 Dei
1191 1317 1369 1396 revelantis;
1390 1326 1422 1382 et
1440 1320 1484 1382 sic

206 1419 252 1474 est
266 1411 378 1474 directe
394 1415 426 1471 et
438 1405 616 1469 immediate
632 1410 737 1467 contra
748 1407 856 1466 Deum.

246 1491 893 1579 Π.Η11111111111111111111111111111111
909 1493 1008 1572 culpa.
1028 1493 1116 1557 Ratio
1129 1500 1214 1573 patet
1232 1514 1270 1558 cx
1288 1500 1353 1578 ejus
1373 1497 1485 1560 defiui-

205 1589 289 1652 tione
306 1608 313 1649 :
330 1584 515 1668 supponitur
526 1583 611 1646 enim
623 1580 779 1663 quispiam
792 1579 843 1642 hic
855 1584 886 1642 et
898 1599 981 1642 nuno
994 1599 1093 1644 errare
1109 1599 1148 1643 ex
1160 1581 1334 1662 ignorantia
1347 1585 1483 1649 invinci-

204 1677 259 1740 bili
273 1675 428 1751 veritatis;
444 1679 602 1753 peccatum
617 1677 722 1734 antem
736 1687 808 1732 cum
822 1666 877 1732 tali
896 1668 1069 1748 ignorantia
1083 1676 1129 1732 est
1142 1669 1341 1752 impossihile.
1358 1677 1481 1754 Ergo...

325 1835 520 1915 QuaesIta.

242 1981 313 2041 111).
327 2009 368 2020 -
381 1975 482 2048 Quaen.
502 1976 534 2034 10
552 1969 692 2045 Quaem
706 1972 769 2029 sint
780 1970 867 2049 signa
880 1967 1002 2029 haeresis
1015 1968 1197 2046 materialis,
1214 1979 1243 2032 et
1256 1970 1418 2052 formalis?

243 2067 335 2148 Resp.
352 2063 393 2124 ad
404 2064 540 2144 primum
555 2077 566 2116 .·
578 2058 752 2121 Genscndus
765 2056 926 2120 hereticus
940 2056 1107 2120 materialis
1121 2063 1260 2136 tantum,
1278 2066 1310 2122 10
1324 2061 1377 2141 qui
1391 2081 1483 2143 para-

202 2162 254 2218 tus
268 2158 315 2216 est
329 2171 360 2215 se
376 2149 559 2212 submittere
569 2145 686 2229 judicio
703 2145 856 2220 Ecclesia,
879 2145 984 2208 statim
1005 2165 1039 2208 ac
1053 2146 1129 2209 illud
1146 2147 1280 2224 noverit;
1296 2187 1336 2195 —
1353 2155 1385 2213 2⁰
1402 2153 1479 2232 qui,

202 2250 295 2306 natus
308 2241 390 2303 inter
403 2237 576 2312 haereticos,
590 2236 707 2298 devera
721 2233 886 2298 Fidenihil
901 2235 1042 2314 cognovit
1057 2240 1087 2296 et
1102 2236 1138 2297 de
1153 2255 1208 2298 sua
1225 2237 1379 2318 Religione
1393 2259 1481 2304 nun-

202 2349 296 2411 quam
310 2326 479 2401 dnhitavit;
497 2363 535 2371 -
550 2331 582 2388 30
595 2323 665 2404 qui,
682 2323 844 2398 dubitans,
862 2340 1036 2402 cognoscere
1052 2323 1174 2387 studuit
1187 2326 1364 2404 veritatem,
1377 2347 1480 2410 quan-

202 2428 272 2483 tum
284 2417 400 2499 potuit,
416 2415 548 2478 necdum
562 2413 600 2475 ad
615 2429 682 2474 eam
696 2411 846 2491 pervenit.

242 2509 334 2591 ltesp.
351 2505 391 2568 cd
403 2503 567 2566 emendum
580 2521 593 2562 .·
607 2499 773 2565 Hareticus
787 2499 922 2562 formalis
935 2501 1125 2581 reputandus
1144 2508 1238 2566 11110
1260 2503 1314 2585 qui
1333 2505 1477 2581 dubitat,

200 2602 291 2679 atque
305 2615 342 2658 er
354 2592 519 2676 pertinacia
533 2609 596 2652 non
608 2590 675 2652 vult
690 2588 820 2651 ulterius
837 2587 1008 2668 inquirere;
1023 2625 1062 2634 -
1076 2593 1109 2652 2⁰
1124 2591 1178 2670 qui
1195 2592 1310 2654 iterum
1323 2611 1360 2655 ex
1377 2596 1480 2673 pcrti-

200 2687 288 2749 uacia
308 2682 420 2748 avertit
443 2680 592 2743 malitiose
613 2677 803 2740 intellectum
822 2695 840 2739 a
865 2677 991 2739 motivis
1011 2677 1218 2753 auctoritatis,
1246 2689 1281 2744 nt
1304 2699 1364 2744 suae
1383 2689 1480 2748 secta

201 2777 351 2838 adhaereat
362 2793 368 2848 ;
381 2807 421 2816 -
435 2775 468 2834 30
483 2768 551 2851 qui,
569 2767 673 2847 agnita
687 2763 831 2842 veritate,
846 2765 944 2828 adhuc
956 2766 1138 2828 contradicit
1151 2769 1300 2833 Ecclesia.

242 2865 343 2938 Quae.
360 2865 394 2923 2⁰
410 2861 461 2921 An
480 2857 523 2918 sit
536 2856 694 2919 hereticus
707 2854 846 2933 formalis
859 2855 913 2936 qui
927 2853 1047 2917 dubitat
1062 2855 1097 2917 de
1110 2856 1211 2938 ctiqoo
1227 2859 1317 2920 Fidei
1331 2861 1480 2923 crtr'cato?

241 2951 329 3032 Hesp.
347 2955 379 3011 1ο
394 2948 418 3010 A
424 2946 534 3028 sfirm,
552 2945 578 3006 si
597 2942 726 3025 positive
748 2941 883 3017 dubita,
896 2942 1059 3024 judicando
1073 2943 1223 3008 incertam
1235 2965 1299 3010 esse
1312 2948 1477 3012 veritatem

199 3055 294 3118 quam
307 3037 363 3100 scit
379 3053 444 3098 esse
458 3054 475 3096 a
491 3036 550 3096 heo
563 3032 728 3094 revelatam
741 3037 772 3092 et
788 3029 826 3092 ah
841 3030 972 3093 Ecclesia
983 3031 1188 3112 propositam:
1203 3035 1375 3100 voluntarie
1389 3037 1477 3101 enim

199 3123 380 3189 contradicit
393 3121 489 3186 Fidei.

240 3215 327 3296 Besp.
357 3217 390 3275 2⁰
416 3207 556 3292 affirm„
573 3208 703 3283 iterum,
735 3207 762 3269 si
787 3207 943 3287 negative,
971 3227 1003 3271 se
1034 3209 1162 3286 habeat,
1190 3217 1282 3293 atque
1309 3215 1478 3294 suspendat

198 3321 358 3367 assensum
372 3319 410 3363 ex
427 3297 547 3361 formali
560 3304 616 3360 aut
629 3294 755 3359 virtuali
772 3302 949 3375 contemptu
962 3296 1075 3361 divina
1094 3299 1299 3363 revelationis.
1317 3301 1407 3365 Secus
1418 3322 1477 3366 an·

199 3399 277 3469 tem,
290 3392 316 3454 si
329 3391 363 3453 id
373 3387 466 3451 faciat
476 3406 514 3449 er
524 3385 724 3466 negligentia,
735 3389 791 3446 aut
804 3382 878 3464 quia
885 3383 952 3447 vult
964 3393 1101 3449 mentem
1113 3388 1151 3450 ad
1160 3387 1220 3450 alia
1233 3389 1397 3467 divertere,
1412 3397 1477 3455 etc.

236 3484 338 3557 Quian.
355 3484 388 3542 30
410 3478 461 3539 An
480 3478 522 3536 eit
539 3474 696 3538 lroereticccs
711 3472 867 3554 sarmata,
888 3473 942 3555 qui
949 3473 1102 3555 judiciam
1121 3476 1266 3540 Ecclesia
1286 3479 1479 3561 sufficienter

194 3570 386 3654 propositum
399 3563 597 3648 pertinaciter
610 3571 700 3644 negot
714 3581 772 3623 esse
786 3581 852 3624 cere
866 3561 1188 3646 Eccleet'oejadictam?

237 3659 325 3741 Hesp.
341 3655 469 3737 Asfirm.
484 3652 598 3714 Eadem
611 3651 696 3712 enim
709 3650 783 3713 Fide
798 3668 861 3731 qua
871 3649 1042 3730 obligamur
1055 3654 1094 3716 ad
1106 3672 1142 3716 ea
1154 3655 1303 3718 credenda
1321 3673 1391 3736 quae
1407 3657 1476 3721 tue-

195 3753 271 3812 ruut
281 3748 319 3810 ah
334 3743 465 3808 Ecclesia
477 3738 620 3814 definita,
637 3739 810 3819 obligamur
823 3739 862 3801 ad
876 3740 1062 3802 credendum
1075 3759 1111 3804 ea
1125 3761 1195 3806 vere
1209 3742 1304 3808 fuisse
1318 3745 1357 3808 ab
1372 3746 1477 3811 Eccle-

196 3836 242 3900 sia
264 3833 399 3899 detinita.
425 3830 487 3905 Sic,
516 3826 679 3890 hereticus
708 3833 788 3890 esset
808 3826 863 3906 qui
890 3827 1008 3890 decreta
1032 3829 1158 3893 concilii
1183 3831 1359 3896 Tridentini
1378 3835 1478 3900 nollet

195 3925 306 3988 habere
320 3929 469 4004 tanquam
483 3933 593 3980 verum
606 3922 638 3978 et
649 3913 808 3978 infallibile
823 3914 961 3978 Ecclesia
971 3917 1137 3997 judicium.

235 4016 335 4088 Quae.
351 4017 385 4075 10
399 4009 451 4072 Aa
464 4007 506 4069 eit
522 4004 678 4069 terestres
690 4003 833 4085 formalis
847 4006 902 4084 qui
918 4005 1027 4068 Fidem
1042 4017 1165 4071 aeterne
1175 4017 1291 4072 tontum
1309 4013 1422 4094 negat?

236 4101 323 4184 Hesp.
338 4099 418 4182 Ncg.
432 4095 521 4161 Nullo
541 4092 626 4156 enim
643 4092 733 4155 modo
753 4097 799 4154 111
812 4091 989 4170 hereticus,
1006 4095 1080 4176 quia
1096 4096 1131 4160 in
1146 4116 1179 4162 eo
1193 4116 1257 4162 non
1271 4104 1316 4162 est
1330 4119 1478 4168 assensus

196 4189 336 4269 pertinax
349 4193 454 4251 contra
467 4183 594 4259 Fidem,
610 4184 640 4246 et
653 4179 780 4262 proinde
798 4179 833 4242 in
849 4179 913 4243 loro
931 4183 1124 4248 conscientia
1142 4186 1355 4252 hereticorum
1366 4209 1478 4272 poenas

197 4295 259 4339 non
269 4276 415 4351 incurrit,
429 4272 574 4358 quamvis
589 4269 723 4351 graviter
737 4275 838 4350 peccet
852 4275 958 4334 contra
970 4280 1157 4354 praceptmn
1170 4275 1266 4338 Fidei.

243 4363 315 4429 Vide
326 4365 418 4448 ptura
430 4363 466 4426 de
488 4361 597 4424 ltoercsi
615 4359 647 4420 in
669 4357 772 4421 chct.
788 4357 827 4421 de
843 4357 1000 4438 Censoris,
1016 4361 1069 4425 ott
1081 4367 1171 4426 etiam
1185 4363 1301 4430 dicetur
1315 4367 1351 4430 de
1363 4369 1477 4450 prodi·

199 4450 307 4516 titione
322 4453 484 4527 librorum,
500 4469 614 4513 necnon
628 4447 663 4510 dc
676 4446 792 4510 Indice.
