<?xml version="1.0" encoding="UTF-8"?>
<!DOCTYPE html PUBLIC "-//W3C//DTD XHTML 1.0 Transitional//EN"
    "http://www.w3.org/TR/xhtml1/DTD/xhtml1-transitional.dtd">
<html xmlns="http://www.w3.org/1999/xhtml" xml:lang="en" lang="en">
 <head>
  <title>
</title>
<meta http-equiv="Content-Type" content="text/html;charset=utf-8" />
  <meta name='ocr-system' content='tesseract 3.04.00' />
  <meta name='ocr-capabilities' content='ocr_page ocr_carea ocr_par ocr_line ocrx_word'/>
</head>
<body>
  <div class='ocr_page' id='page_1' title='image "./compendiumtheol02gurygoog_0160.png"; bbox 0 0 3202 5020; ppageno 0'>
   <div class='ocr_carea' id='block_1_1' title="bbox 491 322 1005 635">
    <p class='ocr_par' dir='ltr' id='par_1_1' title="bbox 491 322 1005 635">
     <span class='ocr_line' id='line_1_1' title="bbox 593 322 901 406; baseline 0 0"><span class='ocrx_word' id='word_1_1' title='bbox 593 322 901 406; x_wconf 71' lang='lat' dir='ltr'>incertius</span> 
     </span>
     <span class='ocr_line' id='line_1_2' title="bbox 491 521 1005 635; baseline 0.002 -1"><span class='ocrx_word' id='word_1_2' title='bbox 491 524 594 634; x_wconf 86' lang='lat' dir='ltr'>DE</span> <span class='ocrx_word' id='word_1_3' title='bbox 644 521 1005 635; x_wconf 87' lang='lat' dir='ltr'>LEGIBUS</span> 
     </span>
    </p>
   </div>
   <div class='ocr_carea' id='block_1_2' title="bbox 109 958 1382 1224">
    <p class='ocr_par' dir='ltr' id='par_1_2' title="bbox 109 958 1382 1224">
     <span class='ocr_line' id='line_1_3' title="bbox 149 958 1381 1040; baseline -0.003 -13"><span class='ocrx_word' id='word_1_4' title='bbox 149 967 213 1027; x_wconf 83' lang='lat' dir='ltr'>Lex</span> <span class='ocrx_word' id='word_1_5' title='bbox 227 967 274 1025; x_wconf 91' lang='lat' dir='ltr'>est</span> <span class='ocrx_word' id='word_1_6' title='bbox 285 960 391 1040; x_wconf 88' lang='lat' dir='ltr'>regula</span> <span class='ocrx_word' id='word_1_7' title='bbox 404 965 530 1022; x_wconf 80' lang='lat' dir='ltr'>externa</span> <span class='ocrx_word' id='word_1_8' title='bbox 546 965 576 1021; x_wconf 94' lang='lat' dir='ltr'>et</span> <span class='ocrx_word' id='word_1_9' title='bbox 590 965 707 1021; x_wconf 88' lang='lat' dir='ltr'>remota</span> <span class='ocrx_word' id='word_1_10' title='bbox 720 963 846 1022; x_wconf 83' lang='lat' dir='ltr'>actuum</span> <span class='ocrx_word' id='word_1_11' title='bbox 857 958 1083 1034; x_wconf 88' lang='lat' dir='ltr'>humanorum,</span> <span class='ocrx_word' id='word_1_12' title='bbox 1096 958 1175 1022; x_wconf 92' lang='lat' dir='ltr'>sicut</span> <span class='ocrx_word' id='word_1_13' title='bbox 1187 959 1381 1036; x_wconf 87' lang='lat' dir='ltr'>conscientia,</span> 
     </span>
     <span class='ocr_line' id='line_1_4' title="bbox 109 1046 1382 1130; baseline -0.003 -14"><span class='ocrx_word' id='word_1_14' title='bbox 109 1073 165 1116; x_wconf 89' lang='lat' dir='ltr'>seu</span> <span class='ocrx_word' id='word_1_15' title='bbox 182 1051 339 1115; x_wconf 74' lang='lat' dir='ltr'><strong>dictamen</strong></span> <span class='ocrx_word' id='word_1_16' title='bbox 352 1047 519 1130; x_wconf 84' lang='lat' dir='ltr'>practicam</span> <span class='ocrx_word' id='word_1_17' title='bbox 532 1047 677 1122; x_wconf 85' lang='lat' dir='ltr'>rationis,</span> <span class='ocrx_word' id='word_1_18' title='bbox 689 1053 735 1110; x_wconf 93' lang='lat' dir='ltr'>est</span> <span class='ocrx_word' id='word_1_19' title='bbox 747 1047 925 1110; x_wconf 88' lang='lat' dir='ltr'>eorumdem</span> <span class='ocrx_word' id='word_1_20' title='bbox 939 1047 1042 1127; x_wconf 89' lang='lat' dir='ltr'>regula</span> <span class='ocrx_word' id='word_1_21' title='bbox 1056 1046 1179 1110; x_wconf 90' lang='lat' dir='ltr'>interna</span> <span class='ocrx_word' id='word_1_22' title='bbox 1192 1053 1222 1110; x_wconf 91' lang='lat' dir='ltr'>et</span> <span class='ocrx_word' id='word_1_23' title='bbox 1232 1048 1382 1130; x_wconf 85' lang='lat' dir='ltr'>proxima.</span> 
     </span>
     <span class='ocr_line' id='line_1_5' title="bbox 149 1134 1344 1224; baseline -0.004 -19"><span class='ocrx_word' id='word_1_24' title='bbox 149 1139 305 1224; x_wconf 73' lang='lat' dir='ltr'>Agendum</span> <span class='ocrx_word' id='word_1_25' title='bbox 321 1144 352 1201; x_wconf 74' lang='grc' dir='ltr'>1ο</span> <span class='ocrx_word' id='word_1_26' title='bbox 365 1141 407 1200; x_wconf 87' lang='lat' dir='ltr'>De</span> <span class='ocrx_word' id='word_1_27' title='bbox 421 1134 538 1218; x_wconf 88' lang='lat' dir='ltr'>legibus</span> <span class='ocrx_word' id='word_1_28' title='bbox 550 1135 584 1199; x_wconf 94' lang='lat' dir='ltr'>in</span> <span class='ocrx_word' id='word_1_29' title='bbox 598 1154 720 1216; x_wconf 87' lang='lat' dir='ltr'>genere;</span> <span class='ocrx_word' id='word_1_30' title='bbox 738 1172 777 1181; x_wconf 93' lang='lat'>—</span> <span class='ocrx_word' id='word_1_31' title='bbox 790 1139 822 1198; x_wconf 69' lang='lat'>2⁰</span> <span class='ocrx_word' id='word_1_32' title='bbox 836 1137 873 1198; x_wconf 92' lang='lat' dir='ltr'>de</span> <span class='ocrx_word' id='word_1_33' title='bbox 886 1135 1047 1216; x_wconf 74' lang='lat' dir='ltr'>precipuis</span> <span class='ocrx_word' id='word_1_34' title='bbox 1061 1136 1163 1216; x_wconf 85' lang='lat' dir='ltr'>legum</span> <span class='ocrx_word' id='word_1_35' title='bbox 1178 1137 1344 1218; x_wconf 82' lang='lat' dir='ltr'>speciebus.</span> 
     </span>
    </p>
   </div>
   <div class='ocr_carea' id='block_1_3' title="bbox 567 1374 933 1461">
    <p class='ocr_par' dir='ltr' id='par_1_3' title="bbox 567 1374 933 1461">
     <span class='ocr_line' id='line_1_6' title="bbox 567 1374 933 1461; baseline -0.011 0"><span class='ocrx_word' id='word_1_36' title='bbox 567 1374 715 1461; x_wconf 78' lang='lat' dir='ltr'>PARS</span> <span class='ocrx_word' id='word_1_37' title='bbox 748 1375 933 1460; x_wconf 79' lang='lat' dir='ltr'>PRIMA</span> 
     </span>
    </p>
   </div>
   <div class='ocr_carea' id='block_1_4' title="bbox 502 1558 1003 1618">
    <p class='ocr_par' dir='ltr' id='par_1_4' title="bbox 502 1558 1003 1618">
     <span class='ocr_line' id='line_1_7' title="bbox 502 1558 1003 1618; baseline -0.002 -1"><span class='ocrx_word' id='word_1_38' title='bbox 502 1562 552 1618; x_wconf 90' lang='lat' dir='ltr'>DE</span> <span class='ocrx_word' id='word_1_39' title='bbox 580 1561 756 1617; x_wconf 89' lang='lat' dir='ltr'>LEGIBUS</span> <span class='ocrx_word' id='word_1_40' title='bbox 779 1558 819 1616; x_wconf 93' lang='lat' dir='ltr'>IN</span> <span class='ocrx_word' id='word_1_41' title='bbox 842 1559 1003 1616; x_wconf 83' lang='lat' dir='ltr'>GENERE</span> 
     </span>
    </p>
   </div>
   <div class='ocr_carea' id='block_1_5' title="bbox 112 1735 1389 1982">
    <p class='ocr_par' dir='ltr' id='par_1_5' title="bbox 112 1735 1389 1982">
     <span class='ocr_line' id='line_1_8' title="bbox 153 1735 1387 1819; baseline -0.002 -16"><span class='ocrx_word' id='word_1_42' title='bbox 153 1741 295 1803; x_wconf 80' lang='lat' dir='ltr'>Dicemus</span> <span class='ocrx_word' id='word_1_43' title='bbox 310 1740 347 1802; x_wconf 90' lang='lat' dir='ltr'>de</span> <span class='ocrx_word' id='word_1_44' title='bbox 361 1738 436 1819; x_wconf 84' lang='lat' dir='ltr'>legis</span> <span class='ocrx_word' id='word_1_45' title='bbox 450 1744 576 1812; x_wconf 88' lang='lat' dir='ltr'>natura,</span> <span class='ocrx_word' id='word_1_46' title='bbox 592 1771 633 1782; x_wconf 90' lang='lat'>-</span> <span class='ocrx_word' id='word_1_47' title='bbox 646 1742 783 1809; x_wconf 87' lang='lat' dir='ltr'>auctore,</span> <span class='ocrx_word' id='word_1_48' title='bbox 800 1770 840 1781; x_wconf 92' lang='lat'>-</span> <span class='ocrx_word' id='word_1_49' title='bbox 854 1735 966 1816; x_wconf 89' lang='lat' dir='ltr'>objecto</span> <span class='ocrx_word' id='word_1_50' title='bbox 980 1740 1010 1797; x_wconf 88' lang='lat' dir='ltr'>ot</span> <span class='ocrx_word' id='word_1_51' title='bbox 1023 1735 1173 1816; x_wconf 87' lang='lat' dir='ltr'>subjecto,</span> <span class='ocrx_word' id='word_1_52' title='bbox 1192 1772 1232 1782; x_wconf 90' lang='lat'>—</span> <span class='ocrx_word' id='word_1_53' title='bbox 1252 1738 1387 1816; x_wconf 89' lang='lat' dir='ltr'>promul-</span> 
     </span>
     <span class='ocr_line' id='line_1_9' title="bbox 113 1823 1389 1910; baseline -0.003 -18"><span class='ocrx_word' id='word_1_54' title='bbox 113 1829 235 1910; x_wconf 89' lang='lat' dir='ltr'>gatione</span> <span class='ocrx_word' id='word_1_55' title='bbox 251 1833 282 1891; x_wconf 91' lang='lat' dir='ltr'>et</span> <span class='ocrx_word' id='word_1_56' title='bbox 297 1826 514 1908; x_wconf 75' lang='lat' dir='ltr'>acceptatione,</span> <span class='ocrx_word' id='word_1_57' title='bbox 526 1861 566 1872; x_wconf 92' lang='lat'>-</span> <span class='ocrx_word' id='word_1_58' title='bbox 578 1823 776 1904; x_wconf 68' lang='lat' dir='ltr'>obligatione,</span> <span class='ocrx_word' id='word_1_59' title='bbox 790 1859 830 1868; x_wconf 94' lang='lat'>—</span> <span class='ocrx_word' id='word_1_60' title='bbox 842 1823 1104 1905; x_wconf 67' lang='lat' dir='ltr'>interpretatione,</span> <span class='ocrx_word' id='word_1_61' title='bbox 1113 1859 1154 1870; x_wconf 90' lang='lat'><em>-</em></span> <span class='ocrx_word' id='word_1_62' title='bbox 1166 1824 1389 1905; x_wconf 85' lang='lat' dir='ltr'>dispensatione</span> 
     </span>
     <span class='ocr_line' id='line_1_10' title="bbox 112 1918 335 1982; baseline -0.018 0"><span class='ocrx_word' id='word_1_63' title='bbox 112 1925 143 1982; x_wconf 90' lang='lat' dir='ltr'>et</span> <span class='ocrx_word' id='word_1_64' title='bbox 156 1918 335 1982; x_wconf 85' lang='lat' dir='ltr'>cessatione.</span> 
     </span>
    </p>
   </div>
   <div class='ocr_carea' id='block_1_6' title="bbox 643 2083 859 2160">
    <p class='ocr_par' dir='ltr' id='par_1_6' title="bbox 643 2083 859 2160">
     <span class='ocr_line' id='line_1_11' title="bbox 643 2083 859 2160; baseline 0 -2"><span class='ocrx_word' id='word_1_65' title='bbox 643 2083 817 2160; x_wconf 84' lang='lat' dir='ltr'>CAPUT</span> <span class='ocrx_word' id='word_1_66' title='bbox 843 2083 859 2158; x_wconf 92' lang='lat'><em>1</em></span> 
     </span>
    </p>
   </div>
   <div class='ocr_carea' id='block_1_7' title="bbox 324 2270 1188 2323">
    <p class='ocr_par' dir='ltr' id='par_1_7' title="bbox 324 2270 1188 2323">
     <span class='ocr_line' id='line_1_12' title="bbox 324 2270 1188 2323; baseline -0.001 0"><span class='ocrx_word' id='word_1_67' title='bbox 324 2273 373 2323; x_wconf 86' lang='lat' dir='ltr'>DE</span> <span class='ocrx_word' id='word_1_68' title='bbox 404 2271 571 2323; x_wconf 77' lang='lat' dir='ltr'><strong>NATURA</strong></span> <span class='ocrx_word' id='word_1_69' title='bbox 601 2271 651 2320; x_wconf 86' lang='lat' dir='ltr'>ET</span> <span class='ocrx_word' id='word_1_70' title='bbox 681 2270 1041 2322; x_wconf 80' lang='lat' dir='ltr'>PROPRIETATIBUS</span> <span class='ocrx_word' id='word_1_71' title='bbox 1072 2271 1188 2322; x_wconf 86' lang='lat' dir='ltr'>LEGIS</span> 
     </span>
    </p>
   </div>
   <div class='ocr_carea' id='block_1_8' title="bbox 8 2457 1397 4398">
    <p class='ocr_par' dir='ltr' id='par_1_8' title="bbox 115 2457 1394 3161">
     <span class='ocr_line' id='line_1_13' title="bbox 155 2457 1390 2538; baseline 0.001 -15"><span class='ocrx_word' id='word_1_72' title='bbox 155 2463 209 2524; x_wconf 87' lang='grc'>81.</span> <span class='ocrx_word' id='word_1_73' title='bbox 226 2461 439 2523; x_wconf 79' lang='lat' dir='ltr'>-Dnrunmso</span> <span class='ocrx_word' id='word_1_74' title='bbox 457 2461 521 2524; x_wconf 82' lang='lat' dir='ltr'>Lex</span> <span class='ocrx_word' id='word_1_75' title='bbox 536 2462 582 2520; x_wconf 92' lang='lat' dir='ltr'>est</span> <span class='ocrx_word' id='word_1_76' title='bbox 597 2457 747 2520; x_wconf 84' lang='lat' dir='ltr'>ordinatio</span> <span class='ocrx_word' id='word_1_77' title='bbox 762 2457 891 2520; x_wconf 89' lang='lat' dir='ltr'>rationis</span> <span class='ocrx_word' id='word_1_78' title='bbox 905 2459 943 2520; x_wconf 89' lang='lat' dir='ltr'>ad</span> <span class='ocrx_word' id='word_1_79' title='bbox 958 2458 1076 2522; x_wconf 89' lang='lat' dir='ltr'>honum</span> <span class='ocrx_word' id='word_1_80' title='bbox 1090 2477 1267 2536; x_wconf 87' lang='lat' dir='ltr'>commune,</span> <span class='ocrx_word' id='word_1_81' title='bbox 1284 2460 1322 2523; x_wconf 85' lang='lat' dir='ltr'>ab</span> <span class='ocrx_word' id='word_1_82' title='bbox 1341 2479 1390 2538; x_wconf 90' lang='lat' dir='ltr'>eo,</span> 
     </span>
     <span class='ocr_line' id='line_1_14' title="bbox 115 2545 1390 2632; baseline 0 -22"><span class='ocrx_word' id='word_1_83' title='bbox 115 2547 172 2628; x_wconf 86' lang='lat' dir='ltr'>qui</span> <span class='ocrx_word' id='word_1_84' title='bbox 187 2547 394 2611; x_wconf 87' lang='lat' dir='ltr'>curamhahet</span> <span class='ocrx_word' id='word_1_85' title='bbox 410 2546 655 2622; x_wconf 87' lang='lat' dir='ltr'>communitatis,</span> <span class='ocrx_word' id='word_1_86' title='bbox 666 2547 859 2626; x_wconf 90' lang='lat' dir='ltr'>promulgata</span> <span class='ocrx_word' id='word_1_87' title='bbox 870 2545 921 2627; x_wconf 85' lang='lat' dir='ltr'>(S.</span> <span class='ocrx_word' id='word_1_88' title='bbox 938 2547 1043 2610; x_wconf 80' lang='lat' dir='ltr'>Ttom.</span> <span class='ocrx_word' id='word_1_89' title='bbox 1060 2554 1088 2610; x_wconf 93' lang='grc'>1.</span> <span class='ocrx_word' id='word_1_90' title='bbox 1100 2553 1145 2625; x_wconf 66' lang='lat'>2,</span> <span class='ocrx_word' id='word_1_91' title='bbox 1161 2569 1191 2630; x_wconf 83' lang='lat' dir='ltr'>q.</span> <span class='ocrx_word' id='word_1_92' title='bbox 1204 2553 1255 2624; x_wconf 80' lang='grc'>90,</span> <span class='ocrx_word' id='word_1_93' title='bbox 1272 2558 1331 2611; x_wconf 81' lang='lat' dir='ltr'>ort.</span> <span class='ocrx_word' id='word_1_94' title='bbox 1348 2550 1390 2632; x_wconf 80' lang='lat' dir='ltr'>t).</span> 
     </span>
     <span class='ocr_line' id='line_1_15' title="bbox 117 2633 1394 2718; baseline 0 -18"><span class='ocrx_word' id='word_1_95' title='bbox 117 2636 197 2700; x_wconf 84' lang='lat' dir='ltr'>llino</span> <span class='ocrx_word' id='word_1_96' title='bbox 210 2635 313 2700; x_wconf 84' lang='lat' dir='ltr'>differt</span> <span class='ocrx_word' id='word_1_97' title='bbox 326 2644 511 2718; x_wconf 82' lang='lat' dir='ltr'>apraeoepto.</span> <span class='ocrx_word' id='word_1_98' title='bbox 525 2637 589 2698; x_wconf 84' lang='lat' dir='ltr'>Lex</span> <span class='ocrx_word' id='word_1_99' title='bbox 602 2635 686 2698; x_wconf 90' lang='lat' dir='ltr'>enim</span> <span class='ocrx_word' id='word_1_100' title='bbox 696 2634 897 2698; x_wconf 83' lang='lat' dir='ltr'>essentialiter</span> <span class='ocrx_word' id='word_1_101' title='bbox 906 2633 1003 2698; x_wconf 82' lang='lat' dir='ltr'>fertur</span> <span class='ocrx_word' id='word_1_102' title='bbox 1012 2637 1226 2699; x_wconf 84' lang='lat' dir='ltr'>communitati</span> <span class='ocrx_word' id='word_1_103' title='bbox 1236 2657 1254 2698; x_wconf 88' lang='lat' dir='ltr'>e</span> <span class='ocrx_word' id='word_1_104' title='bbox 1265 2657 1394 2718; x_wconf 87' lang='lat' dir='ltr'>persona</span> 
     </span>
     <span class='ocr_line' id='line_1_16' title="bbox 116 2723 1393 2808; baseline 0 -20"><span class='ocrx_word' id='word_1_105' title='bbox 116 2723 239 2806; x_wconf 86' lang='lat' dir='ltr'>publiea</span> <span class='ocrx_word' id='word_1_106' title='bbox 253 2731 284 2788; x_wconf 88' lang='lat' dir='ltr'>et</span> <span class='ocrx_word' id='word_1_107' title='bbox 297 2744 351 2806; x_wconf 84' lang='lat' dir='ltr'>pro</span> <span class='ocrx_word' id='word_1_108' title='bbox 365 2726 444 2788; x_wconf 89' lang='lat' dir='ltr'>hono</span> <span class='ocrx_word' id='word_1_109' title='bbox 458 2723 632 2798; x_wconf 89' lang='lat' dir='ltr'>communi,</span> <span class='ocrx_word' id='word_1_110' title='bbox 643 2725 719 2785; x_wconf 88' lang='lat' dir='ltr'>dum</span> <span class='ocrx_word' id='word_1_111' title='bbox 733 2729 919 2804; x_wconf 85' lang='lat' dir='ltr'>praeoeptum</span> <span class='ocrx_word' id='word_1_112' title='bbox 934 2724 1054 2806; x_wconf 88' lang='lat' dir='ltr'>proprie</span> <span class='ocrx_word' id='word_1_113' title='bbox 1067 2725 1184 2788; x_wconf 85' lang='lat' dir='ltr'>dictum</span> <span class='ocrx_word' id='word_1_114' title='bbox 1196 2727 1317 2789; x_wconf 90' lang='lat' dir='ltr'>etiama</span> <span class='ocrx_word' id='word_1_115' title='bbox 1328 2746 1393 2808; x_wconf 91' lang='lat' dir='ltr'>per-</span> 
     </span>
     <span class='ocr_line' id='line_1_17' title="bbox 118 2810 1393 2896; baseline 0.001 -20"><span class='ocrx_word' id='word_1_116' title='bbox 118 2832 194 2876; x_wconf 83' lang='lat' dir='ltr'>sona</span> <span class='ocrx_word' id='word_1_117' title='bbox 210 2813 492 2894; x_wconf 83' lang='lat' dir='ltr'>privataemanare</span> <span class='ocrx_word' id='word_1_118' title='bbox 515 2816 628 2894; x_wconf 89' lang='lat' dir='ltr'>potest,</span> <span class='ocrx_word' id='word_1_119' title='bbox 649 2819 680 2873; x_wconf 92' lang='lat' dir='ltr'>et</span> <span class='ocrx_word' id='word_1_120' title='bbox 700 2810 838 2875; x_wconf 88' lang='lat' dir='ltr'>subditos</span> <span class='ocrx_word' id='word_1_121' title='bbox 858 2812 993 2892; x_wconf 85' lang='lat' dir='ltr'>privatos</span> <span class='ocrx_word' id='word_1_122' title='bbox 1014 2813 1160 2894; x_wconf 87' lang='lat' dir='ltr'>respicere</span> <span class='ocrx_word' id='word_1_123' title='bbox 1182 2814 1216 2877; x_wconf 92' lang='lat' dir='ltr'>in</span> <span class='ocrx_word' id='word_1_124' title='bbox 1236 2815 1393 2896; x_wconf 85' lang='lat' dir='ltr'>privatum</span> 
     </span>
     <span class='ocr_line' id='line_1_18' title="bbox 116 2899 1393 2985; baseline 0.001 -19"><span class='ocrx_word' id='word_1_125' title='bbox 116 2920 226 2966; x_wconf 87' lang='lat' dir='ltr'>eorum</span> <span class='ocrx_word' id='word_1_126' title='bbox 239 2903 369 2966; x_wconf 88' lang='lat' dir='ltr'>bonum.</span> <span class='ocrx_word' id='word_1_127' title='bbox 381 2903 453 2965; x_wconf 87' lang='lat' dir='ltr'>Tale</span> <span class='ocrx_word' id='word_1_128' title='bbox 462 2899 685 2981; x_wconf 89' lang='lat' dir='ltr'>estimperium</span> <span class='ocrx_word' id='word_1_129' title='bbox 697 2900 791 2980; x_wconf 87' lang='lat' dir='ltr'>patris</span> <span class='ocrx_word' id='word_1_130' title='bbox 805 2899 839 2962; x_wconf 91' lang='lat' dir='ltr'>in</span> <span class='ocrx_word' id='word_1_131' title='bbox 851 2901 967 2975; x_wconf 84' lang='lat' dir='ltr'>tilium,</span> <span class='ocrx_word' id='word_1_132' title='bbox 979 2905 1033 2963; x_wconf 89' lang='lat' dir='ltr'>aut</span> <span class='ocrx_word' id='word_1_133' title='bbox 1046 2901 1195 2982; x_wconf 90' lang='lat' dir='ltr'>Principis</span> <span class='ocrx_word' id='word_1_134' title='bbox 1209 2903 1243 2966; x_wconf 92' lang='lat' dir='ltr'>in</span> <span class='ocrx_word' id='word_1_135' title='bbox 1257 2904 1393 2985; x_wconf 89' lang='lat' dir='ltr'>aliquem</span> 
     </span>
     <span class='ocr_line' id='line_1_19' title="bbox 118 2989 1394 3076; baseline 0.002 -24"><span class='ocrx_word' id='word_1_136' title='bbox 118 2991 293 3054; x_wconf 85' lang='lat' dir='ltr'>subditum.</span> <span class='ocrx_word' id='word_1_137' title='bbox 303 2993 386 3072; x_wconf 77' lang='lat' dir='ltr'>Sapo</span> <span class='ocrx_word' id='word_1_138' title='bbox 395 2995 500 3054; x_wconf 87' lang='lat' dir='ltr'>tamen</span> <span class='ocrx_word' id='word_1_139' title='bbox 508 2990 588 3070; x_wconf 87' lang='lat' dir='ltr'>leges</span> <span class='ocrx_word' id='word_1_140' title='bbox 597 2989 691 3052; x_wconf 88' lang='lat' dir='ltr'>etiam</span> <span class='ocrx_word' id='word_1_141' title='bbox 701 2993 850 3070; x_wconf 72' lang='lat' dir='ltr'>praecepta</span> <span class='ocrx_word' id='word_1_142' title='bbox 859 2989 1015 3052; x_wconf 88' lang='lat' dir='ltr'>dicuntur.</span> <span class='ocrx_word' id='word_1_143' title='bbox 1029 2989 1076 3052; x_wconf 89' lang='lat' dir='ltr'>Sic</span> <span class='ocrx_word' id='word_1_144' title='bbox 1086 2991 1164 3072; x_wconf 88' lang='lat' dir='ltr'>leges</span> <span class='ocrx_word' id='word_1_145' title='bbox 1173 2991 1288 3056; x_wconf 84' lang='lat' dir='ltr'>divinae</span> <span class='ocrx_word' id='word_1_146' title='bbox 1296 2994 1394 3076; x_wconf 80' lang='lat' dir='ltr'>Moysi</span> 
     </span>
     <span class='ocr_line' id='line_1_20' title="bbox 117 3076 957 3161; baseline -0.001 -20"><span class='ocrx_word' id='word_1_147' title='bbox 117 3079 155 3141; x_wconf 90' lang='lat' dir='ltr'>in</span> <span class='ocrx_word' id='word_1_148' title='bbox 166 3087 272 3143; x_wconf 89' lang='lat' dir='ltr'>monte</span> <span class='ocrx_word' id='word_1_149' title='bbox 287 3080 404 3143; x_wconf 82' lang='lat' dir='ltr'>tradite</span> <span class='ocrx_word' id='word_1_150' title='bbox 418 3085 565 3161; x_wconf 79' lang='lat' dir='ltr'>praecepta</span> <span class='ocrx_word' id='word_1_151' title='bbox 578 3076 713 3158; x_wconf 85' lang='lat' dir='ltr'>Decologi</span> <span class='ocrx_word' id='word_1_152' title='bbox 725 3084 957 3158; x_wconf 88' lang='lat' dir='ltr'>nuncupantur.</span> 
     </span>
    </p>

    <p class='ocr_par' dir='ltr' id='par_1_9' title="bbox 113 3167 1396 3956">
     <span class='ocr_line' id='line_1_21' title="bbox 160 3167 1395 3250; baseline 0.001 -19"><span class='ocrx_word' id='word_1_153' title='bbox 160 3167 321 3250; x_wconf 80' lang='lat' dir='ltr'>Multiplen</span> <span class='ocrx_word' id='word_1_154' title='bbox 334 3167 499 3230; x_wconf 86' lang='lat' dir='ltr'>discrimen</span> <span class='ocrx_word' id='word_1_155' title='bbox 516 3170 562 3230; x_wconf 90' lang='lat' dir='ltr'>est</span> <span class='ocrx_word' id='word_1_156' title='bbox 579 3167 659 3228; x_wconf 89' lang='lat' dir='ltr'>inter</span> <span class='ocrx_word' id='word_1_157' title='bbox 677 3167 774 3248; x_wconf 87' lang='lat' dir='ltr'>legem</span> <span class='ocrx_word' id='word_1_158' title='bbox 795 3171 825 3229; x_wconf 89' lang='lat' dir='ltr'>et</span> <span class='ocrx_word' id='word_1_159' title='bbox 845 3172 1043 3248; x_wconf 81' lang='lat' dir='ltr'>praeceptum,</span> <span class='ocrx_word' id='word_1_160' title='bbox 1061 3168 1175 3231; x_wconf 87' lang='lat' dir='ltr'>scilieet</span> <span class='ocrx_word' id='word_1_161' title='bbox 1193 3189 1200 3232; x_wconf 93' lang='lat'><strong>:</strong></span> <span class='ocrx_word' id='word_1_162' title='bbox 1220 3176 1250 3234; x_wconf 82' lang='lat' dir='ltr'>l⁰</span> <span class='ocrx_word' id='word_1_163' title='bbox 1264 3169 1395 3232; x_wconf 81' lang='lat' dir='ltr'>Ratione</span> 
     </span>
     <span class='ocr_line' id='line_1_22' title="bbox 113 3255 1394 3339; baseline 0.002 -22"><span class='ocrx_word' id='word_1_164' title='bbox 113 3257 272 3339; x_wconf 69' lang='lat' dir='ltr'>jubentis,</span> <span class='ocrx_word' id='word_1_165' title='bbox 287 3257 362 3338; x_wconf 88' lang='lat' dir='ltr'>qnia</span> <span class='ocrx_word' id='word_1_166' title='bbox 381 3256 533 3337; x_wconf 87' lang='lat' dir='ltr'>legislator</span> <span class='ocrx_word' id='word_1_167' title='bbox 553 3263 600 3318; x_wconf 88' lang='lat' dir='ltr'>est</span> <span class='ocrx_word' id='word_1_168' title='bbox 622 3273 749 3336; x_wconf 91' lang='lat' dir='ltr'>persona</span> <span class='ocrx_word' id='word_1_169' title='bbox 771 3255 906 3335; x_wconf 87' lang='lat' dir='ltr'>publica,</span> <span class='ocrx_word' id='word_1_170' title='bbox 923 3256 1101 3337; x_wconf 74' lang='lat' dir='ltr'>precipiens</span> <span class='ocrx_word' id='word_1_171' title='bbox 1122 3277 1192 3320; x_wconf 87' lang='lat' dir='ltr'>vero</span> <span class='ocrx_word' id='word_1_172' title='bbox 1214 3263 1394 3338; x_wconf 86' lang='lat' dir='ltr'>potestesse</span> 
     </span>
     <span class='ocr_line' id='line_1_23' title="bbox 118 3343 1392 3428; baseline -0.002 -20"><span class='ocrx_word' id='word_1_173' title='bbox 118 3363 250 3426; x_wconf 89' lang='lat' dir='ltr'>persona</span> <span class='ocrx_word' id='word_1_174' title='bbox 269 3345 397 3428; x_wconf 85' lang='lat' dir='ltr'>privata.</span> <span class='ocrx_word' id='word_1_175' title='bbox 422 3349 453 3408; x_wconf 69' lang='lat'>2⁰</span> <span class='ocrx_word' id='word_1_176' title='bbox 473 3344 602 3406; x_wconf 79' lang='lat' dir='ltr'>Ratione</span> <span class='ocrx_word' id='word_1_177' title='bbox 623 3344 764 3425; x_wconf 80' lang='lat' dir='ltr'>sabjecti,</span> <span class='ocrx_word' id='word_1_178' title='bbox 789 3343 861 3426; x_wconf 84' lang='lat' dir='ltr'>quia</span> <span class='ocrx_word' id='word_1_179' title='bbox 883 3345 932 3407; x_wconf 81' lang='lat' dir='ltr'>lex</span> <span class='ocrx_word' id='word_1_180' title='bbox 954 3344 1049 3406; x_wconf 84' lang='lat' dir='ltr'>fertur</span> <span class='ocrx_word' id='word_1_181' title='bbox 1066 3343 1100 3407; x_wconf 93' lang='lat' dir='ltr'>in</span> <span class='ocrx_word' id='word_1_182' title='bbox 1121 3347 1392 3422; x_wconf 81' lang='lat' dir='ltr'>mmmunitatem,</span> 
     </span>
     <span class='ocr_line' id='line_1_24' title="bbox 118 3432 1394 3515; baseline -0.001 -19"><span class='ocrx_word' id='word_1_183' title='bbox 118 3439 308 3515; x_wconf 75' lang='lat' dir='ltr'>preceptum</span> <span class='ocrx_word' id='word_1_184' title='bbox 327 3433 419 3496; x_wconf 87' lang='lat' dir='ltr'>etiam</span> <span class='ocrx_word' id='word_1_185' title='bbox 439 3433 473 3496; x_wconf 90' lang='lat' dir='ltr'>in</span> <span class='ocrx_word' id='word_1_186' title='bbox 486 3450 648 3514; x_wconf 86' lang='lat' dir='ltr'>personam</span> <span class='ocrx_word' id='word_1_187' title='bbox 666 3432 829 3512; x_wconf 86' lang='lat' dir='ltr'>privatam.</span> <span class='ocrx_word' id='word_1_188' title='bbox 852 3436 883 3496; x_wconf 81' lang='lat'>3⁰</span> <span class='ocrx_word' id='word_1_189' title='bbox 901 3434 1030 3496; x_wconf 81' lang='lat' dir='ltr'>Ratione</span> <span class='ocrx_word' id='word_1_190' title='bbox 1043 3433 1130 3515; x_wconf 72' lang='lat' dir='ltr'>fian,</span> <span class='ocrx_word' id='word_1_191' title='bbox 1149 3434 1223 3515; x_wconf 86' lang='lat' dir='ltr'>quia</span> <span class='ocrx_word' id='word_1_192' title='bbox 1236 3433 1307 3508; x_wconf 87' lang='lat' dir='ltr'>finis</span> <span class='ocrx_word' id='word_1_193' title='bbox 1321 3434 1394 3514; x_wconf 88' lang='lat' dir='ltr'>tegis</span> 
     </span>
     <span class='ocr_line' id='line_1_25' title="bbox 118 3520 1396 3604; baseline -0.001 -19"><span class='ocrx_word' id='word_1_194' title='bbox 118 3523 255 3585; x_wconf 87' lang='lat' dir='ltr'>directus</span> <span class='ocrx_word' id='word_1_195' title='bbox 278 3530 308 3585; x_wconf 91' lang='lat' dir='ltr'>et</span> <span class='ocrx_word' id='word_1_196' title='bbox 323 3521 522 3584; x_wconf 87' lang='lat' dir='ltr'>immediatus</span> <span class='ocrx_word' id='word_1_197' title='bbox 541 3527 589 3584; x_wconf 92' lang='lat' dir='ltr'>est</span> <span class='ocrx_word' id='word_1_198' title='bbox 606 3539 725 3602; x_wconf 89' lang='lat' dir='ltr'>semper</span> <span class='ocrx_word' id='word_1_199' title='bbox 745 3520 862 3584; x_wconf 87' lang='lat' dir='ltr'>honum</span> <span class='ocrx_word' id='word_1_200' title='bbox 884 3539 1060 3595; x_wconf 87' lang='lat' dir='ltr'>commune,</span> <span class='ocrx_word' id='word_1_201' title='bbox 1085 3523 1225 3604; x_wconf 83' lang='lat' dir='ltr'>praeeepti</span> <span class='ocrx_word' id='word_1_202' title='bbox 1248 3541 1326 3602; x_wconf 82' lang='lat' dir='ltr'>saepe</span> <span class='ocrx_word' id='word_1_203' title='bbox 1349 3529 1396 3584; x_wconf 87' lang='lat' dir='ltr'>est</span> 
     </span>
     <span class='ocr_line' id='line_1_26' title="bbox 118 3608 1395 3692; baseline -0.002 -18"><span class='ocrx_word' id='word_1_204' title='bbox 118 3612 240 3674; x_wconf 90' lang='lat' dir='ltr'>bonum</span> <span class='ocrx_word' id='word_1_205' title='bbox 255 3610 422 3692; x_wconf 83' lang='lat' dir='ltr'>privatum.</span> <span class='ocrx_word' id='word_1_206' title='bbox 438 3615 470 3673; x_wconf 78' lang='grc' dir='ltr'>1ο</span> <span class='ocrx_word' id='word_1_207' title='bbox 485 3611 614 3672; x_wconf 83' lang='lat' dir='ltr'>Ratione</span> <span class='ocrx_word' id='word_1_208' title='bbox 635 3609 711 3685; x_wconf 82' lang='lat' dir='ltr'>toci,</span> <span class='ocrx_word' id='word_1_209' title='bbox 726 3608 800 3689; x_wconf 88' lang='lat' dir='ltr'>quia</span> <span class='ocrx_word' id='word_1_210' title='bbox 817 3610 865 3672; x_wconf 80' lang='lat' dir='ltr'>lex</span> <span class='ocrx_word' id='word_1_211' title='bbox 883 3609 973 3673; x_wconf 87' lang='lat' dir='ltr'>afficit</span> <span class='ocrx_word' id='word_1_212' title='bbox 985 3609 1191 3687; x_wconf 90' lang='lat' dir='ltr'>territorium,</span> <span class='ocrx_word' id='word_1_213' title='bbox 1209 3617 1395 3692; x_wconf 73' lang='lat' dir='ltr'>preceptum</span> 
     </span>
     <span class='ocr_line' id='line_1_27' title="bbox 118 3697 1396 3781; baseline -0.001 -20"><span class='ocrx_word' id='word_1_214' title='bbox 118 3717 194 3762; x_wconf 84' lang='lat' dir='ltr'>vero</span> <span class='ocrx_word' id='word_1_215' title='bbox 207 3717 383 3780; x_wconf 87' lang='lat' dir='ltr'>personam,</span> <span class='ocrx_word' id='word_1_216' title='bbox 400 3705 505 3781; x_wconf 85' lang='lat' dir='ltr'>atque,</span> <span class='ocrx_word' id='word_1_217' title='bbox 522 3704 559 3761; x_wconf 91' lang='lat' dir='ltr'>ut</span> <span class='ocrx_word' id='word_1_218' title='bbox 572 3697 677 3773; x_wconf 88' lang='lat' dir='ltr'>aiunt,</span> <span class='ocrx_word' id='word_1_219' title='bbox 692 3697 918 3762; x_wconf 79' lang='lat' dir='ltr'>ossibnstoeret.</span> <span class='ocrx_word' id='word_1_220' title='bbox 934 3703 966 3762; x_wconf 78' lang='lat'>5⁰</span> <span class='ocrx_word' id='word_1_221' title='bbox 980 3699 1107 3762; x_wconf 79' lang='lat' dir='ltr'>Ratione</span> <span class='ocrx_word' id='word_1_222' title='bbox 1122 3699 1305 3776; x_wconf 82' lang='lat' dir='ltr'>durationis,</span> <span class='ocrx_word' id='word_1_223' title='bbox 1322 3698 1396 3780; x_wconf 90' lang='lat' dir='ltr'>quia</span> 
     </span>
     <span class='ocr_line' id='line_1_28' title="bbox 118 3785 1395 3870; baseline 0.002 -22"><span class='ocrx_word' id='word_1_224' title='bbox 118 3794 309 3869; x_wconf 79' lang='lat' dir='ltr'>preceptum</span> <span class='ocrx_word' id='word_1_225' title='bbox 324 3795 420 3852; x_wconf 85' lang='lat' dir='ltr'>cessat</span> <span class='ocrx_word' id='word_1_226' title='bbox 433 3795 532 3851; x_wconf 83' lang='lat' dir='ltr'>morte</span> <span class='ocrx_word' id='word_1_227' title='bbox 546 3786 763 3870; x_wconf 74' lang='lat' dir='ltr'>precipientis,</span> <span class='ocrx_word' id='word_1_228' title='bbox 779 3785 828 3850; x_wconf 82' lang='lat' dir='ltr'>lex</span> <span class='ocrx_word' id='word_1_229' title='bbox 842 3806 913 3852; x_wconf 80' lang='lat' dir='ltr'>vero</span> <span class='ocrx_word' id='word_1_230' title='bbox 931 3807 993 3853; x_wconf 92' lang='lat' dir='ltr'>non</span> <span class='ocrx_word' id='word_1_231' title='bbox 1009 3787 1202 3870; x_wconf 79' lang='lat' dir='ltr'>extinguitur</span> <span class='ocrx_word' id='word_1_232' title='bbox 1215 3787 1308 3850; x_wconf 90' lang='lat' dir='ltr'>simul</span> <span class='ocrx_word' id='word_1_233' title='bbox 1323 3805 1395 3850; x_wconf 90' lang='lat' dir='ltr'>oum</span> 
     </span>
     <span class='ocr_line' id='line_1_29' title="bbox 117 3875 303 3956; baseline 0.011 -19"><span class='ocrx_word' id='word_1_234' title='bbox 117 3875 303 3956; x_wconf 84' lang='lat' dir='ltr'>legislatore.</span> 
     </span>
    </p>

    <p class='ocr_par' dir='ltr' id='par_1_10' title="bbox 162 3964 1156 4048">
     <span class='ocr_line' id='line_1_30' title="bbox 162 3964 1156 4048; baseline 0.008 -22"><span class='ocrx_word' id='word_1_235' title='bbox 162 3967 294 4028; x_wconf 80' lang='lat' dir='ltr'>Divisio.</span> <span class='ocrx_word' id='word_1_236' title='bbox 317 3969 381 4030; x_wconf 79' lang='lat' dir='ltr'>Lex</span> <span class='ocrx_word' id='word_1_237' title='bbox 395 3965 557 4048; x_wconf 90' lang='lat' dir='ltr'>multiplici</span> <span class='ocrx_word' id='word_1_238' title='bbox 572 3967 661 4029; x_wconf 88' lang='lat' dir='ltr'>modo</span> <span class='ocrx_word' id='word_1_239' title='bbox 676 3964 877 4046; x_wconf 83' lang='lat' dir='ltr'>distinguitur</span> <span class='ocrx_word' id='word_1_240' title='bbox 892 3985 901 4029; x_wconf 92' lang='lat'><strong>:</strong></span> <span class='ocrx_word' id='word_1_241' title='bbox 1153 4023 1156 4034; x_wconf 88' lang='lat'><em>.</em></span> 
     </span>
    </p>

    <p class='ocr_par' dir='ltr' id='par_1_11' title="bbox 8 4043 1397 4398">
     <span class='ocr_line' id='line_1_31' title="bbox 8 4043 1396 4135; baseline 0.005 -23"><span class='ocrx_word' id='word_1_242' title='bbox 8 4084 23 4112; x_wconf 63' lang='lat'>,·</span> <span class='ocrx_word' id='word_1_243' title='bbox 165 4057 196 4115; x_wconf 75' lang='grc' dir='ltr'>1ο</span> <span class='ocrx_word' id='word_1_244' title='bbox 209 4053 334 4135; x_wconf 75' lang='lat' dir='ltr'>Divina,</span> <span class='ocrx_word' id='word_1_245' title='bbox 346 4056 394 4118; x_wconf 88' lang='lat' dir='ltr'>vel</span> <span class='ocrx_word' id='word_1_246' title='bbox 402 4054 546 4130; x_wconf 80' lang='lat' dir='ltr'>Romana,</span> <span class='ocrx_word' id='word_1_247' title='bbox 558 4059 649 4135; x_wconf 90' lang='lat' dir='ltr'>prout</span> <span class='ocrx_word' id='word_1_248' title='bbox 661 4057 840 4130; x_wconf 88' lang='lat' dir='ltr'>Deum,aut</span> <span class='ocrx_word' id='word_1_249' title='bbox 848 4055 1006 4119; x_wconf 88' lang='lat' dir='ltr'>hominem</span> <span class='ocrx_word' id='word_1_250' title='bbox 1016 4062 1170 4120; x_wconf 87' lang='lat' dir='ltr'>auctorem</span> <span class='ocrx_word' id='word_1_251' title='bbox 1178 4043 1396 4121; x_wconf 75' lang='lat' dir='ltr'>immediatum</span> 
     </span>
     <span class='ocr_line' id='line_1_32' title="bbox 162 4229 1397 4315; baseline 0.005 -23"><span class='ocrx_word' id='word_1_252' title='bbox 162 4233 195 4292; x_wconf 71' lang='lat'>2⁰</span> <span class='ocrx_word' id='word_1_253' title='bbox 209 4229 382 4311; x_wconf 81' lang='lat' dir='ltr'>Naturalis,</span> <span class='ocrx_word' id='word_1_254' title='bbox 400 4233 448 4296; x_wconf 81' lang='lat' dir='ltr'>rel</span> <span class='ocrx_word' id='word_1_255' title='bbox 456 4231 609 4315; x_wconf 81' lang='lat' dir='ltr'>positiva,</span> <span class='ocrx_word' id='word_1_256' title='bbox 623 4235 714 4312; x_wconf 87' lang='lat' dir='ltr'>pmut</span> <span class='ocrx_word' id='word_1_257' title='bbox 727 4235 838 4295; x_wconf 89' lang='lat' dir='ltr'>natura</span> <span class='ocrx_word' id='word_1_258' title='bbox 851 4231 918 4313; x_wconf 93' lang='lat' dir='ltr'>ipsa</span> <span class='ocrx_word' id='word_1_259' title='bbox 936 4231 1092 4307; x_wconf 90' lang='lat' dir='ltr'>rationali,</span> <span class='ocrx_word' id='word_1_260' title='bbox 1112 4231 1159 4294; x_wconf 84' lang='lat' dir='ltr'>vel</span> <span class='ocrx_word' id='word_1_261' title='bbox 1178 4238 1249 4296; x_wconf 89' lang='lat' dir='ltr'>actu</span> <span class='ocrx_word' id='word_1_262' title='bbox 1269 4234 1397 4315; x_wconf 77' lang='lat' dir='ltr'>positivo</span> 
     </span>
     <span class='ocr_line' id='line_1_33' title="bbox 119 4318 486 4398; baseline 0.005 -18"><span class='ocrx_word' id='word_1_263' title='bbox 119 4318 304 4398; x_wconf 80' lang='lat' dir='ltr'>legislatoris</span> <span class='ocrx_word' id='word_1_264' title='bbox 313 4318 486 4383; x_wconf 87' lang='lat' dir='ltr'>intimatur.</span> 
     </span>
    </p>
   </div>
   <div class='ocr_carea' id='block_1_9' title="bbox 118 4407 1399 4558">
    <p class='ocr_par' dir='ltr' id='par_1_12' title="bbox 118 4407 1399 4558">
     <span class='ocr_line' id='line_1_34' title="bbox 118 4407 1399 4557; baseline 0.002 -86"><span class='ocrx_word' id='word_1_265' title='bbox 118 4407 450 4557; x_wconf 47' lang='grc' dir='ltr'>Ηἰῑίθ111111ιί111ιό1,</span> <span class='ocrx_word' id='word_1_266' title='bbox 479 4409 526 4474; x_wconf 81' lang='lat' dir='ltr'>vel</span> <span class='ocrx_word' id='word_1_267' title='bbox 549 4408 658 4488; x_wconf 80' lang='lat' dir='ltr'>ciuilis,</span> <span class='ocrx_word' id='word_1_268' title='bbox 684 4413 773 4489; x_wconf 90' lang='lat' dir='ltr'>prout</span> <span class='ocrx_word' id='word_1_269' title='bbox 799 4427 817 4472; x_wconf 93' lang='lat' dir='ltr'>a</span> <span class='ocrx_word' id='word_1_270' title='bbox 844 4412 988 4490; x_wconf 88' lang='lat' dir='ltr'>potestate</span> <span class='ocrx_word' id='word_1_271' title='bbox 1016 4407 1212 4474; x_wconf 85' lang='lat' dir='ltr'>ecclesiastica</span> <span class='ocrx_word' id='word_1_272' title='bbox 1240 4412 1287 4475; x_wconf 88' lang='lat' dir='ltr'>vel</span> <span class='ocrx_word' id='word_1_273' title='bbox 1315 4411 1399 4478; x_wconf 84' lang='lat' dir='ltr'>cirili</span> 
     </span>
     <span class='ocr_line' id='line_1_35' title="bbox 129 4513 229 4558; baseline 0.01 -1"><span class='ocrx_word' id='word_1_274' title='bbox 129 4513 149 4557; x_wconf 88' lang='lat' dir='ltr'>e</span> <span class='ocrx_word' id='word_1_275' title='bbox 181 4513 229 4558; x_wconf 88' lang='lat' dir='ltr'>ur.</span> 
     </span>
    </p>
   </div>
   <div class='ocr_carea' id='block_1_10' title="bbox 0 0 1616 5020">
    <p class='ocr_par' dir='ltr' id='par_1_13' title="bbox 0 0 1616 5020">
     <span class='ocr_line' id='line_1_36' title="bbox 0 0 1616 5020; baseline 0 0"><span class='ocrx_word' id='word_1_276' title='bbox 0 0 1616 5020; x_wconf 95' lang='lat' dir='ltr'> </span> 
     </span>
    </p>
   </div>
  </div>
 </body>
</html>
