3168 5002
448 247 738 293 rnorosrrroxuu
762 247 1013 294 nsuasraaun
1325 239 1368 297 37

96 361 231 422 docentes
252 357 405 419 Pastorali
424 375 501 416 cura
516 359 551 414 in
569 357 701 416 Ecclesia
715 359 839 426 sanari,
858 377 951 433 quam
971 362 1127 434 desperata
1144 361 1241 418 salute
1257 377 1296 417 arc
1314 359 1369 418 illa

95 442 238 510 resecem,
255 442 285 498 ei
297 440 455 498 necessitas
467 440 555 496 nulla
570 439 726 516 compellat
740 439 794 514 (a).

129 533 222 602 Quam
241 531 278 587 ad
297 545 372 595 rem,
391 543 426 584 ne
445 527 519 600 quod
541 544 631 599 genus
647 528 735 584 officii
756 529 791 585 ad
805 528 974 586 lucrandum
997 530 1124 586 Fratrem
1143 530 1369 602 pretermissum

95 611 251 680 rideretur,
267 611 415 684 praetatum
435 601 623 682 Episcopum,
635 612 788 681 antequam
810 609 845 665 ad
863 609 998 666 ulteriora
1015 609 1260 684 progrederemur,
1273 625 1369 666 aman-

97 691 219 749 tissimis
232 691 339 747 litteris
353 689 388 745 ad
403 705 469 745 euru
483 690 567 761 jussu
580 691 677 744 nostro
692 688 768 745 datis
783 688 819 745 ad
833 706 885 746 nos
900 689 1067 746 acciendum
1082 690 1232 759 duximus,
1247 689 1369 764 polliciti

96 775 154 829 lore
172 773 204 828 ut
222 769 360 827 benevolo
379 769 475 825 animo
495 785 512 826 a
530 767 614 825 nobis
633 768 820 844 exciperetur,
836 786 888 827 nec
907 771 1051 827 vetaretur
1073 771 1157 842 quin,
1174 785 1237 843 quae
1257 770 1287 825 in
1308 785 1369 825 rem

98 869 178 910 suam
198 852 293 908 lacere
316 849 373 906 sihi
391 849 566 918 viderentur,
585 847 676 906 libere
697 851 850 923 aperteque
865 851 1051 924 expromeret.
1068 853 1126 908 Nec
1142 867 1209 908 vero
1233 865 1297 923 spes
1316 865 1369 906 nos

98 931 190 990 omnis
210 931 376 988 deseruerat
394 930 456 986 fieri
473 945 572 1003 posse,
588 931 635 998 ut,
652 931 678 986 si
695 931 811 1002 quidem
834 931 962 987 animum
982 931 1065 988 illum
1083 931 1236 1003 docibilem
1257 931 1370 988 afferret

97 1030 194 1086 quem,
208 1028 246 1069 ex
265 1009 395 1085 Apostoli
416 1011 574 1080 sententia,
594 1011 625 1066 in
642 1011 782 1084 Episcopo
803 1011 928 1068 maxime
938 1012 1118 1083 Augustinus
1132 1012 1175 1084 (b)
1189 1011 1367 1084 requirebat,

98 1111 159 1150 cum
175 1092 349 1166 simpliciter
359 1093 389 1147 et
402 1090 524 1148 candide
537 1092 628 1162 toarni
641 1093 748 1148 remota
763 1091 973 1148 concertatione
986 1095 1015 1148 et
1034 1091 1200 1164 acerbitate)
1215 1107 1368 1164 recognos-

96 1173 184 1230 cenda
204 1173 232 1229 ei
253 1174 478 1246 proponerentur
498 1172 642 1245 precipua
660 1171 855 1228 doctrinarum
876 1173 970 1246 capita
988 1188 1052 1245 quae
1068 1173 1131 1230 risa
1148 1175 1248 1230 essent
1267 1172 1369 1245 majori

97 1253 347 1310 animadversione
361 1251 462 1322 digna,
477 1253 537 1308 tum
552 1252 635 1308 facile
648 1268 713 1308 sese
724 1253 786 1326 ipse
798 1252 937 1324 colligens
951 1270 1008 1310 non
1022 1253 1180 1322 dubitaret,
1194 1266 1258 1326 qaae
1275 1253 1369 1310 ambi·

97 1350 151 1404 gue
165 1333 261 1407 posita
276 1333 385 1401 essent,
399 1331 429 1386 in
444 1333 586 1388 saniorem
599 1349 715 1392 sensum
727 1348 879 1406 exponere,
890 1349 988 1405 quaere
1003 1335 1184 1390 manifestam
1199 1335 1369 1407 pravitatem

98 1429 201 1486 praese
216 1415 336 1478 terrent,
353 1415 450 1484 aperte
465 1412 633 1486 repudiare:
648 1415 734 1485 atque
748 1413 803 1482 ita,
815 1429 919 1483 magna
937 1428 1002 1469 curn
1022 1415 1068 1470 sui
1089 1414 1213 1470 nominis
1226 1414 1371 1470 existima-

98 1495 185 1561 tione,
201 1495 260 1548 tum
275 1493 428 1548 laetissima
439 1493 578 1549 bonorum
590 1493 718 1550 omnium
730 1492 931 1564 gratrdationa
942 1494 1128 1567 pacatissima
1137 1511 1193 1568 qua
1203 1495 1266 1550 fieri
1274 1497 1371 1567 posset

99 1574 207 1629 ratione
221 1573 277 1629 orti
293 1573 324 1628 in
339 1572 468 1628 Ecclesia
482 1573 618 1646 strepitus
634 1573 815 1647 optatissima
833 1573 1006 1630 correctione
1017 1573 1332 1648 comprimerenturlcl.

132 1663 213 1718 Nunc
226 1675 294 1716 reno
309 1676 374 1716 cum
395 1659 444 1716 ille
457 1658 552 1716 oblato
570 1661 722 1730 beneficio,
741 1659 928 1717 incommode
942 1660 1115 1717 valetudinis
1130 1663 1259 1730 nomine,
1273 1663 1369 1718 minus

98 1741 235 1798 utendum
249 1741 308 1797 sibi
322 1757 388 1796 esse
401 1741 559 1810 censuerit,
573 1741 688 1798 differre
697 1744 758 1814 jam
773 1757 830 1798 non
842 1757 996 1814 possumus
1011 1741 1080 1814 quin
1095 1741 1258 1816 Apostolico
1273 1744 1370 1798 nostro

98 1822 208 1878 muneri
230 1820 455 1878 satisfaciamus.
470 1823 533 1877 Non
554 1822 642 1878 unius
663 1821 860 1878 tantummodo
881 1820 1036 1878 alteriusve
1056 1822 1190 1878 dioecesis
1211 1821 1370 1894 periculum

98 1903 201 1974 agitur.
222 1901 410 1960 Uniuersals's
431 1900 564 1958 Ecclesia
586 1917 774 1975 quaerasque
792 1901 924 1958 siccitate
939 1901 1148 1976 palecturtdl.
1162 1901 1295 1974 Undique
1310 1903 1369 1973 jam

100 1983 209 2055 pridem
232 1999 290 2038 non
314 1983 478 2056 expectatur
503 1982 600 2051 modo,
621 1998 720 2044 remim
740 1982 868 2039 assiduis
891 1983 1021 2056 repetitis
1042 1983 1174 2056 precibus
1195 1981 1371 2052 efflagitatur

100 2078 240 2137 supremae
258 2062 424 2136 apostolicae
443 2062 525 2120 Sedis
541 2062 692 2135 iudicium.
708 2061 805 2131 absis,
821 2065 853 2119 ut
871 2080 925 2120 rox
941 2064 1018 2120 Petri
1039 2065 1070 2119 in
1089 2063 1140 2120 illa
1158 2079 1284 2135 unquam
1298 2061 1370 2118 Sede

100 2159 153 2199 sua
169 2145 359 2212 conticescat,
373 2144 404 2199 in
419 2160 474 2216 que
493 2145 630 2217 perpetuo
642 2144 743 2200 vivens
757 2143 810 2199 ille
825 2159 859 2200 ac
872 2142 1029 2218 praesidens
1044 2146 1162 2217 praestat
1176 2142 1370 2216 quaerentibus

100 2223 181 2280 Fidei
195 2225 344 2281 veritatem
358 2223 410 2296 [el.
426 2227 498 2281 Tuta
512 2240 568 2279 non
583 2224 672 2282 estin
691 2223 799 2280 talibus
814 2223 926 2296 longior
945 2224 1128 2281 conniventia
1142 2224 1227 2297 :quia
1249 2225 1372 2279 tantum·

99 2305 166 2360 dem
187 2319 262 2376 pene
283 2303 410 2360 criminis
424 2307 469 2360 est
488 2304 640 2362 connivere
657 2305 687 2360 in
706 2304 829 2374 talibus,
845 2305 944 2376 quanti
958 2306 1004 2361 est
1021 2307 1079 2362 tam
1093 2304 1254 2376 irreligiosa
1270 2303 1372 2377 praedi-

98 2399 168 2439 care
185 2383 235 2456 itt.
251 2383 479 2440 dbscindendum
498 2384 587 2455 igitur
608 2383 664 2440 tale
680 2384 800 2454 vulnus,
818 2401 874 2457 quo
889 2401 946 2441 non
965 2401 1053 2442 unum
1074 2385 1231 2441 membrum
1246 2383 1370 2454 laeditur,

98 2463 150 2519 sed
173 2465 264 2519 totunr
283 2479 380 2538 corpus
392 2463 525 2521 Ecclesiae
541 2465 687 2521 sauciatur
700 2464 754 2538 (9).
769 2467 860 2537 Atque
873 2463 972 2522 divina
985 2465 1143 2541 opitulante
1157 2465 1264 2540 pietate
1275 2464 1371 2537 prori-

100 2543 242 2612 dandum,
260 2545 304 2614 ut,
319 2545 475 2618 amputatis
496 2545 743 2614 dissensionibus,
758 2544 843 2604 Fides
858 2545 999 2602 catholica
1014 2546 1151 2602 inuiolata
1170 2545 1310 2612 serretur,
1327 2547 1369 2613 et,

99 2624 143 2680 his
163 2624 215 2697 qui
233 2640 321 2697 prere
339 2625 496 2682 detendunt
515 2625 551 2682 ab
566 2641 661 2682 errore
675 2626 831 2696 revocatis,
847 2627 945 2684 nostra
965 2627 1135 2684 auctoritate
1148 2641 1269 2698 quorum
1287 2625 1371 2681 Fides

100 2703 216 2777 probata
230 2703 318 2761 tuerit
335 2705 502 2762 muniantur
516 2705 568 2779 (bt.

135 2792 287 2867 lmplorato
300 2793 397 2865 itaque
407 2809 472 2850 cunr
488 2793 615 2851 assiduis
628 2794 734 2850 nostris
753 2795 813 2849 tum
831 2795 860 2850 et
877 2794 988 2868 piorum
1006 2793 1236 2851 christifidelium
1251 2793 1372 2868 privetis

101 2871 282 2950 publicisque
296 2873 430 2946 precibus
445 2875 570 2946 Spiritus
585 2873 677 2930 sancti
692 2873 815 2942 lumine,
827 2874 961 2930 omnibus
976 2873 1060 2947 plene
1075 2876 1104 2930 et
1118 2877 1229 2930 mature
1242 2873 1373 2930 conside-

101 2953 185 3021 ratis,
202 2953 365 3027 complures
378 2969 414 3010 ex
427 2955 500 3010 actis
514 2956 543 3010 et
554 2954 677 3011 decretis
691 2955 855 3010 memoratae
867 2953 972 3026 Synodi
983 2955 1203 3028 propositiones,
1216 2954 1370 3024 doctrinas,

102 3033 274 3104 sententias,
289 3035 351 3091 sive
369 3051 504 3108 expresse
526 3032 661 3103 traditas,
678 3034 738 3091 sive
755 3051 806 3110 per
823 3033 1039 3106 ambiguitatem
1058 3035 1235 3104 insinuatas,
1250 3036 1312 3092 suis
1327 3036 1372 3109 lut

101 3114 249 3186 prestetum
268 3114 324 3184 esti
339 3116 444 3188 cuique
465 3115 605 3188 appositis
625 3117 702 3172 notis
720 3116 752 3172 et
772 3116 917 3183 censuris,
934 3115 1110 3172 damnandas
1131 3117 1160 3172 et
1180 3115 1372 3190 reprobandas

102 3195 281 3264 censuimus,
297 3198 382 3268 prout
395 3212 427 3251 ac
442 3199 539 3252 nostra
550 3197 688 3270 perpetuo
699 3195 822 3252 valitura
835 3195 1038 3252 constitutione
1051 3195 1220 3254 damnamus
1236 3199 1265 3253 et
1281 3211 1372 3270 repro-

102 3274 212 3332 bemus.
622 3269 627 3284 '

135 3357 207 3414 Sunt
221 3355 318 3412 autem
333 3371 396 3430 quae
410 3357 569 3429 sepiuntur
583 3375 590 3413 ε

422 3564 679 3608 promutuans
696 3565 856 3609 VthlfflUl
875 3566 905 3608 iri
923 3564 1054 3608 ECCLESIA

243 3677 294 3736 Ea
308 3677 414 3736 decret.
429 3679 465 3736 de
478 3685 555 3753 prat.
572 3678 590 3752 ξ
610 3679 637 3736 i.

138 3785 164 3844 t.
179 3787 351 3860 Propositio,
362 3801 427 3860 quae
440 3786 555 3856 asserit,
565 3784 729 3860 posteroria
742 3783 823 3846 hisee
835 3783 955 3844 secatis
972 3801 1115 3860 epar-mm
1128 3802 1189 3845 esse
1200 3783 1372 3858 perseralem

133 4045 169 4108 (a)
186 4045 271 4110 Epist.
285 4059 389 4107 anxxrr,
405 4059 477 4096 num.
495 4051 524 4108 (ς
539 4059 658 4108 cuxrm,
674 4059 746 4097 num.
759 4051 786 4107 2,
797 4045 857 4097 edit.
873 4047 983 4098 Maurin.

132 4115 167 4180 (b)
188 4116 241 4167 Lib.
256 4117 290 4168 lv
303 4117 380 4182 Bapt.
394 4119 485 4167 contra
500 4119 608 4180 Donat,
618 4130 640 4169 c.
651 4131 677 4182 r,
692 4121 717 4169 et
727 4116 772 4167 lib.
786 4119 819 4180 V,
834 4129 888 4182 cap.
899 4131 967 4170 xxvr.

133 4187 164 4250 (c)
182 4187 209 4238 S.
225 4187 374 4240 Goelestinus
387 4189 411 4250 1,
424 4187 499 4252 epist.
513 4201 568 4248 m,
583 4201 657 4239 nam.
671 4195 698 4251 ²,
714 4187 784 4254 apud
796 4191 884 4240 coust.

131 4257 172 4321 (d)
188 4257 237 4319 ld.‚
250 4259 324 4323 epist.
339 4273 393 4310 ιιι.
409 4259 446 4309 ad
457 4260 586 4323 episcopos
597 4257 756 4312 Galliarum.

133 4331 167 4395 (e)
183 4328 368 4394 Chrysalogns,
383 4331 459 4395 epist.
474 4329 512 4380 act
525 4329 678 4394 Eutychen.

132 4399 167 4466 (s)
183 4401 210 4451 S.
225 4399 379 4453 Caelestinus
392 4402 416 4464 1,
432 4401 508 4466 epist.
524 4413 572 4462 ιιι,
588 4413 661 4453 num.
671 4407 698 4451 ι.

14 4513 16 4530 r
131 4472 170 4538 tq(
190 4471 240 4534 td,
254 4473 383 4537 apiatas,
400 4471 516 4536 cecilio,
528 4485 601 4524 nuru.
617 4477 640 4523 t.

132 4543 168 4608 (b)
185 4542 212 4596 S·
225 4545 277 4596 teo
290 4545 413 4610 item,
426 4544 505 4609 epist
519 4542 736 4614 umbiculum
752 4544 815 4608 GP„
828 4554 902 4596 anm.
918 4548 942 4594 ι.
