3202 5020
650 218 693 262 nn
718 219 867 264 auersus
1326 207 1395 268 tlt

113 332 226 407 moda,
243 337 275 393 et
286 331 336 394 lex
350 333 451 392 totum
464 327 559 390 robur
572 346 667 390 suum
678 327 844 392 amitteret.
861 330 939 394 Hinc
953 348 1014 392 non
1032 330 1145 392 valeret
1158 331 1394 397 matrimonium

112 439 190 485 cum
205 418 445 500 consanguinea,
461 415 555 478 etiam
570 422 656 479 metu
676 417 801 493 mortis,
818 417 884 480 sine
902 417 1125 498 dispensatione
1137 418 1262 482 initum.
1281 458 1321 467 —
1334 423 1394 486 Lu-

113 529 215 573 croac.

627 707 802 784 CAPUT
833 709 889 784 IV

305 903 351 954 nn
377 869 469 953 naon
494 901 568 952 nou
594 903 756 972 SCRIPTA,
784 903 851 954 ssu
876 903 922 954 nn
948 903 1217 956 consumemus

166 1089 234 1150 137.
252 1120 292 1128 -
307 1085 477 1146 Durrmrro.
494 1083 700 1156 consuetude,
717 1088 808 1162 prout
820 1082 981 1146 causaliter
994 1084 1212 1160 consideratur,
1229 1093 1275 1149 est
1289 1089 1398 1168 agendi

121 1193 189 1238 mos
205 1191 242 1236 ex
256 1170 470 1252 frequentibus
484 1169 719 1234 communitatis
733 1170 843 1244 totius,
856 1171 903 1234 vel
917 1172 1041 1253 majoris
1055 1175 1191 1254 ejusdcm
1201 1176 1311 1256 partis,
1323 1177 1398 1240 acti-

120 1265 183 1328 bus
197 1263 359 1336 inductus;
377 1259 544 1322 formaliter
557 1277 627 1322 vero
641 1265 687 1322 est
696 1263 749 1341 jus
761 1259 915 1339 quoddam
930 1260 1068 1324 moribus
1082 1264 1303 1341 constitutum,
1316 1268 1400 1346 quod

120 1351 254 1434 prolege
271 1349 428 1430 accipitur,
440 1365 512 1411 cum
522 1347 621 1410 deficit
633 1348 691 1410 lex.
703 1385 744 1394 -
753 1350 843 1410 Itaex
852 1348 965 1412 Isidoro
978 1349 1070 1412 habet
1083 1370 1147 1433 cop.
1162 1350 1350 1417 Consuetudo
1361 1359 1396 1431 5,

123 1442 200 1503 dist.
217 1447 242 1503 t.
259 1475 300 1484 -
312 1440 349 1500 ln
359 1438 416 1502 heo
430 1437 607 1500 definitione
620 1455 734 1499 nomen
748 1437 821 1517 legis
834 1435 1017 1517 intelligitur
1029 1439 1065 1500 de
1078 1439 1141 1519 lege
1156 1441 1275 1522 scripta.

168 1533 295 1592 ltnrsro.
311 1527 504 1589 Consuetudo
518 1525 634 1588 aliaest
648 1525 808 1588 seeundum
824 1526 874 1606 jus
889 1545 943 1588 seu
958 1526 1049 1608 legem
1054 1574 1064 1606 ,
1081 1546 1150 1608 quae
1163 1529 1259 1609 legem
1273 1533 1398 1611 praeexi-

124 1623 260 1682 stentem
273 1616 505 1694 interprctatur‚
522 1615 682 1677 confirmat
705 1621 760 1677 aut
780 1615 923 1696 adjuvat;
940 1619 970 1677 et
990 1615 1055 1678 baec
1073 1616 1234 1680 constituit
1245 1621 1313 1699 juS,
1336 1639 1399 1682 non

126 1707 182 1770 ubi
194 1707 282 1786 plene
296 1703 396 1786 deficit
410 1703 473 1778 lex,
488 1704 540 1765 sed
554 1702 609 1764 ubi
624 1705 672 1765 lex
686 1702 786 1765 deficit
794 1704 894 1784 quoad
907 1703 1205 1783 interpretationem,
1221 1705 1399 1770 firmitatem

124 1802 182 1858 aut
205 1791 460 1858 observationem.
474 1828 515 1837 -
528 1791 597 1854 Alia
611 1798 656 1854 est
670 1803 785 1875 prater
800 1794 854 1874 jus
874 1811 928 1855 seu
943 1793 1051 1877 legun,
1071 1812 1139 1874 qum
1149 1796 1202 1876 J‘us
1222 1796 1398 1870 constituit,

124 1883 181 1947 ubi
194 1883 243 1946 lex
257 1881 336 1945 nihil
351 1881 487 1961 precipit
506 1886 560 1943 aut
574 1879 728 1961 prohibet,
740 1880 773 1943 id
789 1888 836 1943 est
848 1881 981 1944 totaliter
994 1881 1108 1958 deficit,
1126 1889 1157 1944 et
1169 1882 1243 1946 huic
1262 1885 1402 1965 apprime

123 1972 271 2036 convenit
291 1970 427 2034 definitio
446 1968 563 2032 lsidori.
580 1969 702 2031 -Alia
721 1976 768 2032 est
785 1979 890 2032 contro
898 1971 954 2052 jus
968 1989 1021 2034 seu
1037 1971 1144 2052 legem,
1164 1988 1233 2054 quaa
1254 1974 1403 2036 statuitur

124 2067 233 2124 contra
247 2058 450 2140 receptionem
466 2057 540 2138 legis
558 2063 613 2121 aut
633 2059 670 2120 ad
694 2057 873 2121 abolendam
890 2059 989 2139 legem
1007 2065 1172 2141 receptam
1189 2068 1221 2123 et
1232 2061 1298 2126 baec
1311 2059 1401 2124 insti-

124 2149 189 2213 tuit
196 2153 250 2232 jus
261 2147 335 2228 legis
349 2146 586 2223 revocatorium,
606 2147 661 2210 ubi
674 2146 723 2210 lex
736 2146 883 2227 abrogans
898 2147 1011 2230 scripta
1022 2149 1133 2212 deficit.

255 2302 477 2382 Princtpla.

168 2453 194 2512 1.
219 2449 423 2523 consuetude,
445 2447 557 2510 debitis
577 2447 687 2512 vestita
701 2448 945 2524 conditionibus,
965 2448 1029 2511 vim
1049 2449 1141 2513 babet
1162 2469 1265 2514 revera
1285 2469 1403 2515 nortun

121 2542 178 2622 jus
198 2537 379 2612 inducendi,
404 2544 493 2600 vetus
510 2537 692 2616 abrogandi,
709 2537 757 2600 vel
770 2537 910 2617 penitus,
926 2538 974 2600 vel
992 2555 1030 2600 er
1050 2543 1150 2618 parte,
1169 2558 1199 2600 v.
1223 2557 1280 2618 gr,
1302 2542 1404 2620 quoad

124 2644 267 2709 poenam,
285 2633 460 2688 remanente
473 2625 672 2705 obligatione,
687 2624 923 2701 autviceversa;
935 2625 1072 2706 itemque
1082 2627 1180 2706 legem
1194 2629 1401 2706 modificandi,

127 2716 177 2778 rel
188 2714 420 2795 interpretandi.
436 2718 562 2778 Constat
575 2732 612 2776 ex
627 2713 720 2776 variis
738 2714 823 2776 Juris
841 2720 911 2776 tum
933 2714 1069 2777 canonici
1088 2722 1158 2777 tum
1177 2717 1402 2794 romanilociS,

127 2803 243 2886 quibus
266 2801 394 2866 indubie
414 2802 545 2878 eruitur,
568 2803 820 2864 consuetudinem
841 2821 894 2884 pro
913 2802 976 2882 lege
994 2803 1167 2866 habendam
1185 2823 1260 2866 esse.
1279 2809 1406 2869 Constat

128 2891 241 2976 pariter
251 2911 289 2954 ex
303 2891 461 2954 communi
474 2889 625 2954 sententia
638 2890 846 2972 theologorum
860 2899 891 2954 et
905 2890 1160 2972 legisperitorum.
1174 2891 1253 2955 Hinc
1264 2894 1402 2960 axioma:

127 2981 327 3056 Consuetudo,
338 2984 451 3064 optima
467 2980 562 3060 legum
572 2983 729 3060 interpres.

171 3073 207 3134 ll.
222 3069 419 3134 conditiones
432 3070 470 3132 ed
489 3069 586 3150 legem
604 3068 810 3132 inducendam
827 3068 873 3130 vel
894 3068 1100 3149 abrogandam
1117 3073 1214 3132 sunt:
1235 3076 1267 3133 l⁰
1285 3075 1325 3135 Ut
1337 3089 1407 3133 con-

128 3160 261 3222 suetudo
276 3159 317 3221 sit
326 3157 528 3220 rationabilis.
549 3158 598 3220 Ad
610 3157 667 3220 boc
683 3163 785 3220 autem
804 3155 982 3236 requiritur,
1002 3160 1037 3219 ut
1052 3175 1185 3220 nervum
1199 3159 1406 3222 ecclesiastica

128 3247 299 3328 disciplina
312 3265 375 3310 non
390 3245 577 3327 disrumpam
596 3253 633 3310 ut
645 3251 791 3328 praeterea
800 3245 913 3308 nonsit
926 3245 1022 3310 fomes
1033 3251 1064 3308 et
1076 3246 1190 3309 occasio
1202 3251 1404 3328 peccatorum,

128 3355 188 3400 nec
200 3337 280 3400 bono
298 3333 456 3398 communi
474 3335 651 3415 perniciosa.
668 3335 781 3396 Boutta.
800 3371 839 3379 —
853 3339 885 3398 Ψ
899 3338 940 3398 Ut
958 3333 999 3397 sit
1011 3354 1030 3398 a
1044 3335 1268 3398 communitate
1280 3335 1325 3415 (et
1336 3333 1406 3415 qui-

129 3427 202 3488 dem
216 3444 234 3488 a
250 3428 363 3506 majore
374 3425 512 3506 ejusdem
526 3429 626 3503 parte,
642 3423 739 3487 babili
753 3424 791 3486 ad
809 3422 997 3485 condendam
1015 3423 1126 3503 legem,
1142 3422 1264 3506 Bouic)
1279 3423 1407 3486 inducta

128 3532 186 3596 per
199 3519 285 3576 aetus
300 3513 443 3593 repetitos
453 3512 499 3593 (et
511 3531 573 3574 non
588 3511 775 3592 interruptos
790 3530 887 3592 usque
899 3512 937 3574 ad
947 3512 1128 3592 completam
1142 3511 1404 3586 consuetudinem,

129 3602 359 3684 Reiffenstuel),
381 3600 570 3664 voluntarios
584 3600 706 3682 (idest,
727 3619 789 3663 non
808 3601 839 3662 ri
857 3607 914 3663 aut
928 3604 1027 3674 metu,
1051 3619 1149 3664 errore
1168 3601 1215 3664 vel
1232 3599 1407 3680 ignorantia

127 3691 289 3765 inductos,
305 3691 438 3772 Bottia),
464 3689 613 3772 publicae,
637 3707 709 3754 cum
730 3688 835 3751 animo
853 3689 959 3752 saltem
977 3688 1127 3770 implicito
1146 3707 1177 3752 se
1195 3687 1348 3768 obligandi
1364 3687 1408 3768 (si

130 3786 242 3861 agatur
255 3779 293 3842 de
304 3779 524 3844 consuetudine
535 3784 644 3859 praeter
655 3779 777 3859 legem).
794 3813 835 3823 -
846 3783 878 3842 3ο
891 3783 932 3843 Ut
945 3779 1035 3842 duret
1048 3784 1184 3860 tempore
1200 3776 1363 3858 requisito,
1380 3777 1407 3839 si

129 3867 361 3950 praescriptione
376 3874 542 3932 statuatur.
559 3904 599 3912 -
612 3873 646 3931 40
662 3873 702 3932 Ut
716 3867 744 3930 ci
758 3868 878 3930 accedat
891 3885 1055 3930 consensus
1066 3865 1215 3946 Principis
1229 3865 1276 3926 vel
1289 3883 1408 3945 expres

128 3975 202 4032 sus,
219 3958 267 4020 vel
279 3956 407 4032 tacitus,
423 3957 471 4020 vel
484 3956 598 4036 legalis.
611 3957 749 4036 Prmcipe
760 3955 845 4018 enim
860 3975 922 4019 non
932 3957 1149 4029 consentiente,
1158 3961 1279 4033 atquea
1290 3953 1407 4017 fortiori

128 4046 307 4121 resistente,
324 4065 393 4121 seu,
409 4046 491 4127 quod
507 4045 588 4108 idem
607 4052 667 4119 est,
685 4044 750 4107 sine
764 4046 919 4108 voluntate
933 4052 988 4108 aut
1002 4051 1106 4107 contra
1120 4042 1308 4106 voluntatem
1320 4042 1407 4107 Prin-

128 4134 224 4216 cipis,
240 4134 318 4198 nihil
332 4135 471 4216 apopulo
483 4133 549 4196 fieri
563 4139 661 4214 potest
673 4134 754 4215 quod
769 4134 835 4196 vim
851 4133 925 4216 legis
939 4133 1084 4197 obtineat.

257 4283 457 4358 Quaestta.

173 4415 245 4476 138.
261 4447 302 4458 —
317 4413 418 4486 Quae.
435 4417 467 4473 l⁰
483 4409 562 4486 Ouid
572 4413 612 4471 sit
626 4429 779 4472 consensus
794 4409 916 4488 tacitus,
932 4400 1008 4490 quid
1019 4425 1173 4469 cousensus
1185 4406 1310 4490 legatis?

176 4501 264 4583 Resp.
284 4519 298 4562 .·
315 4504 487 4564 consensus
506 4501 611 4562 tacitus
635 4507 709 4563 tunc
732 4500 832 4575 adest,
848 4499 970 4579 quando
988 4497 1130 4578 Princeps
1156 4495 1408 4562 consuetudinem
