3136 5034
190 208 259 266 art
723 218 930 265 reserares

230 335 265 394 l0
285 329 481 409 Nominatus,
503 331 551 392 vel
570 331 792 402 innominatus,
810 335 902 411 prout
919 347 1032 394 nomen
1050 331 1211 413 proprium
1230 331 1340 404 habet,
1363 331 1471 404 sient,

190 441 221 485 v.
244 438 302 500 gu,
327 419 472 495 venditio,
500 425 555 481 ant
576 418 698 500 proprio
714 418 840 483 nomina
865 427 960 496 earet,
985 439 1016 484 v.
1039 439 1098 498 ga,
1121 419 1159 482 do
1179 429 1215 481 nt
1233 419 1301 490 des,
1324 419 1413 501 socio
1438 431 1473 480 ut

190 510 303 592 socrus,
320 515 376 571 etc.

233 602 265 661 5⁰
282 597 408 671 Nudus,
425 603 481 659 ant
499 599 635 659 uastitas.
659 600 841 660 Contractus
861 597 961 658 nodus
981 596 1105 674 dicitnr,
1128 597 1184 678 qui
1205 597 1239 660 in
1256 597 1320 660 loro
1339 603 1472 660 externe

192 704 255 749 non
285 686 368 766 parit
399 685 633 765 obligationem,
661 686 714 748 sed
739 691 865 748 tantum
888 686 1093 768 exceptionem
1113 706 1121 748 :
1142 687 1216 749 tales
1237 691 1312 748 sunt
1335 703 1474 748 conran-

193 775 380 855 tionesque
398 774 513 856 absque
532 771 645 854 scripto
667 778 723 836 ant
744 773 874 836 testibus
892 775 990 850 finnt,
1011 777 1048 837 nt
1059 775 1214 856 maiores
1233 773 1387 848 inludis,
1413 781 1472 836 etc.

193 867 374 926 Contractus
401 866 524 924 uestitus
551 870 612 938 est,
645 863 700 944 qui
727 866 836 943 prater
863 862 1052 926 conscientiae
1075 862 1291 944 obligationem
1321 861 1410 942 parit
1441 864 1474 924 in

194 950 258 1014 foro
270 949 354 1014 civili
373 951 541 1026 actionem,
557 956 593 1015 ut
607 958 682 1015 sunt
695 955 868 1014 contractus
886 950 1123 1015 formalitatibus
1141 951 1205 1032 lega
1222 950 1385 1033 requisitis
1402 969 1474 1014 mn-

194 1039 271 1113 niti,
284 1045 341 1103 etc.

101 1195 104 1202 ,
236 1131 269 1191 6⁰
283 1127 435 1190 Formolis
459 1146 513 1191 san
529 1147 699 1212 annessae,
716 1133 771 1191 ant
789 1127 930 1192 virtualis
950 1147 1005 1192 sen
1022 1133 1142 1191 tacitns.
1162 1129 1247 1191 Piior
1262 1129 1315 1190 ille
1333 1134 1397 1204 est,
1417 1128 1474 1208 qrri

195 1215 530 1298 fitverbis,scn'pt1s,
555 1217 662 1282 aliisve
690 1217 787 1300 signis
808 1235 990 1281 cnnmrrsnm
1015 1217 1154 1300 explicite
1178 1216 1472 1290 manitastautibns;

195 1305 345 1386 posterior
363 1324 434 1370 vero
457 1312 518 1382 ast,
543 1309 630 1388 cnjus
652 1324 818 1370 consensus
836 1306 874 1370 in
901 1325 967 1370 ram
988 1310 1168 1370 conventam
1191 1305 1314 1368 exsistit
1342 1304 1472 1386 qnidam

195 1393 329 1471 realiter,
345 1395 397 1458 sad
413 1394 563 1476 implicite
581 1401 706 1459 tentum
724 1395 826 1478 aliquo
841 1395 921 1458 dicto
935 1395 984 1458 val
996 1395 1073 1458 fecto
1092 1393 1320 1458 manifestatur.
1335 1393 1387 1456 Sic
1406 1411 1470 1455 me

197 1482 283 1545 (licus
298 1489 396 1546 artem
410 1501 499 1546 suam
515 1501 655 1547 exornans
666 1484 845 1566 promittam
859 1489 1009 1558 censetur,
1028 1502 1059 1546 sa
1074 1481 1228 1546 bauran
1243 1483 1275 1544 id
1287 1499 1372 1556 essa,
1388 1482 1469 1563 qnod

197 1573 263 1652 ejus
281 1571 424 1652 professio
442 1571 583 1656 requirit.
600 1576 780 1637 Contractus
795 1572 855 1636 iste
873 1571 1078 1638 commutetur
1096 1572 1191 1636 etiam
1210 1571 1473 1654 pamicomrnctm

197 1668 404 1742 nuncupatur.

240 1755 271 1812 7⁰
282 1749 456 1828 Attentos,
472 1749 520 1813 vel
534 1749 772 1823 conditionatos,
786 1758 880 1833 prout
890 1751 993 1828 nulla,
1009 1750 1058 1813 vel
1070 1748 1174 1834 aliqua
1185 1747 1319 1812 conditio
1333 1748 1363 1810 ai
1379 1765 1474 1828 appo-

199 1839 296 1901 nitur.
313 1838 433 1902 Dicitur
442 1839 535 1901 etiam
545 1859 659 1921 pannos,
676 1846 732 1903 ant
745 1859 805 1902 non
815 1860 922 1924 porca.

241 1931 310 1991 755.
318 1965 358 1974 -
371 1931 406 1992 ln
421 1927 506 1990 omni
516 1933 673 1992 contractu
683 1929 743 1992 trie
755 1934 829 1992 sunt
839 1927 1066 2008 distinguenda,
1079 1926 1194 1990 scilicet
1205 1925 1347 2001 essentia,
1358 1929 1471 1987 natura

200 2022 231 2078 et
244 2015 457 2078 accidentalia:
473 2023 506 2079 ιο
527 2017 575 2079 Ad
593 2020 745 2080 asentrom
761 2018 916 2099 pertinent
935 2035 970 2079 ea
984 2015 1050 2078 sina
1064 2014 1179 2098 quibus
1196 2021 1367 2078 contractus
1382 2013 1472 2074 exsi-

201 2111 280 2167 stere
294 2105 412 2186 nequit.
429 2105 494 2181 Sic,
514 2124 545 2168 v.
559 2125 618 2186 gc,
639 2107 674 2168 in
687 2114 846 2174 contractu
862 2103 1049 2169 venditionis
1067 2103 1128 2165 tria
1144 2104 1263 2166 dantur
1283 2101 1470 2176 essentialia,

201 2211 321 2275 nempe,
337 2214 399 2266 res,
413 2197 562 2277 pretinm,
578 2201 609 2256 et
622 2215 787 2258 anamnesis.
801 2199 868 2261 Uno
880 2194 1050 2268 detinente,
1064 2193 1169 2255 nullus
1184 2199 1232 2255 est
1244 2195 1422 2255 connectas.
1436 2191 1471 2252 Si

201 2283 265 2349 loeo
278 2283 385 2364 pretii,
400 2303 430 2346 v.
449 2301 509 2364 gr„
522 2302 570 2346 ras
591 2284 651 2346 elia
668 2284 769 2359 datur,
782 2288 848 2366 jam
867 2302 929 2346 non
947 2282 1005 2344 erit
1018 2285 1191 2344 contractus
1206 2280 1400 2358 venditione,
1419 2280 1475 2341 sad

201 2375 452 2436 cornmntotionn's.
472 2377 506 2436 9⁰
526 2373 575 2436 Ad
593 2381 734 2434 notarem
753 2389 824 2436 varo
842 2374 979 2452 spectant
996 2389 1045 2446 aa,
1062 2369 1217 2451 quaelicet
1233 2386 1297 2432 non
1315 2386 1475 2448 expressa,

202 2478 241 2522 ex
258 2459 321 2540 lege
337 2467 459 2536 tamen,
478 2462 526 2524 vel
545 2462 778 2536 consuetudine,
795 2462 843 2525 vel
856 2459 1016 2541 equitata,
1032 2459 1067 2520 in
1081 2464 1236 2520 contractu
1254 2457 1478 2536 comprehensa

202 2547 431 2630 intelliguntur,
446 2549 589 2630 qnamms
602 2549 776 2614 essentialia
789 2567 851 2612 unrr
864 2549 939 2624 sint,
956 2567 986 2611 v.
1002 2565 1060 2628 gr„
1077 2547 1123 2609 rei
1136 2545 1260 2610 vendita
1276 2543 1414 2624 praestita
1430 2544 1476 2606 ab

203 2637 352 2701 evictiona
375 2638 541 2714 serenitas,
560 2656 629 2719 qnae
650 2659 668 2701 a
686 2638 939 2702 contrahentibus
959 2635 1080 2698 excludi
1099 2641 1216 2716 posset,
1232 2632 1308 2713 quin
1329 2630 1477 2693 invalida

203 2727 280 2791 forat
296 2726 451 2791 venditio:
467 2727 530 2789 nisi
551 2728 635 2791 eninr
656 2727 817 2810 peculiaris
841 2725 1002 2791 conventio
1021 2721 1238 2798 intervenerit,
1258 2719 1401 2784 venditor
1422 2719 1476 2781 rei

203 2817 335 2880 venditas
349 2815 546 2879 securitatem
560 2823 704 2898 prestare
715 2815 813 2880 debet.
830 2822 864 2880 3ο
878 2812 1092 2876 Accidentolio
1102 2830 1177 2876 vero
1188 2810 1334 2874 dieantur
1347 2825 1395 2882 aa,
1404 2825 1478 2888 qun

204 2905 376 2968 normanni
388 2903 509 2985 speciali
522 2904 723 2972 conventione
735 2905 864 2988 adjungi
873 2907 1015 2984 possunt,
1031 2903 1110 2983 quiin
1121 2902 1201 2981 lage,
1217 2905 1273 2963 ant
1284 2897 1332 2961 rai
1343 2903 1474 2968 natura,

204 3001 387 3095 censeantur
411 2993 543 3075 adjecta:
559 3015 590 3059 v.
618 3013 677 3076 gn,
707 2993 777 3058 talis
797 2993 889 3076 pretii
911 2991 1032 3066 dilatio,
1057 2996 1114 3053 ant
1137 2989 1198 3054 alia
1222 2985 1415 3069 hujusmodi.
1437 3019 1476 3030 -

203 3083 509 3254 Bagiszcz'pssffimissis
524 3175 717 3237 natandum
730 3171 881 3237 occurrit:
895 3177 926 3236 t·
941 3172 978 3234 de
988 3167 1149 3250 reqrrisitis
1161 3169 1200 3231 ad
1212 3164 1475 3234 contrahendum

206 3267 238 3327 2⁰
253 3263 290 3325 de
304 3262 486 3344 obligatione
498 3269 687 3338 contractus;
705 3267 737 3327 3⁰
750 3264 788 3326 (le
802 3258 1081 3324 modificationibus
1092 3261 1322 3320 neutraetunm.

733 3497 909 3576 CAPUT
935 3497 952 3573 l

465 3687 517 3738 DE
543 3685 778 3746 REQUISITIS
802 3685 854 3735 AD
880 3679 1219 3735 CONTRAHENDUM

250 3834 326 3896 Trio
346 3834 563 3916 requiruntur:
579 3839 610 3896 1⁰
628 3831 757 3896 materie
774 3837 863 3912 apta;
882 3833 914 3893 2⁰
935 3829 1108 3910 subjectum
1127 3843 1235 3908 capam
1257 3828 1291 3890 3⁰
1314 3840 1479 3887 consensus

208 3921 377 4002 legitimus.

718 4050 969 4115 ARTIGULUSI

643 4207 682 4253 DE
703 4205 839 4252 neuneu
859 4201 1050 4250 contentens

249 4333 319 4392 756.
333 4365 374 4376 -
393 4329 521 4394 Materia
544 4334 718 4392 contractus
739 4324 907 4407 generatim
926 4328 999 4386 sunt
1016 4339 1065 4384 ras
1083 4325 1116 4383 et
1130 4319 1223 4392 bata,
1238 4333 1293 4380 san
1311 4335 1348 4379 ea
1363 4313 1482 4384 omnia,

207 4433 278 4496 qna
295 4418 352 4481 sub
372 4418 510 4480 hombris
532 4415 708 4481 dominium
732 4417 836 4479 cadara
855 4416 999 4495 possunt,
1022 4415 1054 4473 at
1076 4409 1113 4472 de
1133 4406 1247 4490 quibus
1265 4405 1484 4469 contrahentes

209 4505 337 4568 liberam
351 4505 650 4569 amministrationem
663 4505 786 4568 habent.
