3216 5020
637 185 681 230 ur
701 183 923 230 urarurraus
1344 169 1408 230 221

179 300 214 360 5⁰
227 299 293 360 Non
308 294 414 358 statim
427 293 575 375 arguendi
590 301 664 358 sunt
678 295 714 356 de
726 300 859 375 peccato,
872 293 1041 374 prasertim
1051 292 1152 374 gravi,
1163 293 1347 375 prenitentes
1358 294 1414 375 qui

134 387 176 450 de
190 385 260 448 odic
274 401 306 446 se
320 390 479 458 accusant;
496 402 574 464 saepe
588 383 673 446 enim
687 383 880 446 confundunt
895 382 1001 446 odium
1011 383 1139 466 proprie
1156 382 1268 444 doctam
1286 401 1339 445 seu
1355 385 1414 444 ini-

133 474 346 537 mintriacum
359 471 427 534 odio
441 472 674 534 abominationis
688 491 742 534 seu
756 470 929 552 qualitatis,
948 477 1004 534 aut
1017 471 1163 553 mseoau,
1184 472 1232 534 vel
1245 471 1340 534 etiam
1358 471 1414 534 311-

134 582 203 644 qua
220 567 346 624 tantum
367 559 464 622 animi
489 560 644 624 aversione
666 560 802 624 naturali
820 566 852 622 et
870 559 1043 624 invincibili
1062 559 1213 623 laborant.
1237 561 1415 624 Cavendum

136 659 246 714 tamen
259 655 322 727 est,
338 667 377 712 ne
390 649 578 712 abominatio
595 648 766 732 qualitatis,
784 648 908 727 indolis,
925 655 995 724 etc,
1012 649 1050 712 ad
1068 667 1202 729 persona
1216 648 1323 712 odium
1339 668 1414 730 pau·

136 739 230 803 latim
244 756 309 802 sese
322 738 476 802 extendat.
492 774 533 783 —
547 738 584 801 S.
598 739 668 820 Liy.
684 758 717 800 n.
734 742 784 802 30.
799 773 839 783 -
861 737 926 800 Vait
942 758 973 799 n.
991 742 1061 802 703.

468 928 485 1013 §
511 926 555 994 11.
580 927 628 993 113
643 925 802 1014 operibus
820 925 1081 994 mesericordia.

181 1083 278 1160 Opera
296 1077 510 1142 misericordia
534 1080 595 1143 alia
619 1086 692 1142 sunt
715 1079 893 1160 corporalia,
915 1079 963 1142 uti
986 1080 1090 1142 cibum
1110 1077 1235 1160 pauperi
1256 1087 1412 1160 prestare,

139 1169 241 1232 nudos
259 1167 390 1248 operire,
406 1173 481 1244 etc.;
498 1175 529 1230 et
546 1168 606 1230 alia
628 1168 815 1249 spiritualia,
831 1174 868 1230 ut
888 1175 1043 1248 peccantes
1063 1167 1224 1247 corrigere,
1241 1167 1416 1256 ignorantes

139 1259 261 1331 docere,
285 1263 411 1320 moestos
434 1257 596 1332 consolari,
621 1263 678 1320 etc.
700 1255 863 1337 speciatim
887 1257 923 1319 de
947 1257 1066 1319 duobus
1096 1262 1220 1319 tantum
1244 1257 1381 1320 dicemus
1405 1276 1413 1320 :

140 1351 176 1408 1⁰
191 1346 227 1408 de
239 1346 445 1427 eleemosyna,
460 1349 494 1409 2⁰
508 1345 545 1408 de
558 1344 741 1410 correctione
754 1344 901 1422 fraterna,
918 1351 1009 1426 prout
1023 1345 1061 1407 ad
1075 1351 1259 1425 preceptum
1273 1345 1416 1409 Caritatis

142 1431 330 1498 reienmtur.

695 1581 837 1626 Punctum
858 1581 868 1625 1

657 1717 698 1772 De
711 1715 904 1788 eleemosyna.

186 1868 384 1950 Eleemosyna
400 1873 446 1930 est
459 1872 545 1930 actus
561 1867 792 1944 misericordia,
813 1887 874 1950 quo
887 1868 1020 1949 proximi
1034 1867 1208 1930 necessitati
1223 1868 1416 1931 subvenitur.

141 1992 185 2002 —
203 1955 273 2019 Alia
290 1954 460 2037 spiritualis
477 1962 538 2030 est,
559 1975 621 2036 qua
643 1956 850 2038 spiritualem,
872 1957 930 2019 3113
950 1956 1126 2040 corporalis,
1153 1975 1215 2037 qua
1236 1957 1419 2037 corporalem

144 2044 280 2126 proximi
293 2043 506 2107 necessitatem
515 2047 674 2126 juvamus
690 2049 732 2108 De
743 2046 805 2108 sola
819 2045 964 2126 corporali
978 2064 1062 2108 nunc
1076 2045 1207 2124 aginrus.

187 2137 307 2196 111-
320 2133 394 2196 Dira
406 2152 419 2196 :
428 2137 524 2196 Datur
533 2151 603 2195 vera
616 2139 800 2214 praeceptruu
810 2135 1032 2216 eleemosynam
1042 2132 1253 2213 indigentibus
1262 2132 1417 2214 erogandi.

143 2226 275 2286 Constat
289 2227 320 2285 10
334 2241 371 2284 ex
383 2222 446 2302 lege
456 2221 605 2298 naturali,
619 2222 732 2284 scilicet
745 2241 783 2284 ex
797 2223 859 2303 lege
870 2223 1003 2303 generali
1014 2221 1162 2296 caritatis,
1173 2241 1234 2302 qua
1248 2221 1420 2302 obligamur

142 2311 189 2374 ad
202 2310 376 2390 proximum
391 2309 594 2392 diligendum,
606 2317 637 2373 et
650 2318 868 2392 consequenter
878 2313 916 2374 ad
925 2328 1013 2392 opem
1028 2311 1072 2373 1111
1086 2310 1121 2372 13
1136 2310 1314 2374 necessitate
1323 2310 1421 2373 leren-

143 2400 233 2464 dam.
253 2399 355 2462 Recole
368 2417 460 2480 supra
476 2399 511 2461 de
532 2397 684 2472 Caritate,
702 2420 733 2461 n.
753 2403 880 2463 art-
897 2403 1074 2463 (13331312ο
1095 2417 1133 2461 ex
1152 2399 1307 2480 Scriptura
1325 2418 1419 2462 sacra.

144 2487 197 2550 Sic
211 2487 296 2550 enim
310 2487 399 2550 Eccli.
416 2507 459 2564 rr,
478 2493 492 2552 1
512 2507 520 2551 z
536 2488 765 2571 Eleemosynam
776 2492 923 2571 pauperis
936 2509 975 2550 ne
988 2487 1165 2570 defraudem
1179 2489 1419 2563 3111131113333,

145 2581 188 2639 11
205 2597 212 2638 :
230 2577 380 2640 Ducedite
399 2595 419 2640 a
434 2596 479 2638 ane
484 2623 494 2657 ,
514 2577 682 2656 maledieti,
704 2578 852 2659 inignem
873 2589 1055 2641 arternum...
1076 2577 1188 2638 esurivi
1206 2579 1298 2653 33133,
1319 2586 1348 2640 31
1365 2597 1423 2638 non

145 2665 273 2728 dedistis
286 2665 363 2728 mibi
376 2664 575 2745 manducare;
588 2668 687 2742 sitivi,
703 2675 801 2728 ernon
816 2665 942 2728 dedistis
954 2665 1033 2729 mibi
1045 2677 1159 2749 potum.

189 2759 272 2818 Bona
293 2754 425 2817 fortunae
442 2753 502 2816 3113
523 2760 597 2817 sunt
617 2759 785 2818 necessaria
806 2759 875 2817 vita
900 2775 954 2818 seu
977 2764 1111 2829 natura,
1135 2753 1201 2816 sine
1223 2755 1337 2835 quibus
1360 2773 1423 2816 non

148 2849 249 2926 potest
264 2842 391 2924 aliquis,
409 2842 492 2923 iique
505 2861 639 2924 quorum
653 2862 758 2906 curam
773 2843 881 2918 habet,
897 2862 962 2906 esse
976 2843 1024 2905 vel
1043 2842 1160 2916 vivere3
1177 2842 1237 2904 alia
1256 2847 1423 2906 necesaria

146 2934 244 2995 statui
265 2951 319 2994 seu
344 2931 503 3006 decentiae,
519 2929 633 3011 quibus
652 2931 771 3012 indiget
790 2931 917 3012 aliquia,
940 2931 1024 3012 iique
1044 2947 1177 3012 quorum
1191 2949 1296 2994 curam
1313 2932 1420 3007 habet,

149 3021 189 3084 ad
202 3021 329 3083 honeste
342 3021 391 3083 vel
409 3021 549 3082 decenter
567 3019 736 3082 vivendum
756 3020 924 3083 secundum
938 3026 1056 3082 statum
1076 3037 1180 3081 suum.
1205 3056 1244 3064 —
1265 3021 1301 3084 S.
1319 3021 1421 3084 Tbom.

148 3111 183 3171 in
196 3115 232 3184 1,
247 3108 321 3171 dist.
337 3111 392 3183 15,
409 3127 438 3190 q.
455 3112 490 3184 1,
506 3128 536 3171 a.
553 3113 588 3184 1,
602 3128 632 3191 q.
650 3114 680 3170 1.

191 3197 350 3278 Superilua
363 3196 510 3260 dicuntur
524 3215 591 3278 quae
604 3196 770 3260 necessaria
782 3215 845 3260 nou
859 3203 943 3260 sunt.

273 3342 458 3424 Regulae.

192 3473 216 3532 1.
238 3471 277 3534 13
298 3479 431 3534 extrema
456 3473 643 3550 neceuitate,
668 3470 808 3551 proximo
834 3469 1072 3532 succurrendum
1091 3478 1137 3534 est
1160 3469 1254 3533 etiam
1277 3487 1315 3531 ex
1336 3468 1425 3532 bonis

148 3563 248 3621 statui
268 3560 459 3630 aceruatim
474 3558 517 3621 sic
534 3558 619 3620 euim
637 3559 732 3638 exigit
750 3565 851 3621 rectus
869 3557 1013 3620 Caritatis
1026 3561 1113 3634 orde,
1130 3577 1201 3622 cum
1215 3558 1279 3621 vita
1292 3556 1425 3638 proximi

149 3648 315 3728 praevalere
329 3647 436 3711 debeat
450 3648 529 3710 bono
544 3653 647 3711 nostro
661 3648 748 3728 longe
762 3646 909 3709 inferiori.

194 3739 232 3798 II.
249 3737 288 3799 13
306 3737 395 3818 gravi
418 3736 603 3812 necomitate,
624 3753 693 3816 quae
717 3736 755 3797 ad
781 3741 951 3797 extremam
970 3736 1098 3811 accedlt,
1122 3736 1358 3800 succurrendum
1379 3743 1426 3799 331

152 3823 294 3906 proximo
305 3844 345 3886 ea
360 3825 443 3886 bonis
456 3825 654 3907 aliquomodo
669 3828 764 3886 statui
775 3827 964 3903 necessariis,
979 3843 1032 3887 333
1047 3844 1118 3888 cum
1132 3824 1249 3886 modico
1263 3824 1312 3886 sui
1326 3831 1426 3888 status

152 3912 350 3976 detrimento.
372 3915 407 3975 13
427 3931 461 3976 ea
482 3931 552 3976 vero
571 3931 639 3994 quas
657 3918 745 3974 13313
763 3930 825 3975 non
843 3919 904 3987 331,
924 3911 999 3975 satis
1017 3920 1064 3976 est
1082 3913 1162 3975 3131
1181 3919 1376 3976 succurratur
1389 3932 1427 3976 ex

150 4001 245 4064 bonis
259 4019 326 4082 quar
341 4001 437 4065 statui
452 4020 505 4064 seu
519 4001 663 4064 decentiae
675 4001 828 4080 superflua
842 4007 926 4064 sunt.
942 4037 983 4048 -
996 4001 1047 4065 lta
1060 4003 1267 4064 communiter.
1281 4035 1324 4046 -
1339 4001 1424 4079 Vivo,

151 4091 188 4152 in
200 4089 296 4173 Prop.
312 4094 351 4155 12
366 4089 404 4152 ab
417 4091 521 4154 Innoc.
537 4091 587 4153 Xl
603 4089 718 4165 damn,
732 4109 763 4151 3.
779 4093 809 4153 8.
821 4126 860 4148 .-
875 4091 911 4153 S.
925 4091 995 4172 Lig.
1008 4111 1039 4152 n.
1055 4095 1104 4154 31.

196 4181 246 4240 111.
263 4178 302 4241 13
316 4181 466 4242 communi
481 4183 668 4252 necessitate,
683 4176 753 4242 licet
770 4179 855 4241 nulla
874 4178 915 4242 sit
933 4178 1075 4259 obligatio
1094 4177 1187 4240 dandi
1205 4178 1427 4262 eleemosynam

151 4266 229 4330 huic
245 4275 301 4330 aut
315 4267 403 4332 alteri
421 4269 454 4331 in
470 4266 663 4348 particulari,
679 4272 830 4341 attamen,
847 4285 886 4329 err
901 4265 1058 4330 communi
1072 4269 1131 4328 DD.
1148 4267 1313 4343 sententia,
1327 4287 1425 4349 apec-

152 4363 223 4418 cato
243 4357 383 4420 excusari
400 4375 463 4420 non
476 4362 591 4437 posset,
608 4355 663 4437 qui
676 4355 756 4418 bona
769 4355 864 4418 etiam
878 4354 974 4418 statui
992 4353 1145 4434 superllua
1161 4355 1293 4432 habens,
1308 4357 1426 4420 nullam

155 4463 297 4526 unquam
311 4445 533 4529 eleemosynam
547 4444 651 4526 largiri
666 4444 765 4508 vellet.
783 4479 824 4490 -
845 4443 919 4508 Vide
934 4443 1064 4524 sacres,
1083 4443 1159 4526 dap.
1178 4463 1239 4520 mr,
1255 4466 1279 4507 s.
1296 4450 1330 4522 3,
1346 4465 1378 4507 3.
1394 4452 1425 4508 ’1.
