3216 5020
527 253 738 298 tractatas
762 254 801 298 DE
826 253 1046 300 iteraturus

662 471 879 536 ARTIGULUS
898 473 912 533 1

568 651 610 696 DE
635 651 882 696 NECESSITATE
907 649 1002 696 etant

503 810 531 877 Ι.
548 845 590 862 -
611 811 732 890 Quoad
750 820 867 880 actsnn
880 810 1069 879 internum.

186 988 257 1049 187.
273 1017 316 1030 -
327 985 352 1044 1.
367 983 462 1044 Actus
475 981 616 1044 internus
631 981 716 1046 Fidei
726 979 871 1044 omnibns
882 983 995 1046 adtritis
1007 983 1046 1045 ad
1055 982 1307 1064 justificationem
1321 1004 1422 1050 neces-

143 1072 247 1136 sarius
261 1077 308 1134 est
323 1073 496 1134 necessitate
509 1070 613 1132 medii.
630 1073 755 1133 Constat
767 1089 805 1132 ex
818 1071 924 1153 Epist.
947 1071 988 1133 ad
1000 1071 1096 1134 Hebr.
1113 1089 1160 1147 xr,
1176 1076 1211 1148 6,
1228 1073 1426 1155 1111111111-

141 1163 194 1225 lus
208 1160 303 1224 dicit:
320 1160 395 1222 Sine
412 1159 473 1242 fide
491 1160 669 1242 impossibile
685 1168 729 1220 est
739 1159 860 1241 plaeere
876 1161 950 1223 Deo.
970 1159 1100 1223 Credere
1117 1165 1196 1224 enirn
1210 1173 1327 1245 oportet
1338 1183 1425 1226 occe-

143 1250 265 1314 dentem
278 1249 321 1311 ad
331 1249 442 1324 Deum,
453 1251 527 1330 quia
536 1256 589 1328 est,
601 1257 631 1310 et
642 1249 863 1330 inquirentibus
873 1253 1225 1314 1111111111111111.-
1233 1255 1272 1314 Et
1281 1271 1321 1315 11
1332 1252 1422 1316 Cone.

149 1339 236 1402 Trid.
253 1341 432 1413 aess.V1,c.
449 1355 493 1402 vt.

187 1430 224 1490 11.
239 1426 432 1490 Necessarius
446 1434 492 1490 est
505 1427 599 1490 etiam
612 1430 783 1489 rncessitate
797 1430 944 1508 precepti
962 1429 1149 1509 quandoque
1162 1427 1197 1492 in
1211 1429 1285 1491 rita.
1301 1433 1426 1494 Constat

144 1535 184 1580 ex
198 1517 354 1596 Scriptum
374 1533 468 1578 sacra.
484 1515 602 1578 Dicitur
621 1515 705 1578 enim
726 1514 760 1578 in
779 1514 877 1596 Epist.
894 1518 1030 1580 Itoana.
1047 1536 1094 1592 m,
1111 1522 1170 1582 23:
1187 1515 1255 1579 Hoc
1273 1529 1316 1580 est
1334 1539 1425 1579 mon·

142 1605 247 1668 111111
262 1605 344 1686 ejas,
362 1611 397 1665 nt
410 1603 564 1666 credamus
584 1605 617 1664 in
635 1605 751 1666 nornine
765 1603 845 1666 Filii
864 1605 928 1685 ejas
940 1605 1012 1666 Jesu
1028 1604 1158 1670 Christi.
1171 1608 1248 1668 Item
1262 1625 1299 1668 ex
1314 1612 1424 1687 10111-

142 1693 297 1775 positione
311 1693 349 1755 ab
361 1693 533 1756 Alexandro
545 1695 598 1755 Vll
614 1693 851 1774 damnataque
866 1692 908 1755 sic
922 1712 953 1756 se
964 1693 1057 1756 habet
1068 1714 1076 1756 :
1086 1693 1184 1757 Homo
1196 1695 1281 1756 natta
1292 1714 1424 1776 anquam

143 1785 290 1846 vitasunt
308 1791 439 1865 tempore
452 1789 569 1843 tenetur
583 1781 688 1843 eiicere
702 1791 801 1843 actum
819 1781 923 1860 Fidei,
943 1782 1021 1864 Spei
1033 1792 1063 1845 et
1077 1782 1238 1856 Caritatis,
1254 1801 1292 1845 ea
1303 1785 1335 1844 ui
1344 1803 1424 1863 pra·

145 1882 301 1954 ceptorum
316 1869 491 1932 divitiorem
505 1869 547 1932 ad
560 1890 608 1932 eos
626 1874 755 1932 virtutes
772 1872 1011 1952 pertinentiam·
1026 1877 1056 1934 ct
1068 1876 1122 1936 65·
1137 1872 1176 1935 ab
1195 1871 1370 1934 Innocentio
1383 1875 1425 1936 XI

146 1961 311 2034 damnata,
327 1977 397 2039 qua
413 1959 583 2022 asserebat:
596 1959 735 2040 sufficere
748 1959 865 2021 tantini
878 1970 910 2021 nt
926 1962 1075 2042 mysteria
1095 1961 1259 2024 Trinitatis
1271 1971 1299 2021 et
1312 1961 1424 2022 111111-

145 2050 281 2112 nationis
294 2048 385 2112 semet
396 2047 569 2111 crediderat.
930 2067 934 2074 ·

273 2195 468 2272 Quaesita.

191 2327 262 2386 188.
277 2355 319 2368 -
330 2324 430 2398 Qum.
447 2329 479 2386 10
495 2321 689 2399 Quaadonarn
701 2332 812 2404 urgeat
822 2333 1005 2406 praeceptum
1018 2325 1110 2388 Fidei
1123 2324 1291 2388 elicienda?

190 2411 283 2494 Resp.
299 2417 330 2473 10
341 2431 348 2473 :
359 2417 452 2493 Urget
463 2431 519 2493 per
532 2431 562 2476 se
578 2419 609 2475 10
622 2416 689 2493 post
702 2430 795 2474 usum
814 2413 944 2476 rationis
962 2415 1150 2496 completam
1165 2416 1204 2478 ad
1216 2414 1426 2496 incipiendam

148 2499 249 2564 vitam
265 2499 480 2576 christianam
492 2505 525 2563 2⁰
535 2501 611 2564 item
624 2502 746 2582 quando
760 2501 876 2564 infideli
890 2505 995 2566 adulto
1008 2503 1093 2568 Fidei
1108 2512 1220 2567 nostrie
1234 2504 1347 2566 veritas
1362 2502 1426 2565 sui-

148 2587 288 2652 flcieater
300 2589 454 2670 proposita
467 2596 528 2666 est;
546 2596 576 2654 30
589 2590 625 2652 in
643 2589 768 2652 articulo
789 2591 915 2666 mortis,
931 2593 969 2654 ad
988 2591 1160 2672 proximius
1178 2593 1368 2656 tendendum
1386 2591 1426 2654 ad

148 2679 263 2752 Deam
280 2683 314 2742 10
328 2677 439 2758 sapius
454 2678 488 2740 in
502 2679 580 2753 vita,
593 2681 683 2759 juxta
696 2679 798 2758 pluras
813 2679 920 2742 saitem
936 2682 1031 2743 semet
1043 2681 1077 2742 in
1091 2699 1187 2754 anno,
1204 2687 1235 2743 et
1244 2684 1336 2761 juxta
1351 2699 1426 2743 non-

150 2765 250 2829 nullos
265 2766 396 2846 singulis
410 2766 581 2830 mensibus.
595 2770 748 2830 Craterum
762 2765 946 2830 sufficienter
963 2768 1019 2832 hoc
1037 2775 1223 2850 praeceptum
1239 2767 1429 2848 adimpletur

147 2856 312 2918 exercendo
331 2855 406 2918 alios
420 2862 506 2918 actus
520 2854 697 2936 Religionis.
713 2889 755 2900 -
767 2855 800 2916 8.
816 2856 900 2937 Lip,
922 2877 953 2918 n.
969 2863 1004 2932 7;
1020 2859 1111 2920 Hom.
1128 2859 1243 2940 nipast,
1263 2879 1294 2918 n.
1312 2863 1361 2921 13.

186 2943 278 3025 Resp.
290 2948 323 3007 2⁰
335 2963 343 3006 ε
355 2949 446 3024 Urget
456 2963 514 3026 per
529 2943 663 3008 1111111
672 2949 704 3007 10
717 2952 846 3024 urgente
860 2946 948 3025 gravi
961 2946 1140 3022 tentatione,
1157 2965 1225 3027 qua
1240 2947 1328 3009 aliter
1343 2945 1428 3009 vinci

146 3037 293 3112 nequeam
310 3038 344 3096 2⁰
357 3034 480 3113 111111
494 3032 627 3114 ponendi
641 3037 716 3095 sunt
727 3051 764 3096 ex
778 3038 923 3115 praeopta
942 3041 1045 3110 actus,
1059 3055 1090 3097 1.
1107 3053 1167 3115 ge,
1183 3035 1377 3098 contritionis
1390 3034 1427 3098 in

147 3120 348 3196 accessione,
363 3121 429 3201 qcri,
446 3140 517 3184 oum
531 3140 568 3184 ex
582 3121 655 3186 Fide
668 3123 828 3202 procedere
838 3121 976 3197 debeant,
992 3123 1059 3186 sine
1071 3124 1174 3204 aliqrro
1187 3123 1273 3186 Fidei
1286 3128 1355 3186 acta
1367 3123 1426 3185 sai·

146 3212 212 3270 tem
226 3209 376 3292 implicita
391 3209 468 3273 cirea
482 3211 641 3291 proprium
656 3229 749 3272 saum
764 3211 917 3292 objectum
934 3217 989 3274 aut
1001 3211 1160 3276 motivum
1172 3231 1236 3274 asse
1251 3216 1424 3290 nequeunt;

147 3301 183 3361 3⁰
194 3304 264 3378 post
277 3299 397 3379 lapsum
411 3299 446 3362 in
460 3299 613 3372 heresim,
630 3305 684 3360 aut
699 3298 806 3362 Fidem
820 3303 972 3379 negatam.
988 3336 1027 3346 -
1041 3300 1092 3362 Ita
1106 3321 1215 3362 omnes.

189 3388 293 3462 01111.
310 3389 410 3451 1011
429 3396 513 3450 actea
531 3387 668 3470 eaptioiti
687 3387 884 3470 requirantur
902 3389 942 3449 ad
955 3399 1138 3472 preceptum
1152 3389 1240 3451 Fr'dei
1253 3385 1426 3468 adimplen-

146 3474 242 3538 ant

190 3565 295 3646 Hesp.-
304 3567 339 3626 11
354 3565 429 3640 illis,
447 3565 501 3646 qui
516 3565 663 3628 veritates
680 3565 738 3628 fide
753 3566 898 3628 tenendas
910 3569 977 3647 jam
990 3566 1163 3630 didicerant
1177 3574 1208 3630 et
1220 3565 1424 3640 crediderunt,

148 3653 320 3732 generatim
341 3652 497 3716 sufficiunt
517 3661 604 3716 actus
627 3654 780 3735 impliciti.
797 3653 875 3716 Hinc
897 3662 1045 3737 praecepto
1067 3654 1229 3729 satisfacit,
1246 3654 1300 3733 qni
1319 3653 1427 3714 devota

148 3740 237 3802 audit
249 3741 390 3817 Missam,
406 3743 513 3806 adorat
524 3743 728 3818 Crucifixum,
742 3747 823 3818 orat,
836 3742 935 3805 crucis
947 3744 1072 3824 signum
1088 3743 1216 3816 format,
1231 3744 1426 3804 Sacramenta

149 3829 273 3911 recipit,
290 3835 345 3892 etc.
360 3865 400 3876 -
413 3832 465 3893 Ita
476 3833 684 3895 communiter.
700 3863 740 3878 -
753 3832 791 3894 S.
806 3831 889 3913 atq,
904 3831 979 3896 itit.

496 4010 541 4077 II.
553 4047 599 4061 -
618 4011 739 4088 Quoad
758 4018 874 4078 actam
888 4017 1082 4078 eaterninn.

193 4175 262 4236 188.
276 4175 355 4235 -1.
372 4176 468 4235 Datur
481 4176 668 4252 preceptum
682 4172 863 4252 negativum
881 4172 1045 4252 prohibens
1060 4185 1165 4232 veram
1178 4167 1285 4232 Fidem
1300 4187 1424 4250 negare,

148 4259 297 4324 falsamve
310 4259 456 4341 profiteri.
472 4261 585 4339 Negare
600 4260 685 4322 enim
702 4261 811 4323 Fidem
825 4266 872 4324 est
885 4265 983 4324 Deum
998 4261 1101 4340 ipsum
1114 4275 1233 4337 negare.
1251 4258 1328 4320 Hinc
1342 4257 1429 4322 Chri·

150 4353 234 4424 stus,
251 4349 361 4411 Marta.
377 4368 406 4425 x,
425 4351 479 4424 3³,
497 4347 541 4409 ait
554 4367 560 4408 :
575 4349 636 4424 Qui
654 4350 816 4430 negaverit
831 4368 878 4411 me
892 4369 992 4411 coram
1005 4345 1189 4425 dominibus,
1206 4347 1315 4428 negato
1332 4358 1360 4409 at
1372 4365 1430 4429 eqo

149 4457 215 4500 enm
229 4457 333 4500 coram
346 4437 440 4500 Patre
451 4455 530 4514 meo,
545 4441 599 4518 qai
613 4437 646 4497 in
660 4436 739 4498 caiis
753 4447 807 4499 est.

193 4529 230 4588 II.
247 4529 345 4590 Datur
363 4526 458 4590 etiam
478 4531 664 4606 preceptum
678 4523 914 4600 affirmatimrm,
933 4524 1070 4606 obligans
1085 4523 1248 4606 aliquando
1266 4527 1304 4589 ad
1319 4525 1425 4588 Fidem
