3202 5020
200 168 267 230 162
731 175 937 220 reserares

196 293 266 358 fieri
279 292 414 374 aliquem
429 289 590 353 subditum
603 287 731 368 alicujus
747 286 813 349 loci.
823 323 863 331 -
874 286 936 350 Alii
951 287 1076 350 mndem
1086 284 1298 363 distinguimt3
1310 283 1474 364 affirmant

198 382 324 464 quidem
351 399 405 460 pro
430 379 549 458 legibus
577 376 733 450 Ecclesiae,
751 383 865 457 repant
888 393 958 439 vero
980 393 1034 456 pro
1056 374 1136 439 votis
1158 381 1189 435 et
1213 373 1411 454 juramentis.
1430 407 1479 418 --

200 471 238 534 S.
252 471 294 533 Li
316 516 338 542 .,
353 468 428 531 ibid.

239 489 313 623 1169.
326 560 428 634 Ques.
445 561 478 618 10
491 557 543 618 Aa
560 555 692 618 Poroedi
705 555 735 614 in
754 553 906 628 aliquibus
920 551 1094 634 dispensare
1106 550 1244 614 cebant?

238 647 327 728 desp.
344 665 356 707 .·
379 645 424 706 De
439 646 514 726 jare
538 644 714 720 ordinario,
729 643 854 704 ratione
882 641 1113 705 consuetudinis
1138 646 1266 722 possunt
1294 641 1475 720 dispensare

199 754 270 800 cum
294 733 424 797 subditis
447 751 502 814 pro
522 732 643 794 casibus
664 731 899 811 particularibus
921 731 956 794 in
978 729 1123 812 jeJ'uniis,
1151 729 1185 791 in
1208 728 1410 804 abstinentia,
1435 729 1473 790 in

199 824 341 905 operibus
361 822 410 886 die
430 821 506 884 festo
527 820 706 901 prohibitis,
729 825 759 882 et
781 819 849 882 aliis
868 819 1065 900 hujusmodi,
1083 835 1152 899 quae
1172 817 1345 900 frequenter
1365 837 1475 881 occur-

200 920 289 988 runt,
310 917 340 974 et
361 911 501 992 indigent
522 916 663 991 prompta
684 908 919 989 dispensatione.
933 907 1035 969 -lto
1053 910 1260 970 communiter.
1275 906 1363 970 -S.
1384 908 1471 988 Liq„

199 999 290 1062 Hem.
307 1008 417 1082 oport,
432 1020 463 1061 n.
481 1003 531 1062 59.

239 1092 340 1165 orne.
357 1093 390 1152 5⁰
405 1089 456 1150 Aa
471 1088 623 1170 Superior
636 1086 809 1167 dispensare
822 1085 917 1167 poscit
927 1105 992 1146 cam
1006 1084 1181 1167 sernetipso?

239 1178 333 1260 Itesp.
352 1175 488 1258 Aspim..
507 1176 535 1238 si
552 1175 594 1239 sit
612 1173 794 1255 primarium
813 1173 877 1235 imo
896 1179 927 1236 et
945 1173 1158 1248 secundarius,
1176 1172 1329 1236 sihabeat
1343 1173 1476 1236 sectilia-

199 1273 264 1332 tcm
278 1266 448 1347 generalem
462 1263 657 1345 dispensandi
669 1280 741 1326 cum
756 1262 834 1324 aliis.
851 1297 891 1307 -—
904 1261 939 1324 S.
955 1262 1040 1342 Liq„
1055 1260 1147 1324 Hom.
1162 1271 1274 1344 oport,
1291 1283 1323 1325 c.
1343 1267 1393 1325 61.

203 1386 206 1392 ·
241 1359 343 1432 Quart.
356 1359 390 1418 60
403 1356 455 1416 Aa
469 1352 624 1435 delepotus
639 1351 833 1431 subdeleqore
844 1355 966 1432 possit?

202 1493 204 1496 -
240 1444 335 1526 Resp.
349 1444 443 1524 Nep,
458 1440 626 1521 generatim
639 1441 805 1521 loquendo,
817 1439 890 1520 quia
903 1439 967 1502 haec
981 1440 1108 1502 lactdtas
1114 1459 1173 1522 per
1183 1459 1212 1502 ee
1225 1457 1288 1502 non
1301 1439 1478 1503 includitur

201 1533 235 1596 in
249 1531 439 1595 concessione
454 1528 639 1610 Superioris,
656 1527 717 1590 nisi
734 1545 874 1609 expressa
887 1527 992 1590 fuerit.
1007 1529 1119 1609 Excipe
1132 1535 1252 1603 tamen,
1267 1528 1378 1609 siquis
1393 1529 1478 1592 dele-

202 1625 289 1702 gatus
303 1619 396 1682 fuerit
409 1620 448 1682 ed
462 1617 704 1698 dispensandum
716 1615 750 1678 in
760 1615 962 1678 universitate
976 1633 1140 1679 causarum
1155 1635 1207 1697 per
1222 1617 1349 1679 modum
1364 1617 1474 1693 officii;

201 1709 275 1790 quia
288 1713 378 1784 tunc,
395 1727 433 1770 ex
446 1705 698 1787 interpretatione
711 1703 887 1779 communi,
903 1705 989 1768 adest
1001 1705 1095 1768 tacita
1106 1705 1278 1786 Superioris
1292 1705 1420 1769 facultas
1432 1708 1475 1769 ad

201 1797 472 1878 subdelegandum.
486 1831 524 1840 -—
538 1795 588 1857 Ito
599 1793 633 1856 S.
645 1794 730 1875 Lip„
744 1815 775 1856 n.
791 1798 864 1870 193;
883 1793 936 1855 oc.
953 1795 1004 1868 Vl,
1021 1812 1052 1856 n.
1067 1797 1136 1857 366.

710 1981 922 2044 ARTIGULUS
942 1981 968 2041 11

514 2136 552 2180 DE
572 2135 673 2180 causm
695 2137 735 2181 At>
755 2135 981 2180 otsrnn'snxnon
1001 2135 1166 2189 nuoutsms

324 2256 551 2336 Principia.

244 2391 312 2449 117.
325 2421 365 2431 -
378 2387 402 2447 Ι.
418 2384 473 2448 Ad
489 2383 650 2446 liceitatcm
667 2381 903 2462 dispensationis
923 2401 1041 2464 semper
1059 2383 1162 2468 aliqua
1180 2403 1272 2448 causa
1292 2385 1476 2467 requiritur.

201 2473 290 2540 Ratio
304 2479 363 2550 est,
381 2473 454 2556 quia
469 2491 554 2536 secus
569 2472 711 2553 Superior
727 2489 790 2534 non
804 2471 864 2534 erit
877 2471 974 2534 fidelis
988 2473 1189 2554 dispensator,
1205 2481 1261 2538 aut
1278 2473 1337 2538 erit
1355 2475 1481 2556 impru-

203 2563 287 2626 dens.
300 2599 342 2609 —
354 2561 390 2626 S.
410 2561 514 2623 raom.
530 2567 558 2624 1.
575 2565 619 2636 1.,
637 2580 666 2642 q.
681 2564 731 2634 et,
748 2571 809 2622 ert.
823 2565 854 2622 1.

242 2651 354 2716 Idcirco
374 2657 476 2731 peccat
496 2657 527 2713 et
547 2650 602 2731 qui
623 2649 657 2712 in
678 2649 733 2712 tali
754 2668 826 2712 casu
847 2649 1106 2730 dispensationem
1125 2651 1219 2733 petit;
1243 2651 1362 2716 inducit
1387 2652 1481 2716 enim

203 2741 443 2822 dispensatorem
457 2740 496 2802 ad
509 2757 576 2802 rem
590 2736 747 2814 illicitam,
763 2743 856 2820 atque
870 2738 943 2800 adeo
960 2746 1062 2819 peccat
1075 2741 1180 2803 eodem
1194 2741 1309 2822 peccati
1320 2759 1428 2822 genere
1442 2741 1481 2806 in

202 2830 345 2910 petendo,
362 2847 396 2891 ac
409 2827 562 2908 legislator
576 2826 610 2888 in
624 2827 822 2890 concedendo.

243 2918 281 2979 11.
297 2917 351 2979 Ad
368 2915 558 2978 validitatem
574 2933 646 2978 vero
665 2915 750 2978 nulla
767 2933 858 2978 causa
878 2914 1047 2998 requiritur
1064 2935 1102 2978 ee
1116 2926 1210 3000 parte
1225 2919 1425 2998 concedentis,
1448 2921 1479 2984 si

204 3005 358 3087 dispenset
371 3005 405 3068 in
420 3024 475 3068 sua
488 3009 542 3067 aut
555 3003 590 3066 in
604 3001 758 3066 inferioris
772 3004 845 3083 lege.
860 3003 948 3066 Ratio
962 3009 1020 3080 est,
1034 3003 1107 3086 quia
1120 3005 1171 3070 ille
1186 3005 1239 3087 qui
1251 3013 1352 3088 potest
1363 3007 1475 3088 ligare,

204 3094 298 3160 etiam
327 3095 440 3157 solvere
466 3097 580 3173 potest;
604 3109 689 3156 secus
715 3098 836 3167 autem,
853 3090 880 3154 si
900 3091 935 3153 in
956 3090 1019 3172 lege
1040 3092 1091 3156 sui
1111 3094 1281 3176 Superioris
1302 3095 1475 3176 dispenset,

205 3183 278 3266 quia
291 3201 353 3246 non
364 3181 563 3262 presumitur
577 3180 724 3261 accepisse
737 3185 921 3260 potestatem
934 3184 1047 3244 temere
1061 3181 1269 3262 dispensandi.
1282 3219 1322 3229 -
1335 3183 1387 3246 Ito
1398 3207 1481 3250 ccm-

205 3275 351 3336 maniter.

246 3363 296 3423 ΠΙ.
313 3359 366 3422 Ad
377 3358 568 3421 caliditatem
582 3377 620 3420 ea
630 3367 723 3440 porte
734 3359 883 3439 petentis,
896 3358 1067 3440 requiritur
1080 3367 1117 3422 ut
1131 3361 1216 3423 nulla
1229 3361 1319 3426 sitin
1330 3363 1481 3444 petitione

207 3447 342 3531 obreptio
356 3454 411 3511 aut
423 3446 577 3527 subreptio
588 3445 771 3520 essentialis
784 3463 838 3509 seu
852 3465 921 3528 quae
935 3449 1023 3510 cadat
1036 3448 1071 3510 in
1085 3467 1210 3512 causam
1224 3452 1390 3526 motivam,
1404 3453 1483 3534 quia
1598 3501 1599 3504 η

207 3537 349 3618 Superior
368 3554 430 3598 non
448 3535 605 3616 dispensat
623 3535 685 3597 nisi
702 3535 759 3598 sub
780 3533 871 3598 tacita
889 3535 1076 3611 conditione,
1094 3537 1221 3614 seilicet,
1236 3543 1263 3600 si
1275 3561 1381 3622 preces
1400 3547 1482 3604 oeri-
1598 3593 1599 3596 .

210 3635 270 3689 tote
284 3623 525 3688 nitentum-S.
540 3625 610 3705 Liq.
627 3644 657 3686 c.
673 3629 741 3688 185.

330 3765 525 3844 Quaestte.

248 3909 318 4007 MS.
335 3907 437 3980 Qonn.
455 3907 487 3964 10
502 3901 554 3961 Aa
568 3907 674 3980 peccet
685 3900 824 3981 praviter
844 3900 997 3982 Superior
1014 3901 1194 3984 dispensans
1206 3908 1273 3968 aiae
1290 3927 1381 3970 caesa
1398 3871 1431 3970 iii
1446 3930 1485 3974 re

208 3992 341 4162 wige
354 4085 386 4144 10
395 4079 475 4161 Nee.
488 4075 685 4160 probabiliter
696 4095 757 4158 per
767 4097 808 4150 se,
819 4080 919 4158 quoad
928 4079 1147 4160 legislatorem
1162 4083 1244 4164 quia,
1257 4087 1382 4166 preciso
1396 4105 1487 4151 scen·

211 4167 278 4230 delo
292 4169 340 4230 vel
355 4168 487 4230 aliomm
501 4168 614 4230 damno
634 4163 735 4244 gravis
751 4183 813 4227 non
828 4166 943 4229 orietur
958 4167 1147 4234 deordinatio
1160 4171 1195 4233 in
1210 4191 1242 4235 re
1262 4173 1398 4254 publica,
1415 4194 1488 4256 pro-
1597 4165 1598 4248 ζ

211 4262 313 4336 pterea
327 4257 408 4336 quod
424 4274 508 4318 unus
521 4261 577 4318 aut
591 4253 675 4327 alter,
692 4271 729 4314 ex
743 4253 983 4333 dispensatione,
996 4256 1092 4338 legem
1108 4278 1170 4323 non
1184 4261 1334 4326 observet.
1350 4263 1489 4329 Aliunde
1597 4253 1598 4297 l

210 4342 363 4422 legislator
377 4349 482 4407 auctor
496 4349 542 4406 est
556 4350 589 4406 et
601 4340 739 4405 conditor
755 4341 844 4422 legis,
861 4362 930 4424 qua
948 4345 986 4407 ab
1001 4349 1066 4428 ejus
1081 4347 1239 4414 voluntate
1254 4353 1376 4431 pendet.
1389 4355 1484 4434 Ergo.

213 4465 253 4478 ·-
266 4429 317 4494 lto
330 4434 522 4521 commeaiter
535 4448 607 4494 eum
620 4430 657 4494 S.
671 4429 754 4511 Liq„
770 4450 802 4491 a.
820 4436 894 4508 178,
910 4439 1014 4496 contra
1028 4434 1115 4498 alios.
