3136 5034
556 284 598 328 66
620 283 891 328 corrurcrraus
1294 274 1362 334 513

128 400 216 481 cosp.
231 401 284 460 7οι
301 397 355 459 Ec
365 395 442 456 dure
454 393 584 472 11611166,
596 394 708 456 locator
721 393 813 458 solvit
824 401 948 456 tantum
963 393 1082 457 tributa
1092 395 1188 459 166616
1201 396 1359 478 imposita.

93 487 218 550 Tributa
236 491 340 548 autem
357 502 411 566 pro
425 481 531 564 januis
545 487 576 544 et
594 480 734 544 fenestris
753 501 771 544 6
790 480 931 545 locatario
948 483 1090 546 solvenda
1107 491 1198 560 sunt;
1216 487 1282 562 sed,
1299 506 1363 552 non

96 578 266 641 solventeeo
277 575 331 656 qui
343 574 457 637 solvere
467 571 571 646 debet,
585 569 676 634 116666
687 571 839 634 actionem
851 570 885 633 in
896 572 1028 634 alterum
1037 571 1145 648 babet,
1156 574 1241 639 salrc
1253 581 1363 640 tamen

96 683 215 728 recursu
228 661 403 745 posterioris
417 661 450 723 16
463 659 607 740 priorum.

132 757 200 817 976.
216 788 256 799 -
269 754 369 828 Quas.
386 755 419 813 50
433 751 485 812 Aa
498 749 635 826 cantius,
651 748 847 831 proficiscens
865 751 899 810 ic
917 757 1028 810 6661666
1044 750 1154 830 locum,
1173 751 1257 815 licite
1270 753 1366 835 possit

95 842 263 925 expluribus
279 844 428 923 inteqrcm
443 839 579 920 occipere
592 835 776 900 mercedem?

133 931 223 1014 Hesp.
240 936 271 993 10
285 949 293 991 :
309 933 350 992 De
369 927 483 1008 aurigis
503 927 588 989 nulla
605 924 782 1001 difficultas,
801 926 874 1007 quia
892 927 963 989 talis
981 935 1027 990 est
1044 931 1243 994 consuetudo.
1257 965 1297 978 —
1313 931 1365 994 Ita

102 1019 291 1082 communiter
306 1016 447 1099 tlteolopi.
1408 1022 1411 1027 ’

133 1108 220 1188 Rerp.
236 1111 269 1170 70
285 1125 294 1168 :
309 1111 350 1170 lte
370 1105 496 1180 nuntio,
518 1105 630 1184 duplex
654 1110 701 1166 est
719 1104 871 1166 sententia
891 1101 1066 1184 probabilis.
1087 1105 1254 1171 -Recole
1281 1107 1365 1172 dictu

97 1217 200 1280 supra,
217 1217 248 1257 6.
265 1199 335 1259 757.
352 1230 390 1240 -
412 1193 445 1257 V.
465 1193 576 1268 Casus,
592 1213 622 1254 a.
637 1196 696 1256 973
712 1201 814 1273 etseq.

592 1411 767 1488 CAPUT
796 1411 851 1488 IV

631 1608 678 1658 DE
704 1607 835 1660 CAMBIO

139 1779 207 1840 977.
224 1811 263 1820 -
277 1772 439 1838 Cantium
457 1777 503 1834 est
522 1771 704 1851 permutatio
723 1770 860 1851 pecunie
877 1787 949 1834 oum
968 1769 1071 1852 aliquo
1089 1773 1172 1836 lucro
1191 1777 1367 1856 eampscris.

101 1864 260 1928 cambium
273 1868 378 1924 tarneu
390 1861 425 1923 in
439 1877 547 1942 genere
563 1859 646 1922 idem
660 1866 763 1935 sonat,
778 1877 811 1921 ac
825 1859 1011 1940 permutatio
1028 1860 1093 1924 sive
1108 1861 1143 1924 in
1159 1863 1287 1944 pecunia
1306 1864 1370 1928 sive

101 1953 133 2016 in
146 1952 214 2015 61116
228 1951 329 2013 rebus.

139 2039 300 2104 cambium
314 2037 436 2102 varium
450 2036 665 2118 distinguitur,
681 2037 796 2100 66111661
810 2057 817 2098 :

140 2136 170 2192 10
183 2127 346 2192 cambium
357 2125 495 2187 manuale
511 2143 565 2189 666
579 2129 745 2198 minutum,
762 2129 792 2188 61
803 2126 962 2189 cambium
977 2126 1084 2206 locate,
1102 2146 1157 2190 seu
1168 2147 1226 2210 per
1240 2128 1370 2192 litterar.

102 2219 188 2282 Prius
201 2219 246 2292 fit,
260 2235 331 2278 cum
349 2221 544 2296 permutatur
555 2213 686 2296 pecunia
702 2214 796 2277 unius
813 2214 917 2278 formae
933 2217 981 2278 vel
998 2216 1224 2280 materiatum
1243 2218 1373 2298 pecunia

103 2307 226 2370 alterius
237 2305 341 2368 166666
355 2310 411 2367 661
423 2304 571 2367 66616616.
590 2302 744 2366 Posterius
757 2311 863 2368 autem
875 2305 975 2368 locum
989 2303 1094 2380 habet,
1108 2307 1230 2386 quando
1244 2307 1374 2386 pecunia

102 2413 233 2476 presens
244 2398 453 2457 commutatur
466 2411 537 2456 cum
548 2391 677 2474 pecunia
691 2391 816 2454 absente
830 2393 934 2457 etalio
949 2394 1011 2457 loco
1023 2393 1179 2457 solvenda.

141 2487 174 2548 70
188 2482 351 2547 Cambium
362 2481 443 2545 reale
457 2500 512 2544 seu
526 2501 640 2552 oerum,
656 2486 687 2543 et
698 2480 855 2543 cambium
871 2481 977 2563 fictum
993 2501 1047 2546 seu
1057 2483 1179 2544 siccum.
1195 2483 1284 2546 Prius
1298 2485 1375 2547 illud

103 2580 158 2648 est,
175 2591 235 2654 quo
249 2571 378 2653 pecunia
392 2589 464 2633 cum
476 2571 536 2634 6116
549 2587 652 2652 reapse
666 2574 885 2633 commutatur.
902 2571 1057 2634 Posterius
1071 2589 1143 2635 vero
1156 2571 1234 2635 illud
1248 2579 1376 2654 estque

103 2661 288 2742 permutatio
300 2659 439 2740 fingitur,
456 2659 583 2722 sednon
597 2664 643 2722 est
662 2658 746 2721 aliud
759 2657 822 2721 nisi
837 2665 986 2722 mutuum
999 2660 1176 2740 palliatum,
1191 2661 1257 2735 uti,
1274 2681 1305 2724 v.
1315 2681 1373 2741 gr,

102 2767 174 2812 curn
195 2750 287 2811 datur
309 2747 436 2828 pecunia
459 2753 610 2829 tauquam
631 2747 666 2808 in
682 2747 741 2808 alio
761 2747 824 2808 loeo
845 2747 1033 2828 recipienda,
1057 2765 1126 2827 quse
1146 2747 1301 2810 tamenin
1320 2750 1377 2812 hec

103 2839 169 2918 ipso
183 2837 245 2898 loco
259 2835 415 2914 recipitur.

145 2931 176 2988 3⁰
191 2921 355 2987 Gambium
365 2923 469 3003 fictum
480 2921 523 2983 sic
538 2921 603 2982 lieri
618 2922 710 2983 solet:
727 2941 757 2983 v.
775 2940 833 3001 gr,
850 2922 968 3000 litim·
980 2922 1121 3002 indigens
1136 2924 1265 3005 pecunia
1278 2925 1312 2989 in
1322 2927 1378 2989 boc

104 3011 249 3096 praesenti
259 3011 333 3085 loco,
351 3016 410 3074 loo
425 3027 601 3072 nummosa
616 3027 770 3088 earnpsore
783 3009 928 3088 postrdat.
943 3013 1087 3090 Gampsor
1098 3019 1202 3076 autem
1215 3033 1278 3077 non
1290 3015 1378 3078 aliter

105 3105 174 3178 dat,
188 3100 250 3163 nisi
268 3099 302 3161 in
321 3099 383 3162 loco
398 3098 528 3160 distanti
546 3097 718 3173 solvendos,
734 3098 869 3178 petitque
889 3097 926 3160 ab
947 3117 981 3160 eo
995 3098 1129 3178 pretium
1142 3103 1224 3181 quod
1237 3121 1292 3183 pro
1306 3104 1379 3166 locis
1420 3163 1423 3172 .

106 3189 262 3254 similibus
278 3188 422 3268 exigitur.
441 3187 538 3248 Titias
552 3204 623 3249 vero
641 3185 804 3266 pecuinam
824 3186 949 3267 accipit,
966 3194 997 3250 et
1016 3193 1121 3250 tamen
1138 3208 1201 3252 non
1217 3191 1328 3270 cogitat
1343 3193 1379 3254 de

105 3277 235 3360 pecunia
247 3277 281 3339 in
296 3276 351 3339 tali
366 3277 428 3338 1666
446 3276 616 3349 reddenda,
638 3274 730 3356 idque
744 3274 895 3355 campsori
916 3276 1116 3340 manifestum
1132 3283 1187 3340 est.
1209 3279 1295 3342 Unde
1309 3299 1378 3342 con-

107 3373 229 3431 tractus
237 3365 289 3428 ille
300 3371 349 3428 661
358 3381 481 3428 merum
490 3371 641 3428 mutuum
655 3363 829 3444 palliatum.

229 3528 455 3609 Principia

148 3678 219 3738 978.
237 3710 276 3719 -
290 3676 312 3735 l.
327 3673 460 3738 Licitum
478 3678 523 3736 est
538 3670 695 3735 cambium
709 3671 812 3747 66616,
826 3671 890 3735 sire
904 3671 1080 3748 minutum,
1097 3674 1278 3752 stratocle,
1292 3677 1381 3740 modo

107 3770 250 3826 servetur
263 3763 431 3844 equalitas,
448 3769 502 3826 aut
512 3762 634 3824 lucrum
648 3777 710 3822 nou
725 3759 849 3824 excedat
856 3763 979 3843 justum
993 3760 1128 3841 pretium
1142 3765 1382 3828 determinatum

106 3853 174 3932 lege
190 3851 237 3914 vel
251 3852 386 3915 locorum
403 3848 635 3914 consuetudine.
653 3847 743 3912 Ratio
760 3855 820 3923 est,
838 3848 913 3931 quia
927 3857 1003 3913 sunt
1018 3851 1095 3913 varii
1108 3851 1195 3915 tituli
1213 3872 1251 3916 ex
1270 3853 1383 3934 quibus

106 3958 250 4020 campsor
263 3940 385 4002 lucrum
398 3939 550 4020 percipere
562 3941 677 4018 potest,
695 3935 826 4000 scilicet:
843 3942 876 4000 10
891 3937 1026 4018 pecuniae
1041 3941 1224 4004 assecuratio
1236 3961 1333 4022 usque
1345 3943 1384 4005 ad

106 4029 212 4092 locum
227 4027 476 4104 assecurationis3
490 4031 524 4090 70
543 4025 652 4089 locatio
672 4044 769 4106 operae
789 4031 820 4088 et
838 4025 928 4090 officii
944 4027 983 4090 ad
1001 4029 1226 4092 numerandam
1238 4037 1269 4093 et
1284 4036 1384 4095 trans-

107 4115 298 4179 mittendam
319 4115 496 4196 pecuniam
522 4119 555 4180 30
576 4115 728 4178 damnum
752 4131 910 4195 emergens
931 4133 970 4178 ex
988 4115 1170 4180 infortuniis
1192 4118 1382 4197 debitorum;

105 4209 143 4268 40
159 4221 298 4284 expensae
312 4211 343 4268 et
354 4221 434 4267 curat
454 4204 489 4266 in
508 4203 669 4266 detinendo
688 4200 810 4265 telonio.
826 4239 865 4248 —
881 4203 916 4265 S.
938 4203 1021 4286 Lip,
1038 4223 1070 4267 6.
1088 4209 1162 4282 851,
1179 4211 1253 4282 857,
1272 4205 1384 4270 616111.

151 4295 188 4355 ll.
205 4292 350 4359 sslicitum
370 4297 417 4356 est
428 4313 488 4376 per
505 4311 535 4355 se
551 4289 709 4355 cambium
723 4291 837 4372 fictum.
853 4292 943 4356 Ratio
956 4299 1055 4374 patet3
1072 4295 1178 4357 nullus
1194 4295 1279 4358 enim
1292 4303 1339 4360 est
1352 4296 1387 4360 iu

106 4401 145 4446 eo
168 4381 278 4444 titulus
298 4382 420 4445 lucrum
438 4379 621 4463 accipiendi,
642 4397 714 4442 cmn
732 4379 855 4442 nullum
869 4380 924 4443 fiat
942 4379 1098 4444 cambium
1112 4383 1232 4465 proprie
1251 4385 1385 4462 dictum,

107 4470 266 4553 siquidem
287 4469 371 4533 nulla
395 4477 441 4535 est
461 4469 553 4534 realis
570 4468 706 4550 pecuniae
725 4469 899 4544 translatio,
914 4469 967 4533 sed
986 4475 1111 4533 tantum
1125 4471 1212 4548 ficta,
1226 4474 1309 4537 unde
1325 4491 1389 4538 non

107 4567 159 4622 est
172 4559 234 4624 nisi
248 4565 397 4626 mutuum
411 4558 583 4643 palliatum.
600 4557 703 4620 -Ita
719 4577 827 4620 omnes.
840 4593 879 4604 —
896 4557 932 4621 S.
950 4557 1020 4642 riq.
1041 4579 1073 4621 a.
1092 4563 1162 4625 853.
1179 4597 1219 4608 -
1234 4562 1320 4640 Dixi,
1331 4582 1390 4646 per
