3202 5020
602 253 645 297 us
672 252 913 322 couscrnurrs
1330 239 1393 298 tea

163 369 197 430 40
210 363 407 427 imbecillitas
419 363 541 447 eapitis,
557 363 606 426 vel
622 363 755 426 defectus
765 362 874 445 judicii
891 361 1039 424 naturalis
1053 362 1088 425 in
1099 362 1235 443 personis
1247 364 1286 425 ad
1300 362 1392 424 timc-

122 472 187 516 rem
208 452 380 534 propensis;
401 452 477 516 item
501 451 744 533 pusillanimitas
764 458 794 514 et
817 451 942 533 dejectio
960 450 1075 524 animi,
1091 451 1128 538 ob
1152 469 1246 531 quem
1267 451 1392 515 timores

121 542 217 605 nescit
229 541 299 622 quis
311 549 513 604 contemnere.

159 635 191 694 5⁰
203 629 310 692 Nimia
322 629 489 692 sollicitudo
504 631 637 694 idemne
649 625 1101 716 vitandiquodhabetspeciem
1114 628 1202 704 mali;
1217 630 1293 692 dum
1307 630 1391 692 enim

121 719 315 800 scrupulosus
340 720 485 782 continuo
509 720 569 782 sibi
591 719 766 782 inclamat:
791 718 870 782 Cave
895 727 1110 800 apeccoto...‚
1130 718 1260 780 Attecde
1283 718 1389 793 tibi...,

120 807 254 888 seipsum
269 807 336 870 sine
349 827 441 871 causa
455 815 549 890 terret
562 815 593 870 et
606 808 774 889 perturbat.

24 937 25 984 q
157 901 190 959 60
205 897 396 960 &mortium
408 917 475 960 eum
483 897 661 982 scrupulosas
670 914 683 959 .·
695 914 756 978 qno
767 901 883 977 spectat
894 902 926 958 et
938 896 1063 960 directio
1076 914 1096 958 a
1108 894 1294 960 confessario
1310 912 1391 957 scru-

24 1013 25 1016 ¹
123 986 224 1065 pulcso
236 993 372 1066 accepta,
391 986 479 1049 lectio
493 1004 623 1048 casuum
639 985 832 1048 conscientiae
848 991 880 1048 et
893 985 1092 1049 asceticorum
1110 985 1297 1048 severiorum
1311 983 1392 1046 facta

127 1073 163 1136 ab
179 1075 281 1155 aliquo
296 1075 419 1138 incauto
437 1082 468 1138 et
484 1075 589 1138 minus
602 1073 806 1154 intelligente;
827 1074 902 1137 item
918 1075 992 1154 fuga
1008 1074 1144 1155 cujusvis
1159 1073 1304 1136 humanae
1322 1089 1391 1135 con·

124 1163 302 1226 versationis
315 1162 484 1248 fastidiosa.

162 1350 208 1417 ll.
221 1389 269 1400 —
281 1350 394 1440 Siqua
406 1355 666 1439 scrupulorum,
680 1371 739 1420 seu
756 1351 967 1419 cmtscientt'ee
984 1352 1153 1438 scrupulis
1171 1350 1342 1418 obnoxiae.

160 1514 208 1574 45.
226 1547 266 1556 -
283 1511 459 1575 Plurimum
478 1511 619 1588 interest,
634 1519 671 1575 ut
689 1512 867 1576 animarum
886 1513 1089 1574 moderatores
1108 1513 1283 1577 discernant
1302 1531 1389 1576 ueros

121 1601 310 1680 scrupulosos
324 1619 342 1662 a
355 1599 450 1663 falsis.
469 1603 552 1682 sepe
568 1601 653 1664 enim
667 1601 836 1682 scrupulosi
849 1607 1002 1682 putantur
1019 1601 1073 1681 qui
1092 1618 1154 1663 non
1173 1608 1262 1676 sunt,
1281 1607 1312 1663 et
1324 1601 1389 1664 uice

121 1707 220 1764 versa3
233 1695 266 1751 et
282 1688 391 1752 exinde
407 1689 546 1772 ingentes
560 1689 594 1753 in
614 1689 778 1754 directione
796 1709 910 1752 errores
926 1689 1083 1770 profluunt
1104 1708 1176 1752 cum
1191 1708 1254 1752 non
1272 1687 1390 1752 modico

123 1777 227 1840 damni
249 1776 419 1858 spiritualis
438 1779 572 1860 periculo
592 1797 600 1841 :
622 1779 722 1842 multa
746 1778 844 1859 igitur
866 1777 1133 1859 circumspectione
1157 1778 1209 1842 hic
1232 1797 1307 1859 opus
1329 1784 1386 1840 est.

123 1865 212 1946 Signa
226 1873 332 1928 antem
346 1867 496 1948 praecipua
511 1869 724 1949 scrupulorum
738 1873 833 1930 suut:

158 1959 191 2016 l⁰
211 1953 390 2017 Pertinacia
400 1956 533 2037 judicii,
555 1976 616 2038 qua
639 1957 710 2037 quis
727 1956 832 2019 renuit
851 1973 955 2036 parere
978 1955 1113 2020 consiliis
1131 1954 1326 2030 Confessarii,
1340 1955 1389 2017 vel

122 2043 324 2124 sapientium
338 2051 370 2108 et
383 2046 459 2108 dum
471 2045 573 2108 varios
585 2046 732 2124 consulit,
746 2045 862 2109 nullius
872 2045 988 2127 judicio
1000 2044 1179 2127 acquiescit;
1195 2045 1259 2107 imo
1273 2050 1389 2125 quanto

121 2132 221 2211 plures
235 2133 338 2208 audit,
354 2152 390 2196 eo
404 2133 502 2214 magis
514 2134 704 2216 implicatur.

157 2225 191 2284 2⁰
212 2222 367 2304 Frequens
386 2227 515 2286 mutatio
527 2223 647 2305 judieii
662 2242 699 2286 ex
719 2223 839 2286 levibus
858 2220 1000 2296 motivis,
1020 2223 1103 2284 uude
1120 2221 1263 2304 frequens
1282 2219 1388 2285 incon-

119 2308 239 2372 stantia
251 2309 285 2372 in
299 2312 428 2390 agendo,
444 2311 618 2393 mentisque
637 2313 784 2375 continua
798 2311 998 2393 perturbatio.

165 2402 199 2461 30
226 2397 325 2460 senor
344 2401 493 2482 peccandi
516 2401 551 2462 in
580 2402 730 2474 omnibus,
763 2404 944 2482 mnj1mctus
973 2417 1045 2462 cum
1074 2399 1189 2462 mentis
1219 2399 1388 2481 pertinacia

118 2491 226 2548 contra
232 2487 384 2568 judicium
400 2489 597 2567 confessarii,
615 2491 832 2572 prudentium,
847 2488 1001 2550 ueletiam
1018 2495 1123 2552 contra
1133 2490 1293 2571 proprium
1303 2488 1387 2571 jndi-

119 2573 221 2652 cium;
243 2577 323 2638 uude
342 2578 481 2658 sequitur
497 2577 639 2660 frequens
660 2577 859 2658 interrogatio
878 2576 957 2640 circa
974 2577 1156 2641 confessarii
1176 2597 1334 2658 responsa,
1354 2583 1386 2640 et

121 2663 247 2743 repetita
258 2665 432 2746 inquisitio,
447 2685 488 2730 an
499 2667 534 2730 in
544 2669 660 2748 agendo
670 2671 762 2749 juxta
774 2665 937 2730 consilium
949 2666 1058 2728 datum
1072 2666 1256 2730 conscientia
1269 2666 1385 2728 immu-

119 2752 194 2815 nisa
208 2753 297 2835 culpa
310 2773 375 2818 esse
386 2756 493 2836 pessit.

156 2845 189 2904 40
202 2843 395 2924 Refleaicnes
410 2845 633 2927 impertinentes
645 2845 724 2908 circa
743 2843 989 2908 circumstantias
1009 2863 1077 2926 qua
1092 2843 1127 2906 in
1145 2845 1262 2907 actione
1281 2843 1385 2906 adfue-

119 2937 191 2993 runt
201 2932 251 2993 uel
267 2932 370 2996 adesse
384 2939 566 3014 potueruut,
580 2940 612 2996 et
622 2933 772 2996 certitudo
786 2933 821 2995 in
835 2933 979 2996 omnibns
993 2933 1083 2995 anxie
1095 2933 1234 3014 quesita.

154 3017 372 3084 seoccultare
391 3022 433 3085 ad
450 3022 529 3085 idem
545 3031 700 3104 peccatum
717 3042 833 3106 semper
850 3021 1045 3104 repetendum
1065 3021 1099 3083 in
1118 3020 1318 3096 confessione,
1337 3023 1385 3084 vel

118 3108 154 3169 ad
169 3108 246 3172 illud
261 3109 440 3173 habendum
451 3130 506 3174 ceu
519 3116 688 3192 peceatum,
704 3112 785 3193 quod
801 3111 860 3174 tale
873 3129 937 3174 non
952 3127 1017 3173 esse
1024 3113 1096 3192 jam·
1106 3111 1221 3191 pluries
1235 3111 1384 3174 accuses-

117 3196 192 3258 saric
208 3198 394 3262 declaratum
410 3199 480 3263 fuit.

154 3289 186 3348 60
203 3288 359 3349 Aaaietas
372 3289 517 3350 continua
530 3290 613 3351 circa
625 3290 824 3370 consessiones
836 3293 1025 3371 praeteritas,
1042 3307 1103 3353 non
1118 3289 1258 3352 obstante
1268 3286 1382 3369 judicio

116 3374 311 3450 confessarii,
327 3377 375 3439 vel
389 3377 614 3440 confessionum
631 3378 822 3459 repetitione.

153 3465 220 3527 Non
234 3469 335 3544 potest
348 3473 468 3541 antem,
481 3467 589 3528 saltem
602 3468 723 3542 statim,
736 3465 870 3548 judicari
886 3467 1081 3548 scrupulosus
1095 3487 1102 3529 :
1118 3474 1150 3530 1⁰
1163 3465 1217 3547 qui
1229 3464 1383 3527 moderate

116 3559 162 3614 est
175 3552 339 3629 sollicitus,
356 3561 410 3617 ant
424 3554 549 3630 anxius,
566 3573 606 3616 ne
618 3559 716 3619 Deum
731 3553 880 3632 offendat;
895 3560 930 3618 2⁰
944 3555 998 3636 qui
1012 3562 1081 3637 post
1094 3556 1194 3619 uitam
1207 3554 1241 3616 in
1252 3552 1382 3633 peccatis

115 3641 287 3704 traductam
303 3641 402 3705 adhuc
420 3642 555 3724 angitur,
572 3662 627 3706 nec
644 3651 714 3725 post
730 3643 947 3706 confessionem
966 3644 1090 3708 ridetur
1107 3645 1167 3708 sibi
1185 3641 1378 3716 satisfecisse,

116 3730 166 3791 sed
183 3729 284 3809 magis
298 3731 367 3794 rult
384 3731 521 3796 confiteri
542 3738 573 3796 et
592 3738 713 3814 peccata
730 3731 865 3812 expiare3
885 3737 917 3796 30
936 3733 991 3814 qui
1011 3733 1174 3796 deliberate
1192 3731 1294 3794 adhuc
1311 3749 1381 3794 con-

115 3817 209 3882 sentit
221 3817 257 3880 in
275 3819 380 3900 gravia
395 3827 531 3901 peccata,
545 3821 690 3903 quamvis
709 3827 777 3903 post
793 3821 993 3885 commissum
1010 3829 1168 3902 peccatrnn
1184 3820 1271 3882 valde
1288 3836 1381 3898 anga-

114 3913 176 3982 tur,
190 3913 222 3970 et
232 3907 322 3970 anxie
336 3909 526 3984 confiteatur,
543 3928 617 3973 narn
628 3914 715 3993 justa
725 3917 773 3973 est
786 3927 877 3974 causa
887 3911 1063 3985 anxietatis,
1079 3911 1187 3973 saltem
1198 3908 1379 3972 moderata:

112 4001 212 4073 potest
226 4001 330 4059 tamen
344 3997 437 4062 etiem
451 3999 486 4060 in
498 3999 554 4062 hoc
569 3998 676 4063 haberi
687 4017 779 4062 verus
796 4000 1008 4080 scrupulosus;
1024 4005 1058 4063 t⁰
1068 3998 1123 4079 qni
1136 3998 1170 4058 iu
1182 4015 1244 4059 uno
1256 4001 1380 4060 tanturn

112 4083 160 4234 affl
177 4084 272 4147 altero
295 4104 367 4148 casu
384 4086 478 4150 hahet
498 4089 679 4169 scrupulum
700 4095 907 4164 transeunter,
921 4107 977 4152 nec
994 4087 1131 4160 dubitat,
1147 4103 1188 4147 an
1205 4085 1240 4148 in
1258 4085 1314 4148 hoc
1332 4086 1380 4150 vel

112 4189 123 4230 1
144 4174 355 4254 opeccaverit.

150 4263 303 4325 ceterum
315 4263 444 4328 subinde
457 4265 622 4345 contingit,
636 4273 675 4329 ut
685 4266 891 4330 confessarius
905 4285 967 4330 nou
981 4263 1078 4346 possit
1093 4269 1161 4344 post
1178 4263 1380 4345 paenitentem

112 4348 214 4428 prIma
224 4351 273 4414 vel
283 4352 378 4415 altera
389 4353 453 4417 vice
467 4353 611 4416 auditum
623 4354 730 4417 statim
742 4357 915 4429 decernere,
928 4372 969 4417 an
981 4353 1022 4415 sit
1034 4353 1244 4433 scrupulosus,
1257 4351 1381 4417 etiamsi

111 4435 162 4500 hic
176 4439 287 4502 anxius
306 4440 385 4504 circa
397 4443 498 4505 multa
515 4447 673 4522 appareat;
693 4443 805 4526 quippe
816 4441 1009 4504 anxietatum
1019 4443 1106 4522 justa
1120 4441 1222 4523 aliqua
1236 4461 1272 4504 ac
1287 4442 1380 4504 ratic-

24 4565 25 4568 =
113 4525 224 4590 nabilis
240 4545 331 4594 causa
348 4531 452 4594 adesse
470 4536 581 4612 potest.
602 4532 697 4596 Multo
713 4540 818 4596 autem
836 4529 942 4593 minus
960 4529 1166 4594 confessarius
1186 4531 1380 4612 scrupulosus
