<?xml version="1.0" encoding="UTF-8"?>
<!DOCTYPE html PUBLIC "-//W3C//DTD XHTML 1.0 Transitional//EN"
    "http://www.w3.org/TR/xhtml1/DTD/xhtml1-transitional.dtd">
<html xmlns="http://www.w3.org/1999/xhtml" xml:lang="en" lang="en">
 <head>
  <title>
</title>
<meta http-equiv="Content-Type" content="text/html;charset=utf-8" />
  <meta name='ocr-system' content='tesseract 3.04.00' />
  <meta name='ocr-capabilities' content='ocr_page ocr_carea ocr_par ocr_line ocrx_word'/>
</head>
<body>
  <div class='ocr_page' id='page_1' title='image "./compendiumtheol02gurygoog_0504.png"; bbox 0 0 3136 5034; ppageno 0'>
   <div class='ocr_carea' id='block_1_1' title="bbox 592 159 930 208">
    <p class='ocr_par' dir='ltr' id='par_1_1' title="bbox 592 159 930 208">
     <span class='ocr_line' id='line_1_1' title="bbox 592 159 930 208; baseline 0.003 -2"><span class='ocrx_word' id='word_1_1' title='bbox 592 163 635 206; x_wconf 83' lang='lat' dir='ltr'><strong>DE</strong></span> <span class='ocrx_word' id='word_1_2' title='bbox 656 159 930 208; x_wconf 74' lang='lat' dir='ltr'><strong>connuacTIuos</strong></span> 
     </span>
    </p>
   </div>
   <div class='ocr_carea' id='block_1_2' title="bbox 427 532 1078 586">
    <p class='ocr_par' dir='ltr' id='par_1_2' title="bbox 427 532 1078 586">
     <span class='ocr_line' id='line_1_2' title="bbox 427 532 1078 586; baseline 0 -2"><span class='ocrx_word' id='word_1_3' title='bbox 427 533 479 584; x_wconf 84' lang='lat' dir='ltr'><strong>DE</strong></span> <span class='ocrx_word' id='word_1_4' title='bbox 505 533 786 586; x_wconf 79' lang='lat' dir='ltr'>OBLIGATIONE</span> <span class='ocrx_word' id='word_1_5' title='bbox 812 532 1078 586; x_wconf 78' lang='lat' dir='ltr'>CONTRACTUS</span> 
     </span>
    </p>
   </div>
   <div class='ocr_carea' id='block_1_3' title="bbox 119 705 1398 878">
    <p class='ocr_par' dir='ltr' id='par_1_3' title="bbox 119 705 1398 878">
     <span class='ocr_line' id='line_1_3' title="bbox 161 705 1398 788; baseline 0.002 -18"><span class='ocrx_word' id='word_1_6' title='bbox 161 705 315 787; x_wconf 78' lang='lat' dir='ltr'><strong>obligatio</strong></span> <span class='ocrx_word' id='word_1_7' title='bbox 330 711 504 768; x_wconf 82' lang='lat' dir='ltr'><strong>contractus</strong></span> <span class='ocrx_word' id='word_1_8' title='bbox 521 713 569 768; x_wconf 88' lang='lat' dir='ltr'><strong>est</strong></span> <span class='ocrx_word' id='word_1_9' title='bbox 582 705 742 768; x_wconf 88' lang='lat' dir='ltr'><strong>vinculum</strong></span> <span class='ocrx_word' id='word_1_10' title='bbox 754 723 817 786; x_wconf 87' lang='lat' dir='ltr'><strong>qno</strong></span> <span class='ocrx_word' id='word_1_11' title='bbox 828 706 898 787; x_wconf 82' lang='lat' dir='ltr'><strong>quis</strong></span> <span class='ocrx_word' id='word_1_12' title='bbox 910 705 943 770; x_wconf 83' lang='lat' dir='ltr'><strong>ri</strong></span> <span class='ocrx_word' id='word_1_13' title='bbox 959 708 1131 770; x_wconf 85' lang='lat' dir='ltr'><strong>contractus</strong></span> <span class='ocrx_word' id='word_1_14' title='bbox 1144 705 1348 788; x_wconf 73' lang='lat' dir='ltr'>adstringitur</span> <span class='ocrx_word' id='word_1_15' title='bbox 1358 711 1398 772; x_wconf 90' lang='lat' dir='ltr'><strong>ad</strong></span> 
     </span>
     <span class='ocr_line' id='line_1_4' title="bbox 119 793 890 878; baseline 0 -20"><span class='ocrx_word' id='word_1_16' title='bbox 119 794 242 878; x_wconf 84' lang='lat' dir='ltr'><strong>aliquid</strong></span> <span class='ocrx_word' id='word_1_17' title='bbox 254 794 408 870; x_wconf 88' lang='lat' dir='ltr'><strong>dandum,</strong></span> <span class='ocrx_word' id='word_1_18' title='bbox 424 793 598 857; x_wconf 80' lang='lat' dir='ltr'><strong>faciendum</strong></span> <span class='ocrx_word' id='word_1_19' title='bbox 609 794 657 856; x_wconf 85' lang='lat' dir='ltr'><strong>vel</strong></span> <span class='ocrx_word' id='word_1_20' title='bbox 671 794 890 858; x_wconf 85' lang='lat' dir='ltr'><strong>omittendum.</strong></span> 
     </span>
    </p>
   </div>
   <div class='ocr_carea' id='block_1_4' title="bbox 246 932 474 1012">
    <p class='ocr_par' dir='ltr' id='par_1_4' title="bbox 246 932 474 1012">
     <span class='ocr_line' id='line_1_5' title="bbox 246 932 474 1012; baseline -0.004 -16"><span class='ocrx_word' id='word_1_21' title='bbox 246 932 474 1012; x_wconf 86' lang='lat' dir='ltr'><strong>Prlnclpla.</strong></span> 
     </span>
    </p>
   </div>
   <div class='ocr_carea' id='block_1_5' title="bbox 115 1058 1401 2808">
    <p class='ocr_par' dir='ltr' id='par_1_5' title="bbox 115 1058 1398 1408">
     <span class='ocr_line' id='line_1_6' title="bbox 157 1058 1397 1141; baseline 0.003 -17"><span class='ocrx_word' id='word_1_22' title='bbox 157 1066 231 1127; x_wconf 72' lang='lat'>785.</span> <span class='ocrx_word' id='word_1_23' title='bbox 248 1095 291 1106; x_wconf 91' lang='lat'><em>-</em></span> <span class='ocrx_word' id='word_1_24' title='bbox 303 1063 327 1122; x_wconf 91' lang='lat'><strong>1.</strong></span> <span class='ocrx_word' id='word_1_25' title='bbox 345 1058 479 1136; x_wconf 80' lang='lat' dir='ltr'><strong>Quilibet</strong></span> <span class='ocrx_word' id='word_1_26' title='bbox 493 1064 666 1123; x_wconf 88' lang='lat' dir='ltr'><strong>contractus</strong></span> <span class='ocrx_word' id='word_1_27' title='bbox 685 1060 743 1122; x_wconf 88' lang='lat' dir='ltr'><strong>rite</strong></span> <span class='ocrx_word' id='word_1_28' title='bbox 759 1059 860 1123; x_wconf 89' lang='lat' dir='ltr'><strong>initus</strong></span> <span class='ocrx_word' id='word_1_29' title='bbox 878 1061 960 1141; x_wconf 91' lang='lat' dir='ltr'><strong>parit</strong></span> <span class='ocrx_word' id='word_1_30' title='bbox 974 1060 1189 1141; x_wconf 75' lang='lat' dir='ltr'><strong>obligationem</strong></span> <span class='ocrx_word' id='word_1_31' title='bbox 1202 1061 1237 1124; x_wconf 89' lang='lat' dir='ltr'><strong>in</strong></span> <span class='ocrx_word' id='word_1_32' title='bbox 1251 1062 1314 1126; x_wconf 88' lang='lat' dir='ltr'><strong>loro</strong></span> <span class='ocrx_word' id='word_1_33' title='bbox 1326 1081 1397 1128; x_wconf 81' lang='lat' dir='ltr'><strong>con-</strong></span> 
     </span>
     <span class='ocr_line' id='line_1_7' title="bbox 116 1147 1398 1232; baseline 0.002 -18"><span class='ocrx_word' id='word_1_34' title='bbox 116 1150 270 1225; x_wconf 83' lang='lat' dir='ltr'><strong>scientiae,</strong></span> <span class='ocrx_word' id='word_1_35' title='bbox 287 1150 396 1212; x_wconf 89' lang='lat' dir='ltr'><strong>saltem</strong></span> <span class='ocrx_word' id='word_1_36' title='bbox 408 1167 446 1211; x_wconf 82' lang='lat' dir='ltr'><strong>ex</strong></span> <span class='ocrx_word' id='word_1_37' title='bbox 457 1155 543 1229; x_wconf 90' lang='lat' dir='ltr'><strong>parte</strong></span> <span class='ocrx_word' id='word_1_38' title='bbox 555 1149 649 1212; x_wconf 88' lang='lat' dir='ltr'><strong>unius</strong></span> <span class='ocrx_word' id='word_1_39' title='bbox 664 1147 959 1226; x_wconf 79' lang='lat' dir='ltr'><strong>e&#39;contrahentibus;</strong></span> <span class='ocrx_word' id='word_1_40' title='bbox 976 1148 1050 1229; x_wconf 83' lang='lat' dir='ltr'><strong>qrria</strong></span> <span class='ocrx_word' id='word_1_41' title='bbox 1062 1149 1098 1211; x_wconf 91' lang='lat' dir='ltr'><strong>in</strong></span> <span class='ocrx_word' id='word_1_42' title='bbox 1111 1157 1269 1214; x_wconf 79' lang='lat' dir='ltr'><strong>contractu</strong></span> <span class='ocrx_word' id='word_1_43' title='bbox 1276 1155 1329 1232; x_wconf 85' lang='lat' dir='ltr'><strong>jus</strong></span> <span class='ocrx_word' id='word_1_44' title='bbox 1342 1153 1398 1216; x_wconf 81' lang='lat' dir='ltr'><strong>ali-</strong></span> 
     </span>
     <span class='ocr_line' id='line_1_8' title="bbox 115 1237 1398 1322; baseline 0.002 -20"><span class='ocrx_word' id='word_1_45' title='bbox 115 1240 203 1321; x_wconf 89' lang='lat' dir='ltr'><strong>quod</strong></span> <span class='ocrx_word' id='word_1_46' title='bbox 223 1238 376 1302; x_wconf 73' lang='lat' dir='ltr'><strong>tribuitur</strong></span> <span class='ocrx_word' id='word_1_47' title='bbox 394 1237 451 1300; x_wconf 89' lang='lat' dir='ltr'><strong>uni</strong></span> <span class='ocrx_word' id='word_1_48' title='bbox 465 1237 513 1300; x_wconf 84' lang='lat' dir='ltr'><strong>rel</strong></span> <span class='ocrx_word' id='word_1_49' title='bbox 533 1237 658 1318; x_wconf 86' lang='lat' dir='ltr'><strong>utrique</strong></span> <span class='ocrx_word' id='word_1_50' title='bbox 678 1237 775 1319; x_wconf 85' lang='lat' dir='ltr'><strong>parti;</strong></span> <span class='ocrx_word' id='word_1_51' title='bbox 793 1237 879 1301; x_wconf 88' lang='lat' dir='ltr'><strong>ormri</strong></span> <span class='ocrx_word' id='word_1_52' title='bbox 901 1243 1006 1300; x_wconf 88' lang='lat' dir='ltr'><strong>autem</strong></span> <span class='ocrx_word' id='word_1_53' title='bbox 1022 1237 1087 1318; x_wconf 89' lang='lat' dir='ltr'><strong>juri</strong></span> <span class='ocrx_word' id='word_1_54' title='bbox 1109 1257 1165 1301; x_wconf 90' lang='lat' dir='ltr'><strong>sua</strong></span> <span class='ocrx_word' id='word_1_55' title='bbox 1186 1241 1398 1322; x_wconf 79' lang='lat' dir='ltr'>correspondet</span> 
     </span>
     <span class='ocr_line' id='line_1_9' title="bbox 117 1327 1115 1408; baseline -0.003 -16"><span class='ocrx_word' id='word_1_56' title='bbox 117 1327 284 1408; x_wconf 77' lang='lat' dir='ltr'><strong>obligatio,</strong></span> <span class='ocrx_word' id='word_1_57' title='bbox 300 1345 408 1407; x_wconf 82' lang='lat' dir='ltr'><strong>ergo...</strong></span> <span class='ocrx_word' id='word_1_58' title='bbox 1110 1347 1115 1362; x_wconf 59' lang='lat'>⁸</span> 
     </span>
    </p>

    <p class='ocr_par' dir='ltr' id='par_1_6' title="bbox 119 1415 1400 1940">
     <span class='ocr_line' id='line_1_10' title="bbox 160 1415 1398 1497; baseline 0.002 -17"><span class='ocrx_word' id='word_1_59' title='bbox 160 1419 200 1480; x_wconf 85' lang='grc' dir='ltr'><strong>Π.</strong></span> <span class='ocrx_word' id='word_1_60' title='bbox 217 1420 399 1480; x_wconf 81' lang='lat' dir='ltr'><strong>Contractus</strong></span> <span class='ocrx_word' id='word_1_61' title='bbox 415 1416 475 1478; x_wconf 89' lang='lat' dir='ltr'><strong>rite</strong></span> <span class='ocrx_word' id='word_1_62' title='bbox 488 1415 603 1491; x_wconf 89' lang='lat' dir='ltr'><strong>initus,</strong></span> <span class='ocrx_word' id='word_1_63' title='bbox 619 1416 681 1479; x_wconf 90' lang='lat' dir='ltr'><strong>nisi</strong></span> <span class='ocrx_word' id='word_1_64' title='bbox 695 1416 772 1497; x_wconf 86' lang='lat' dir='ltr'><strong>quid</strong></span> <span class='ocrx_word' id='word_1_65' title='bbox 785 1415 869 1478; x_wconf 88' lang='lat' dir='ltr'><strong>aliud</strong></span> <span class='ocrx_word' id='word_1_66' title='bbox 882 1434 937 1496; x_wconf 87' lang='lat' dir='ltr'><strong>pro</strong></span> <span class='ocrx_word' id='word_1_67' title='bbox 951 1433 1024 1478; x_wconf 88' lang='lat' dir='ltr'><strong>casu</strong></span> <span class='ocrx_word' id='word_1_68' title='bbox 1039 1415 1217 1496; x_wconf 76' lang='lat' dir='ltr'><strong>particulari</strong></span> <span class='ocrx_word' id='word_1_69' title='bbox 1235 1417 1315 1496; x_wconf 81' lang='lat' dir='ltr'><strong>leges</strong></span> <span class='ocrx_word' id='word_1_70' title='bbox 1336 1426 1398 1482; x_wconf 90' lang='lat' dir='ltr'><strong>sta-</strong></span> 
     </span>
     <span class='ocr_line' id='line_1_11' title="bbox 121 1503 1399 1586; baseline -0.002 -17"><span class='ocrx_word' id='word_1_71' title='bbox 121 1511 233 1581; x_wconf 88' lang='lat' dir='ltr'><strong>tuant,</strong></span> <span class='ocrx_word' id='word_1_72' title='bbox 251 1505 316 1568; x_wconf 89' lang='lat' dir='ltr'><strong>rim</strong></span> <span class='ocrx_word' id='word_1_73' title='bbox 330 1522 392 1567; x_wconf 90' lang='lat' dir='ltr'><strong>non</strong></span> <span class='ocrx_word' id='word_1_74' title='bbox 410 1504 518 1580; x_wconf 90' lang='lat' dir='ltr'><strong>habet,</strong></span> <span class='ocrx_word' id='word_1_75' title='bbox 533 1505 693 1568; x_wconf 88' lang='lat' dir='ltr'><strong>nisiinter</strong></span> <span class='ocrx_word' id='word_1_76' title='bbox 711 1504 788 1568; x_wconf 88' lang='lat' dir='ltr'><strong>solas</strong></span> <span class='ocrx_word' id='word_1_77' title='bbox 807 1523 950 1585; x_wconf 77' lang='lat' dir='ltr'><strong>personas</strong></span> <span class='ocrx_word' id='word_1_78' title='bbox 965 1503 1190 1579; x_wconf 72' lang='lat' dir='ltr'><strong>contrahentes,</strong></span> <span class='ocrx_word' id='word_1_79' title='bbox 1207 1505 1318 1568; x_wconf 85' lang='lat' dir='ltr'><strong>aliasve</strong></span> <span class='ocrx_word' id='word_1_80' title='bbox 1328 1523 1399 1586; x_wconf 74' lang='lat' dir='ltr'><strong>qun</strong></span> 
     </span>
     <span class='ocr_line' id='line_1_12' title="bbox 120 1591 1398 1668; baseline 0.002 -12"><span class='ocrx_word' id='word_1_81' title='bbox 120 1600 177 1656; x_wconf 87' lang='lat' dir='ltr'><strong>aut</strong></span> <span class='ocrx_word' id='word_1_82' title='bbox 188 1611 298 1657; x_wconf 89' lang='lat' dir='ltr'><strong>eorum</strong></span> <span class='ocrx_word' id='word_1_83' title='bbox 311 1594 412 1657; x_wconf 89' lang='lat' dir='ltr'><strong>locum</strong></span> <span class='ocrx_word' id='word_1_84' title='bbox 428 1596 565 1668; x_wconf 72' lang='lat' dir='ltr'><strong>nuent,</strong></span> <span class='ocrx_word' id='word_1_85' title='bbox 582 1599 637 1657; x_wconf 89' lang='lat' dir='ltr'><strong>aut</strong></span> <span class='ocrx_word' id='word_1_86' title='bbox 651 1611 723 1658; x_wconf 89' lang='lat' dir='ltr'><strong>carn</strong></span> <span class='ocrx_word' id='word_1_87' title='bbox 736 1593 846 1657; x_wconf 87' lang='lat' dir='ltr'><strong>iisdem</strong></span> <span class='ocrx_word' id='word_1_88' title='bbox 861 1611 985 1656; x_wconf 86' lang='lat' dir='ltr'><strong>causam</strong></span> <span class='ocrx_word' id='word_1_89' title='bbox 997 1591 1147 1667; x_wconf 82' lang='lat' dir='ltr'><strong>habeant,</strong></span> <span class='ocrx_word' id='word_1_90' title='bbox 1160 1599 1197 1656; x_wconf 91' lang='lat' dir='ltr'><strong>ut</strong></span> <span class='ocrx_word' id='word_1_91' title='bbox 1213 1599 1288 1656; x_wconf 89' lang='lat' dir='ltr'><strong>sunt</strong></span> <span class='ocrx_word' id='word_1_92' title='bbox 1302 1593 1398 1658; x_wconf 75' lang='lat' dir='ltr'><strong>here-</strong></span> 
     </span>
     <span class='ocr_line' id='line_1_13' title="bbox 119 1680 1400 1764; baseline -0.002 -18"><span class='ocrx_word' id='word_1_93' title='bbox 119 1685 187 1756; x_wconf 86' lang='lat' dir='ltr'><strong>des,</strong></span> <span class='ocrx_word' id='word_1_94' title='bbox 200 1685 396 1757; x_wconf 83' lang='lat' dir='ltr'><strong>mandantes,</strong></span> <span class='ocrx_word' id='word_1_95' title='bbox 411 1688 468 1745; x_wconf 91' lang='lat' dir='ltr'><strong>etc.</strong></span> <span class='ocrx_word' id='word_1_96' title='bbox 479 1682 569 1746; x_wconf 83' lang='lat' dir='ltr'><strong>Ratio</strong></span> <span class='ocrx_word' id='word_1_97' title='bbox 583 1688 640 1758; x_wconf 80' lang='lat' dir='ltr'><strong>est,</strong></span> <span class='ocrx_word' id='word_1_98' title='bbox 652 1682 726 1764; x_wconf 88' lang='lat' dir='ltr'><strong>quia</strong></span> <span class='ocrx_word' id='word_1_99' title='bbox 738 1699 830 1745; x_wconf 89' lang='lat' dir='ltr'><strong>nemo</strong></span> <span class='ocrx_word' id='word_1_100' title='bbox 843 1681 986 1764; x_wconf 85' lang='lat' dir='ltr'><strong>privatus</strong></span> <span class='ocrx_word' id='word_1_101' title='bbox 999 1681 1087 1744; x_wconf 87' lang='lat' dir='ltr'><strong>alteri</strong></span> <span class='ocrx_word' id='word_1_102' title='bbox 1097 1680 1197 1744; x_wconf 80' lang='lat' dir='ltr'><strong>inrito</strong></span> <span class='ocrx_word' id='word_1_103' title='bbox 1211 1699 1290 1744; x_wconf 91' lang='lat' dir='ltr'><strong>onus</strong></span> <span class='ocrx_word' id='word_1_104' title='bbox 1303 1681 1400 1763; x_wconf 80' lang='lat' dir='ltr'><strong>impo</strong></span> 
     </span>
     <span class='ocr_line' id='line_1_14' title="bbox 120 1770 1396 1852; baseline -0.001 -16"><span class='ocrx_word' id='word_1_105' title='bbox 120 1791 207 1848; x_wconf 89' lang='lat' dir='ltr'><strong>nere,</strong></span> <span class='ocrx_word' id='word_1_106' title='bbox 225 1772 275 1834; x_wconf 83' lang='lat' dir='ltr'><strong>vel</strong></span> <span class='ocrx_word' id='word_1_107' title='bbox 287 1770 470 1834; x_wconf 87' lang='lat' dir='ltr'><strong>beneficium</strong></span> <span class='ocrx_word' id='word_1_108' title='bbox 486 1771 646 1834; x_wconf 86' lang='lat' dir='ltr'><strong>concedere</strong></span> <span class='ocrx_word' id='word_1_109' title='bbox 658 1776 768 1852; x_wconf 88' lang='lat' dir='ltr'><strong>potest,</strong></span> <span class='ocrx_word' id='word_1_110' title='bbox 785 1789 839 1834; x_wconf 90' lang='lat' dir='ltr'><strong>nec</strong></span> <span class='ocrx_word' id='word_1_111' title='bbox 854 1770 991 1852; x_wconf 89' lang='lat' dir='ltr'><strong>alioquin</strong></span> <span class='ocrx_word' id='word_1_112' title='bbox 1006 1775 1180 1833; x_wconf 90' lang='lat' dir='ltr'><strong>contractus</strong></span> <span class='ocrx_word' id='word_1_113' title='bbox 1192 1770 1257 1832; x_wconf 86' lang='lat' dir='ltr'><strong>vim</strong></span> <span class='ocrx_word' id='word_1_114' title='bbox 1271 1771 1396 1846; x_wconf 78' lang='lat' dir='ltr'><strong>habam,</strong></span> 
     </span>
     <span class='ocr_line' id='line_1_15' title="bbox 120 1859 794 1940; baseline -0.004 -16"><span class='ocrx_word' id='word_1_115' title='bbox 120 1862 185 1924; x_wconf 90' lang='lat' dir='ltr'><strong>nisi</strong></span> <span class='ocrx_word' id='word_1_116' title='bbox 200 1879 219 1926; x_wconf 89' lang='lat' dir='ltr'><strong>a</strong></span> <span class='ocrx_word' id='word_1_117' title='bbox 232 1860 352 1940; x_wconf 88' lang='lat' dir='ltr'><strong>privata</strong></span> <span class='ocrx_word' id='word_1_118' title='bbox 366 1859 613 1922; x_wconf 88' lang='lat' dir='ltr'><strong>contrahentium</strong></span> <span class='ocrx_word' id='word_1_119' title='bbox 627 1861 794 1924; x_wconf 88' lang='lat' dir='ltr'><strong>voluntate.</strong></span> 
     </span>
    </p>

    <p class='ocr_par' dir='ltr' id='par_1_7' title="bbox 120 1948 1400 2383">
     <span class='ocr_line' id='line_1_16' title="bbox 161 1948 1399 2030; baseline -0.002 -18"><span class='ocrx_word' id='word_1_120' title='bbox 161 1952 216 2012; x_wconf 86' lang='lat'><em>111.</em></span> <span class='ocrx_word' id='word_1_121' title='bbox 231 1951 409 2012; x_wconf 71' lang='lat' dir='ltr'><strong>Contractus</strong></span> <span class='ocrx_word' id='word_1_122' title='bbox 423 1948 482 2010; x_wconf 90' lang='lat' dir='ltr'><strong>rite</strong></span> <span class='ocrx_word' id='word_1_123' title='bbox 495 1948 597 2012; x_wconf 90' lang='lat' dir='ltr'><strong>initus</strong></span> <span class='ocrx_word' id='word_1_124' title='bbox 611 1967 675 2012; x_wconf 88' lang='lat' dir='ltr'><strong>non</strong></span> <span class='ocrx_word' id='word_1_125' title='bbox 693 1949 794 2012; x_wconf 88' lang='lat' dir='ltr'><strong>solum</strong></span> <span class='ocrx_word' id='word_1_126' title='bbox 816 1948 928 2028; x_wconf 79' lang='lat' dir='ltr'><strong>obligat</strong></span> <span class='ocrx_word' id='word_1_127' title='bbox 949 1949 988 2011; x_wconf 92' lang='lat' dir='ltr'><strong>ad</strong></span> <span class='ocrx_word' id='word_1_128' title='bbox 1007 1949 1039 2011; x_wconf 91' lang='lat' dir='ltr'><strong>id</strong></span> <span class='ocrx_word' id='word_1_129' title='bbox 1053 1949 1134 2029; x_wconf 86' lang='lat' dir='ltr'><strong>quod</strong></span> <span class='ocrx_word' id='word_1_130' title='bbox 1152 1952 1239 2029; x_wconf 87' lang='lat' dir='ltr'><strong>pacto</strong></span> <span class='ocrx_word' id='word_1_131' title='bbox 1252 1948 1399 2030; x_wconf 85' lang='lat' dir='ltr'><strong>exprimi-</strong></span> 
     </span>
     <span class='ocr_line' id='line_1_17' title="bbox 121 2037 1400 2118; baseline -0.001 -19"><span class='ocrx_word' id='word_1_132' title='bbox 121 2044 187 2112; x_wconf 90' lang='lat' dir='ltr'><strong>tur,</strong></span> <span class='ocrx_word' id='word_1_133' title='bbox 204 2037 257 2100; x_wconf 92' lang='lat' dir='ltr'><strong>sed</strong></span> <span class='ocrx_word' id='word_1_134' title='bbox 269 2037 308 2100; x_wconf 89' lang='lat' dir='ltr'><strong>ad</strong></span> <span class='ocrx_word' id='word_1_135' title='bbox 321 2037 425 2099; x_wconf 88' lang='lat' dir='ltr'><strong>omnia</strong></span> <span class='ocrx_word' id='word_1_136' title='bbox 437 2039 621 2100; x_wconf 89' lang='lat' dir='ltr'><strong>consectaria</strong></span> <span class='ocrx_word' id='word_1_137' title='bbox 632 2055 701 2118; x_wconf 76' lang='lat' dir='ltr'><strong>quae</strong></span> <span class='ocrx_word' id='word_1_138' title='bbox 715 2055 770 2118; x_wconf 91' lang='lat' dir='ltr'><strong>pro</strong></span> <span class='ocrx_word' id='word_1_139' title='bbox 784 2037 994 2100; x_wconf 78' lang='lat' dir='ltr'><strong>conventionis</strong></span> <span class='ocrx_word' id='word_1_140' title='bbox 1008 2043 1121 2099; x_wconf 89' lang='lat' dir='ltr'><strong>natura</strong></span> <span class='ocrx_word' id='word_1_141' title='bbox 1132 2037 1290 2118; x_wconf 90' lang='lat' dir='ltr'><strong>postulant</strong></span> <span class='ocrx_word' id='word_1_142' title='bbox 1304 2037 1400 2118; x_wconf 77' lang='lat' dir='ltr'><strong>nqrri—</strong></span> 
     </span>
     <span class='ocr_line' id='line_1_18' title="bbox 120 2125 1400 2208; baseline -0.002 -19"><span class='ocrx_word' id='word_1_143' title='bbox 120 2131 185 2200; x_wconf 84' lang='lat' dir='ltr'><strong>tas,</strong></span> <span class='ocrx_word' id='word_1_144' title='bbox 197 2127 263 2200; x_wconf 78' lang='lat' dir='ltr'><strong>lex,</strong></span> <span class='ocrx_word' id='word_1_145' title='bbox 279 2131 335 2188; x_wconf 89' lang='lat' dir='ltr'><strong>aut</strong></span> <span class='ocrx_word' id='word_1_146' title='bbox 350 2143 437 2188; x_wconf 88' lang='lat' dir='ltr'><strong>usus.</strong></span> <span class='ocrx_word' id='word_1_147' title='bbox 453 2126 543 2190; x_wconf 84' lang='lat' dir='ltr'><strong>Ratio</strong></span> <span class='ocrx_word' id='word_1_148' title='bbox 557 2131 614 2202; x_wconf 90' lang='lat' dir='ltr'><strong>est,</strong></span> <span class='ocrx_word' id='word_1_149' title='bbox 631 2126 704 2208; x_wconf 88' lang='lat' dir='ltr'><strong>quia</strong></span> <span class='ocrx_word' id='word_1_150' title='bbox 718 2126 929 2188; x_wconf 79' lang='lat' dir='ltr'><strong>contrahentes</strong></span> <span class='ocrx_word' id='word_1_151' title='bbox 945 2130 1108 2189; x_wconf 89' lang='lat' dir='ltr'><strong>censentur</strong></span> <span class='ocrx_word' id='word_1_152' title='bbox 1128 2143 1215 2205; x_wconf 86' lang='lat' dir='ltr'><strong>agere</strong></span> <span class='ocrx_word' id='word_1_153' title='bbox 1233 2142 1305 2187; x_wconf 76' lang='lat' dir='ltr'><strong>carra</strong></span> <span class='ocrx_word' id='word_1_154' title='bbox 1320 2125 1400 2187; x_wconf 90' lang='lat' dir='ltr'><strong>bona</strong></span> 
     </span>
     <span class='ocr_line' id='line_1_19' title="bbox 121 2213 1397 2296; baseline 0 -20"><span class='ocrx_word' id='word_1_155' title='bbox 121 2215 193 2289; x_wconf 90' lang='lat' dir='ltr'><strong>fide,</strong></span> <span class='ocrx_word' id='word_1_156' title='bbox 206 2218 237 2276; x_wconf 90' lang='lat' dir='ltr'><strong>et</strong></span> <span class='ocrx_word' id='word_1_157' title='bbox 249 2220 403 2294; x_wconf 88' lang='lat' dir='ltr'><strong>propterea</strong></span> <span class='ocrx_word' id='word_1_158' title='bbox 417 2215 492 2278; x_wconf 82' lang='lat' dir='ltr'><strong>velle</strong></span> <span class='ocrx_word' id='word_1_159' title='bbox 505 2233 568 2278; x_wconf 93' lang='lat' dir='ltr'><strong>non</strong></span> <span class='ocrx_word' id='word_1_160' title='bbox 580 2219 705 2278; x_wconf 83' lang='lat' dir='ltr'><strong>tanturn</strong></span> <span class='ocrx_word' id='word_1_161' title='bbox 718 2215 800 2295; x_wconf 86' lang='lat' dir='ltr'><strong>quod</strong></span> <span class='ocrx_word' id='word_1_162' title='bbox 811 2232 950 2296; x_wconf 86' lang='lat' dir='ltr'><strong>expresse</strong></span> <span class='ocrx_word' id='word_1_163' title='bbox 963 2215 998 2276; x_wconf 88' lang='lat' dir='ltr'><strong>in</strong></span> <span class='ocrx_word' id='word_1_164' title='bbox 1009 2213 1205 2294; x_wconf 86' lang='lat' dir='ltr'><strong>stipulatione</strong></span> <span class='ocrx_word' id='word_1_165' title='bbox 1215 2213 1397 2286; x_wconf 82' lang='lat' dir='ltr'><strong>includitur,</strong></span> 
     </span>
     <span class='ocr_line' id='line_1_20' title="bbox 122 2302 674 2383; baseline 0 -19"><span class='ocrx_word' id='word_1_166' title='bbox 122 2302 285 2366; x_wconf 86' lang='lat' dir='ltr'><strong>sedetiam</strong></span> <span class='ocrx_word' id='word_1_167' title='bbox 299 2303 381 2383; x_wconf 90' lang='lat' dir='ltr'><strong>quod</strong></span> <span class='ocrx_word' id='word_1_168' title='bbox 394 2303 433 2364; x_wconf 91' lang='lat' dir='ltr'><strong>ab</strong></span> <span class='ocrx_word' id='word_1_169' title='bbox 447 2321 482 2366; x_wconf 91' lang='lat' dir='ltr'><strong>ea</strong></span> <span class='ocrx_word' id='word_1_170' title='bbox 493 2304 578 2367; x_wconf 86' lang='lat' dir='ltr'><strong>nasci</strong></span> <span class='ocrx_word' id='word_1_171' title='bbox 590 2305 674 2366; x_wconf 90' lang='lat' dir='ltr'><strong>solet.</strong></span> 
     </span>
    </p>

    <p class='ocr_par' dir='ltr' id='par_1_8' title="bbox 116 2390 1401 2808">
     <span class='ocr_line' id='line_1_21' title="bbox 164 2390 1401 2472; baseline 0.001 -19"><span class='ocrx_word' id='word_1_172' title='bbox 164 2391 244 2454; x_wconf 87' lang='lat' dir='ltr'><strong>Hinc</strong></span> <span class='ocrx_word' id='word_1_173' title='bbox 263 2391 397 2454; x_wconf 88' lang='lat' dir='ltr'><strong>studiose</strong></span> <span class='ocrx_word' id='word_1_174' title='bbox 414 2390 599 2472; x_wconf 89' lang='lat' dir='ltr'><strong>inquirenda</strong></span> <span class='ocrx_word' id='word_1_175' title='bbox 622 2398 668 2455; x_wconf 90' lang='lat' dir='ltr'><strong>est</strong></span> <span class='ocrx_word' id='word_1_176' title='bbox 690 2392 940 2456; x_wconf 88' lang='lat' dir='ltr'><strong>contrahentium</strong></span> <span class='ocrx_word' id='word_1_177' title='bbox 960 2392 1109 2466; x_wconf 89' lang='lat' dir='ltr'><strong>intentio,</strong></span> <span class='ocrx_word' id='word_1_178' title='bbox 1124 2390 1152 2453; x_wconf 88' lang='lat' dir='ltr'><strong>si</strong></span> <span class='ocrx_word' id='word_1_179' title='bbox 1169 2392 1207 2454; x_wconf 89' lang='lat' dir='ltr'><strong>de</strong></span> <span class='ocrx_word' id='word_1_180' title='bbox 1225 2409 1259 2454; x_wconf 88' lang='lat' dir='ltr'><strong>ca</strong></span> <span class='ocrx_word' id='word_1_181' title='bbox 1277 2391 1355 2454; x_wconf 87' lang='lat' dir='ltr'><strong>clarc</strong></span> <span class='ocrx_word' id='word_1_182' title='bbox 1369 2397 1401 2454; x_wconf 85' lang='lat' dir='ltr'><strong>et</strong></span> 
     </span>
     <span class='ocr_line' id='line_1_22' title="bbox 120 2480 1398 2561; baseline -0.001 -19"><span class='ocrx_word' id='word_1_183' title='bbox 120 2497 262 2560; x_wconf 74' lang='lat' dir='ltr'><strong>expresse</strong></span> <span class='ocrx_word' id='word_1_184' title='bbox 282 2483 419 2542; x_wconf 84' lang='lat' dir='ltr'><strong>constare</strong></span> <span class='ocrx_word' id='word_1_185' title='bbox 436 2480 543 2560; x_wconf 90' lang='lat' dir='ltr'><strong>possit.</strong></span> <span class='ocrx_word' id='word_1_186' title='bbox 560 2481 595 2544; x_wconf 87' lang='lat' dir='ltr'><strong>Si</strong></span> <span class='ocrx_word' id='word_1_187' title='bbox 611 2488 717 2544; x_wconf 88' lang='lat' dir='ltr'><strong>autem</strong></span> <span class='ocrx_word' id='word_1_188' title='bbox 740 2481 868 2544; x_wconf 92' lang='lat' dir='ltr'><strong>obscura</strong></span> <span class='ocrx_word' id='word_1_189' title='bbox 887 2488 918 2544; x_wconf 91' lang='lat' dir='ltr'><strong>et</strong></span> <span class='ocrx_word' id='word_1_190' title='bbox 939 2481 1084 2561; x_wconf 78' lang='lat' dir='ltr'><strong>ambigna</strong></span> <span class='ocrx_word' id='word_1_191' title='bbox 1101 2487 1240 2554; x_wconf 88' lang='lat' dir='ltr'><strong>mancat,</strong></span> <span class='ocrx_word' id='word_1_192' title='bbox 1257 2480 1398 2561; x_wconf 74' lang='lat' dir='ltr'><strong>axphmri</strong></span> 
     </span>
     <span class='ocr_line' id='line_1_23' title="bbox 118 2568 1399 2648; baseline -0.001 -17"><span class='ocrx_word' id='word_1_193' title='bbox 118 2574 223 2648; x_wconf 88' lang='lat' dir='ltr'><strong>potest</strong></span> <span class='ocrx_word' id='word_1_194' title='bbox 241 2573 311 2630; x_wconf 89' lang='lat' dir='ltr'><strong>tum</strong></span> <span class='ocrx_word' id='word_1_195' title='bbox 327 2586 365 2630; x_wconf 79' lang='lat' dir='ltr'><strong>er</strong></span> <span class='ocrx_word' id='word_1_196' title='bbox 382 2568 513 2632; x_wconf 88' lang='lat' dir='ltr'><strong>materia</strong></span> <span class='ocrx_word' id='word_1_197' title='bbox 532 2569 757 2643; x_wconf 76' lang='lat' dir='ltr'><strong>conventionis,</strong></span> <span class='ocrx_word' id='word_1_198' title='bbox 773 2576 843 2633; x_wconf 88' lang='lat' dir='ltr'><strong>turn</strong></span> <span class='ocrx_word' id='word_1_199' title='bbox 857 2589 896 2632; x_wconf 80' lang='lat' dir='ltr'><strong>ex</strong></span> <span class='ocrx_word' id='word_1_200' title='bbox 909 2587 970 2632; x_wconf 88' lang='lat' dir='ltr'><strong>usu</strong></span> <span class='ocrx_word' id='word_1_201' title='bbox 984 2570 1136 2644; x_wconf 89' lang='lat' dir='ltr'><strong>locorum,</strong></span> <span class='ocrx_word' id='word_1_202' title='bbox 1153 2572 1222 2631; x_wconf 91' lang='lat' dir='ltr'><strong>tum</strong></span> <span class='ocrx_word' id='word_1_203' title='bbox 1240 2586 1278 2630; x_wconf 81' lang='lat' dir='ltr'><strong>ex</strong></span> <span class='ocrx_word' id='word_1_204' title='bbox 1297 2569 1399 2630; x_wconf 87' lang='lat' dir='ltr'><strong>indole</strong></span> 
     </span>
     <span class='ocr_line' id='line_1_24' title="bbox 116 2656 1399 2740; baseline -0.001 -21"><span class='ocrx_word' id='word_1_205' title='bbox 116 2674 334 2738; x_wconf 89' lang='lat' dir='ltr'><strong>personarum.</strong></span> <span class='ocrx_word' id='word_1_206' title='bbox 348 2658 486 2720; x_wconf 83' lang='lat' dir='ltr'><strong>Tandem</strong></span> <span class='ocrx_word' id='word_1_207' title='bbox 505 2657 533 2720; x_wconf 89' lang='lat' dir='ltr'><strong>si</strong></span> <span class='ocrx_word' id='word_1_208' title='bbox 553 2658 698 2721; x_wconf 89' lang='lat' dir='ltr'><strong>omnibus</strong></span> <span class='ocrx_word' id='word_1_209' title='bbox 720 2659 875 2740; x_wconf 88' lang='lat' dir='ltr'><strong>perpensis</strong></span> <span class='ocrx_word' id='word_1_210' title='bbox 899 2658 1030 2721; x_wconf 83' lang='lat' dir='ltr'><strong>dubium</strong></span> <span class='ocrx_word' id='word_1_211' title='bbox 1046 2657 1111 2720; x_wconf 89' lang='lat' dir='ltr'><strong>tolli</strong></span> <span class='ocrx_word' id='word_1_212' title='bbox 1124 2663 1270 2738; x_wconf 88' lang='lat' dir='ltr'><strong>nequeat,</strong></span> <span class='ocrx_word' id='word_1_213' title='bbox 1285 2656 1399 2718; x_wconf 86' lang='lat' dir='ltr'><strong>amica-</strong></span> 
     </span>
     <span class='ocr_line' id='line_1_25' title="bbox 116 2744 613 2808; baseline 0 0"><span class='ocrx_word' id='word_1_214' title='bbox 116 2745 187 2808; x_wconf 91' lang='lat' dir='ltr'><strong>bilis</strong></span> <span class='ocrx_word' id='word_1_215' title='bbox 200 2744 371 2807; x_wconf 86' lang='lat' dir='ltr'><strong>transactio</strong></span> <span class='ocrx_word' id='word_1_216' title='bbox 386 2745 541 2808; x_wconf 86' lang='lat' dir='ltr'><strong>suadenda</strong></span> <span class='ocrx_word' id='word_1_217' title='bbox 556 2749 613 2808; x_wconf 89' lang='lat' dir='ltr'><strong>est.</strong></span> 
     </span>
    </p>
   </div>
   <div class='ocr_carea' id='block_1_6' title="bbox 246 2882 444 2959">
    <p class='ocr_par' dir='ltr' id='par_1_9' title="bbox 246 2882 444 2959">
     <span class='ocr_line' id='line_1_26' title="bbox 246 2882 444 2959; baseline 0.005 -12"><span class='ocrx_word' id='word_1_218' title='bbox 246 2882 444 2959; x_wconf 79' lang='lat' dir='ltr'><strong>Quaesita.</strong></span> 
     </span>
    </p>
   </div>
   <div class='ocr_carea' id='block_1_7' title="bbox 105 3010 1399 4517">
    <p class='ocr_par' dir='ltr' id='par_1_10' title="bbox 157 3010 1399 3094">
     <span class='ocr_line' id='line_1_27' title="bbox 157 3010 1399 3094; baseline -0.003 -16"><span class='ocrx_word' id='word_1_219' title='bbox 157 3018 234 3080; x_wconf 79' lang='grc'><strong>786.</strong></span> <span class='ocrx_word' id='word_1_220' title='bbox 248 3047 290 3060; x_wconf 89' lang='grc'><strong>-</strong></span> <span class='ocrx_word' id='word_1_221' title='bbox 302 3015 403 3088; x_wconf 78' lang='lat' dir='ltr'><strong>oarn.</strong></span> <span class='ocrx_word' id='word_1_222' title='bbox 420 3018 454 3075; x_wconf 84' lang='lat' dir='ltr'><strong>l⁰</strong></span> <span class='ocrx_word' id='word_1_223' title='bbox 470 3012 616 3088; x_wconf 76' lang='lat' dir='ltr'><strong>Quorsum</strong></span> <span class='ocrx_word' id='word_1_224' title='bbox 629 3011 741 3094; x_wconf 72' lang='lat' dir='ltr'><strong>ohlipet</strong></span> <span class='ocrx_word' id='word_1_225' title='bbox 753 3019 924 3074; x_wconf 81' lang='lat' dir='ltr'><strong>contractus</strong></span> <span class='ocrx_word' id='word_1_226' title='bbox 933 3010 1009 3092; x_wconf 82' lang='lat' dir='ltr'><strong>jure</strong></span> <span class='ocrx_word' id='word_1_227' title='bbox 1019 3013 1150 3091; x_wconf 75' lang='lat' dir='ltr'><strong>pontino</strong></span> <span class='ocrx_word' id='word_1_228' title='bbox 1162 3020 1281 3072; x_wconf 82' lang='lat' dir='ltr'><strong>tantam</strong></span> <span class='ocrx_word' id='word_1_229' title='bbox 1294 3015 1399 3075; x_wconf 63' lang='lat' dir='ltr'><strong>rnat-</strong></span> 
     </span>
    </p>

    <p class='ocr_par' dir='ltr' id='par_1_11' title="bbox 105 3100 382 3168">
     <span class='ocr_line' id='line_1_28' title="bbox 105 3100 382 3168; baseline -0.018 -1"><span class='ocrx_word' id='word_1_230' title='bbox 105 3104 195 3168; x_wconf 77' lang='lat' dir='ltr'><strong>n’oni</strong></span> <span class='ocrx_word' id='word_1_231' title='bbox 208 3100 382 3164; x_wconf 76' lang='lat' dir='ltr'><strong>obnoxias?</strong></span> 
     </span>
    </p>

    <p class='ocr_par' dir='ltr' id='par_1_12' title="bbox 117 3187 1396 3624">
     <span class='ocr_line' id='line_1_29' title="bbox 158 3187 1396 3273; baseline -0.002 -18"><span class='ocrx_word' id='word_1_232' title='bbox 158 3193 269 3272; x_wconf 67' lang='lat' dir='ltr'><strong>nean:</strong></span> <span class='ocrx_word' id='word_1_233' title='bbox 283 3194 463 3254; x_wconf 83' lang='lat' dir='ltr'><strong>Contractus</strong></span> <span class='ocrx_word' id='word_1_234' title='bbox 474 3191 525 3254; x_wconf 90' lang='lat' dir='ltr'><strong>ille</strong></span> <span class='ocrx_word' id='word_1_235' title='bbox 536 3190 596 3254; x_wconf 90' lang='lat' dir='ltr'><strong>dici</strong></span> <span class='ocrx_word' id='word_1_236' title='bbox 610 3194 708 3273; x_wconf 90' lang='lat' dir='ltr'><strong>potest</strong></span> <span class='ocrx_word' id='word_1_237' title='bbox 722 3187 928 3253; x_wconf 88' lang='lat' dir='ltr'><strong>conditionate</strong></span> <span class='ocrx_word' id='word_1_238' title='bbox 941 3187 1089 3268; x_wconf 84' lang='lat' dir='ltr'><strong>obligans,</strong></span> <span class='ocrx_word' id='word_1_239' title='bbox 1104 3187 1217 3252; x_wconf 87' lang='lat' dir='ltr'><strong>scilicet</strong></span> <span class='ocrx_word' id='word_1_240' title='bbox 1231 3189 1258 3251; x_wconf 91' lang='lat' dir='ltr'><strong>si</strong></span> <span class='ocrx_word' id='word_1_241' title='bbox 1270 3189 1396 3252; x_wconf 83' lang='lat' dir='ltr'><strong>nullitas</strong></span> 
     </span>
     <span class='ocr_line' id='line_1_30' title="bbox 117 3276 1396 3361; baseline -0.005 -17"><span class='ocrx_word' id='word_1_242' title='bbox 117 3300 180 3345; x_wconf 89' lang='lat' dir='ltr'><strong>non</strong></span> <span class='ocrx_word' id='word_1_243' title='bbox 195 3281 370 3343; x_wconf 83' lang='lat' dir='ltr'><strong>invocetur.</strong></span> <span class='ocrx_word' id='word_1_244' title='bbox 382 3279 470 3345; x_wconf 84' lang='lat' dir='ltr'><strong>Ratio</strong></span> <span class='ocrx_word' id='word_1_245' title='bbox 482 3284 537 3357; x_wconf 88' lang='lat' dir='ltr'><strong>est,</strong></span> <span class='ocrx_word' id='word_1_246' title='bbox 549 3279 622 3361; x_wconf 87' lang='lat' dir='ltr'><strong>quia</strong></span> <span class='ocrx_word' id='word_1_247' title='bbox 634 3279 788 3360; x_wconf 84' lang='lat' dir='ltr'><strong>legislator</strong></span> <span class='ocrx_word' id='word_1_248' title='bbox 799 3278 839 3342; x_wconf 88' lang='lat' dir='ltr'><strong>ad</strong></span> <span class='ocrx_word' id='word_1_249' title='bbox 851 3277 966 3340; x_wconf 89' lang='lat' dir='ltr'><strong>bonum</strong></span> <span class='ocrx_word' id='word_1_250' title='bbox 982 3276 1064 3357; x_wconf 83' lang='lat' dir='ltr'><strong>pacis</strong></span> <span class='ocrx_word' id='word_1_251' title='bbox 1075 3277 1186 3351; x_wconf 89' lang='lat' dir='ltr'><strong>noluit,</strong></span> <span class='ocrx_word' id='word_1_252' title='bbox 1198 3283 1235 3340; x_wconf 91' lang='lat' dir='ltr'><strong>ut</strong></span> <span class='ocrx_word' id='word_1_253' title='bbox 1245 3277 1396 3358; x_wconf 85' lang='lat' dir='ltr'><strong>ejusmodi</strong></span> 
     </span>
     <span class='ocr_line' id='line_1_31' title="bbox 117 3362 1395 3446; baseline -0.005 -13"><span class='ocrx_word' id='word_1_254' title='bbox 117 3374 293 3433; x_wconf 84' lang='lat' dir='ltr'><strong>contractus</strong></span> <span class='ocrx_word' id='word_1_255' title='bbox 322 3367 452 3432; x_wconf 84' lang='lat' dir='ltr'><strong>invalidi</strong></span> <span class='ocrx_word' id='word_1_256' title='bbox 476 3374 673 3432; x_wconf 88' lang='lat' dir='ltr'><strong>censerentur</strong></span> <span class='ocrx_word' id='word_1_257' title='bbox 698 3373 730 3430; x_wconf 86' lang='lat' dir='ltr'><strong>et</strong></span> <span class='ocrx_word' id='word_1_258' title='bbox 753 3371 873 3440; x_wconf 87' lang='lat' dir='ltr'><strong>essent,</strong></span> <span class='ocrx_word' id='word_1_259' title='bbox 898 3364 962 3428; x_wconf 87' lang='lat' dir='ltr'><strong>nisi</strong></span> <span class='ocrx_word' id='word_1_260' title='bbox 985 3366 1108 3446; x_wconf 89' lang='lat' dir='ltr'><strong>quando</strong></span> <span class='ocrx_word' id='word_1_261' title='bbox 1135 3383 1243 3427; x_wconf 87' lang='lat' dir='ltr'><strong>eorum</strong></span> <span class='ocrx_word' id='word_1_262' title='bbox 1267 3362 1395 3426; x_wconf 85' lang='lat' dir='ltr'><strong>nullitas</strong></span> 
     </span>
     <span class='ocr_line' id='line_1_32' title="bbox 119 3451 1396 3540; baseline -0.005 -20"><span class='ocrx_word' id='word_1_263' title='bbox 119 3475 263 3540; x_wconf 63' lang='lat' dir='ltr'><strong>supreme</strong></span> <span class='ocrx_word' id='word_1_264' title='bbox 276 3456 480 3532; x_wconf 81' lang='lat' dir='ltr'><strong>invocaretur,</strong></span> <span class='ocrx_word' id='word_1_265' title='bbox 492 3463 523 3521; x_wconf 90' lang='lat' dir='ltr'><strong>et</strong></span> <span class='ocrx_word' id='word_1_266' title='bbox 535 3457 734 3521; x_wconf 89' lang='lat' dir='ltr'><strong>obtineretur.</strong></span> <span class='ocrx_word' id='word_1_267' title='bbox 750 3454 895 3536; x_wconf 87' lang='lat' dir='ltr'><strong>Sequitur</strong></span> <span class='ocrx_word' id='word_1_268' title='bbox 909 3471 947 3516; x_wconf 83' lang='lat' dir='ltr'><strong>ex</strong></span> <span class='ocrx_word' id='word_1_269' title='bbox 961 3452 1051 3517; x_wconf 89' lang='lat' dir='ltr'><strong>dictis</strong></span> <span class='ocrx_word' id='word_1_270' title='bbox 1066 3454 1102 3516; x_wconf 89' lang='lat' dir='ltr'><strong>de</strong></span> <span class='ocrx_word' id='word_1_271' title='bbox 1116 3451 1320 3515; x_wconf 85' lang='lat' dir='ltr'><strong>contractibus</strong></span> <span class='ocrx_word' id='word_1_272' title='bbox 1334 3453 1396 3514; x_wconf 80' lang='lat' dir='ltr'><strong>nsi-</strong></span> 
     </span>
     <span class='ocr_line' id='line_1_33' title="bbox 119 3546 971 3624; baseline -0.006 -14"><span class='ocrx_word' id='word_1_273' title='bbox 119 3564 250 3622; x_wconf 88' lang='lat' dir='ltr'><strong>norum,</strong></span> <span class='ocrx_word' id='word_1_274' title='bbox 267 3564 416 3622; x_wconf 82' lang='lat' dir='ltr'><strong>urorum,</strong></span> <span class='ocrx_word' id='word_1_275' title='bbox 433 3553 464 3610; x_wconf 89' lang='lat' dir='ltr'><strong>et</strong></span> <span class='ocrx_word' id='word_1_276' title='bbox 477 3546 728 3619; x_wconf 85' lang='lat' dir='ltr'><strong>interdictorum,</strong></span> <span class='ocrx_word' id='word_1_277' title='bbox 745 3565 777 3607; x_wconf 87' lang='lat' dir='ltr'><strong>n.</strong></span> <span class='ocrx_word' id='word_1_278' title='bbox 792 3547 852 3609; x_wconf 75' lang='lat' dir='ltr'><strong>tou</strong></span> <span class='ocrx_word' id='word_1_279' title='bbox 867 3551 971 3624; x_wconf 81' lang='lat' dir='ltr'><strong>etseq.</strong></span> 
     </span>
    </p>

    <p class='ocr_par' dir='ltr' id='par_1_13' title="bbox 122 3630 1398 3807">
     <span class='ocr_line' id='line_1_34' title="bbox 162 3630 1398 3714; baseline -0.006 -16"><span class='ocrx_word' id='word_1_280' title='bbox 162 3637 265 3712; x_wconf 75' lang='lat' dir='ltr'><strong>orna.</strong></span> <span class='ocrx_word' id='word_1_281' title='bbox 277 3637 310 3698; x_wconf 60' lang='grc' dir='ltr'><em>Ψ</em></span> <span class='ocrx_word' id='word_1_282' title='bbox 323 3634 373 3696; x_wconf 81' lang='lat' dir='ltr'><strong>An</strong></span> <span class='ocrx_word' id='word_1_283' title='bbox 388 3635 509 3698; x_wconf 82' lang='lat' dir='ltr'><strong>valeant</strong></span> <span class='ocrx_word' id='word_1_284' title='bbox 519 3645 548 3699; x_wconf 86' lang='lat' dir='ltr'><strong>et</strong></span> <span class='ocrx_word' id='word_1_285' title='bbox 560 3637 591 3697; x_wconf 84' lang='lat' dir='ltr'><strong>in</strong></span> <span class='ocrx_word' id='word_1_286' title='bbox 599 3635 779 3698; x_wconf 68' lang='lat' dir='ltr'><strong>concientia</strong></span> <span class='ocrx_word' id='word_1_287' title='bbox 793 3632 924 3714; x_wconf 77' lang='lat' dir='ltr'><strong>oblipent</strong></span> <span class='ocrx_word' id='word_1_288' title='bbox 939 3640 1111 3693; x_wconf 84' lang='lat' dir='ltr'><strong>contractas</strong></span> <span class='ocrx_word' id='word_1_289' title='bbox 1126 3631 1197 3694; x_wconf 81' lang='lat' dir='ltr'><strong>initi</strong></span> <span class='ocrx_word' id='word_1_290' title='bbox 1209 3630 1319 3712; x_wconf 82' lang='lat' dir='ltr'><strong>absque</strong></span> <span class='ocrx_word' id='word_1_291' title='bbox 1332 3630 1398 3710; x_wconf 78' lang='lat' dir='ltr'><strong>for·</strong></span> 
     </span>
     <span class='ocr_line' id='line_1_35' title="bbox 122 3717 1333 3807; baseline -0.007 -19"><span class='ocrx_word' id='word_1_292' title='bbox 122 3723 313 3788; x_wconf 71' lang='lat' dir='ltr'><strong>meditatibus</strong></span> <span class='ocrx_word' id='word_1_293' title='bbox 330 3725 372 3787; x_wconf 88' lang='lat' dir='ltr'><strong>ad</strong></span> <span class='ocrx_word' id='word_1_294' title='bbox 386 3729 525 3807; x_wconf 80' lang='lat' dir='ltr'><strong>ipsorum</strong></span> <span class='ocrx_word' id='word_1_295' title='bbox 539 3725 669 3788; x_wconf 78' lang='lat' dir='ltr'><strong>calorem</strong></span> <span class='ocrx_word' id='word_1_296' title='bbox 680 3743 699 3786; x_wconf 88' lang='lat' dir='ltr'><strong>a</strong></span> <span class='ocrx_word' id='word_1_297' title='bbox 706 3725 782 3806; x_wconf 85' lang='lat' dir='ltr'><strong>jure</strong></span> <span class='ocrx_word' id='word_1_298' title='bbox 793 3718 1007 3804; x_wconf 74' lang='lat' dir='ltr'><strong>prescriptis?</strong></span> <span class='ocrx_word' id='word_1_299' title='bbox 1330 3717 1333 3720; x_wconf 76' lang='grc'><strong>’</strong></span> 
     </span>
    </p>

    <p class='ocr_par' dir='ltr' id='par_1_14' title="bbox 163 3811 839 3896">
     <span class='ocr_line' id='line_1_36' title="bbox 163 3811 839 3896; baseline -0.004 -19"><span class='ocrx_word' id='word_1_300' title='bbox 163 3814 256 3896; x_wconf 72' lang='lat' dir='ltr'><strong>desp.</strong></span> <span class='ocrx_word' id='word_1_301' title='bbox 266 3831 279 3874; x_wconf 90' lang='grc'><strong>.·</strong></span> <span class='ocrx_word' id='word_1_302' title='bbox 292 3811 416 3894; x_wconf 78' lang='lat' dir='ltr'><strong>Triplex</strong></span> <span class='ocrx_word' id='word_1_303' title='bbox 428 3819 474 3878; x_wconf 90' lang='lat' dir='ltr'><strong>est</strong></span> <span class='ocrx_word' id='word_1_304' title='bbox 488 3813 638 3878; x_wconf 67' lang='lat' dir='ltr'><strong>scannia</strong></span> <span class='ocrx_word' id='word_1_305' title='bbox 652 3811 839 3894; x_wconf 87' lang='lat' dir='ltr'><strong>probabitis:</strong></span> 
     </span>
    </p>

    <p class='ocr_par' dir='ltr' id='par_1_15' title="bbox 118 3891 1397 4245">
     <span class='ocr_line' id='line_1_37' title="bbox 163 3891 1397 3984; baseline -0.007 -18"><span class='ocrx_word' id='word_1_306' title='bbox 163 3903 198 3966; x_wconf 81' lang='lat'><strong>1·</strong></span> <span class='ocrx_word' id='word_1_307' title='bbox 215 3902 375 3966; x_wconf 80' lang='lat' dir='ltr'><strong>Sententia</strong></span> <span class='ocrx_word' id='word_1_308' title='bbox 390 3902 520 3984; x_wconf 59' lang='lat' dir='ltr'><strong>aspen,</strong></span> <span class='ocrx_word' id='word_1_309' title='bbox 536 3901 661 3984; x_wconf 83' lang='lat' dir='ltr'><strong>quiade</strong></span> <span class='ocrx_word' id='word_1_310' title='bbox 672 3905 743 3984; x_wconf 85' lang='lat' dir='ltr'><strong>jure</strong></span> <span class='ocrx_word' id='word_1_311' title='bbox 756 3899 894 3964; x_wconf 88' lang='lat' dir='ltr'><strong>naturali</strong></span> <span class='ocrx_word' id='word_1_312' title='bbox 908 3898 990 3963; x_wconf 91' lang='lat' dir='ltr'><strong>solus</strong></span> <span class='ocrx_word' id='word_1_313' title='bbox 1004 3915 1169 3962; x_wconf 81' lang='lat' dir='ltr'><strong>cousensus</strong></span> <span class='ocrx_word' id='word_1_314' title='bbox 1181 3896 1320 3978; x_wconf 81' lang='lat' dir='ltr'><strong>partium</strong></span> <span class='ocrx_word' id='word_1_315' title='bbox 1333 3891 1397 3958; x_wconf 81' lang='lat' dir='ltr'><strong>sul-</strong></span> 
     </span>
     <span class='ocr_line' id='line_1_38' title="bbox 120 3984 1396 4072; baseline -0.006 -18"><span class='ocrx_word' id='word_1_316' title='bbox 120 3989 186 4055; x_wconf 85' lang='lat' dir='ltr'><strong>ficit</strong></span> <span class='ocrx_word' id='word_1_317' title='bbox 203 3991 244 4054; x_wconf 81' lang='lat' dir='ltr'><strong>ad</strong></span> <span class='ocrx_word' id='word_1_318' title='bbox 264 3989 480 4072; x_wconf 65' lang='lat' dir='ltr'><strong>obligationem</strong></span> <span class='ocrx_word' id='word_1_319' title='bbox 496 3991 719 4064; x_wconf 85' lang='lat' dir='ltr'><strong>inducendam,</strong></span> <span class='ocrx_word' id='word_1_320' title='bbox 733 3990 828 4053; x_wconf 86' lang='lat' dir='ltr'><strong>etlex</strong></span> <span class='ocrx_word' id='word_1_321' title='bbox 840 3989 980 4052; x_wconf 87' lang='lat' dir='ltr'><strong>humana</strong></span> <span class='ocrx_word' id='word_1_322' title='bbox 993 3987 1164 4050; x_wconf 84' lang='lat' dir='ltr'><strong>naturalem</strong></span> <span class='ocrx_word' id='word_1_323' title='bbox 1177 3984 1396 4064; x_wconf 80' lang='lat' dir='ltr'><strong>obligationem</strong></span> 
     </span>
     <span class='ocr_line' id='line_1_39' title="bbox 119 4072 1393 4228; baseline -0.009 -85"><span class='ocrx_word' id='word_1_324' title='bbox 119 4078 225 4228; x_wconf 47' lang='lat' dir='ltr'><strong>int}⁰</strong></span> <span class='ocrx_word' id='word_1_325' title='bbox 212 4095 358 4158; x_wconf 85' lang='lat' dir='ltr'><strong>personas</strong></span> <span class='ocrx_word' id='word_1_326' title='bbox 371 4078 494 4143; x_wconf 78' lang='lat' dir='ltr'><strong>alirande</strong></span> <span class='ocrx_word' id='word_1_327' title='bbox 507 4079 623 4143; x_wconf 84' lang='lat' dir='ltr'><strong>habiles</strong></span> <span class='ocrx_word' id='word_1_328' title='bbox 642 4097 705 4142; x_wconf 87' lang='lat' dir='ltr'><strong>nan</strong></span> <span class='ocrx_word' id='word_1_329' title='bbox 721 4079 813 4154; x_wconf 88' lang='lat' dir='ltr'><strong>tollit,</strong></span> <span class='ocrx_word' id='word_1_330' title='bbox 829 4077 974 4160; x_wconf 80' lang='lat' dir='ltr'><strong>quamuis</strong></span> <span class='ocrx_word' id='word_1_331' title='bbox 993 4074 1142 4139; x_wconf 85' lang='lat' dir='ltr'><strong>actionem</strong></span> <span class='ocrx_word' id='word_1_332' title='bbox 1155 4072 1278 4138; x_wconf 81' lang='lat' dir='ltr'><strong>civilem</strong></span> <span class='ocrx_word' id='word_1_333' title='bbox 1290 4077 1393 4152; x_wconf 79' lang='lat' dir='ltr'><strong>negat.</strong></span> 
     </span>
     <span class='ocr_line' id='line_1_40' title="bbox 118 4165 490 4245; baseline -0.011 -17"><span class='ocrx_word' id='word_1_334' title='bbox 118 4197 160 4214; x_wconf 94' lang='lat'>-</span> <span class='ocrx_word' id='word_1_335' title='bbox 225 4165 304 4245; x_wconf 66' lang='lat' dir='ltr'><strong>bna,</strong></span> <span class='ocrx_word' id='word_1_336' title='bbox 320 4174 378 4232; x_wconf 80' lang='lat' dir='ltr'><strong>etc.</strong></span> <span class='ocrx_word' id='word_1_337' title='bbox 489 4219 490 4224; x_wconf 73' lang='grc'>,</span> 
     </span>
    </p>

    <p class='ocr_par' dir='ltr' id='par_1_16' title="bbox 120 4251 1398 4517">
     <span class='ocr_line' id='line_1_41' title="bbox 160 4251 1398 4340; baseline -0.002 -25"><span class='ocrx_word' id='word_1_338' title='bbox 160 4253 212 4316; x_wconf 78' lang='lat' dir='ltr'><strong>II⁰</strong></span> <span class='ocrx_word' id='word_1_339' title='bbox 229 4255 391 4319; x_wconf 75' lang='lat' dir='ltr'><strong>Sententia</strong></span> <span class='ocrx_word' id='word_1_340' title='bbox 401 4267 502 4340; x_wconf 72' lang='lat' dir='ltr'><strong>nepot,</strong></span> <span class='ocrx_word' id='word_1_341' title='bbox 514 4257 590 4340; x_wconf 85' lang='lat' dir='ltr'><strong>qnia</strong></span> <span class='ocrx_word' id='word_1_342' title='bbox 600 4258 681 4339; x_wconf 81' lang='lat' dir='ltr'><strong>leges</strong></span> <span class='ocrx_word' id='word_1_343' title='bbox 693 4256 852 4321; x_wconf 84' lang='lat' dir='ltr'><strong>irritantes</strong></span> <span class='ocrx_word' id='word_1_344' title='bbox 866 4260 1039 4320; x_wconf 81' lang='lat' dir='ltr'><strong>contractus</strong></span> <span class='ocrx_word' id='word_1_345' title='bbox 1050 4251 1209 4336; x_wconf 73' lang='lat' dir='ltr'><strong>predictos</strong></span> <span class='ocrx_word' id='word_1_346' title='bbox 1224 4251 1398 4315; x_wconf 72' lang='lat' dir='ltr'><strong>arantur</strong></span> 
     </span>
     <span class='ocr_line' id='line_1_42' title="bbox 120 4339 1398 4427; baseline -0.005 -21"><span class='ocrx_word' id='word_1_347' title='bbox 120 4342 156 4406; x_wconf 90' lang='lat' dir='ltr'><strong>in</strong></span> <span class='ocrx_word' id='word_1_348' title='bbox 168 4345 407 4426; x_wconf 78' lang='lat' dir='ltr'><strong>presumptione</strong></span> <span class='ocrx_word' id='word_1_349' title='bbox 423 4364 487 4411; x_wconf 87' lang='lat' dir='ltr'><strong>nan</strong></span> <span class='ocrx_word' id='word_1_350' title='bbox 497 4353 626 4410; x_wconf 86' lang='lat' dir='ltr'><strong>tantum</strong></span> <span class='ocrx_word' id='word_1_351' title='bbox 639 4345 716 4424; x_wconf 85' lang='lat' dir='ltr'><strong>doli,</strong></span> <span class='ocrx_word' id='word_1_352' title='bbox 728 4347 785 4410; x_wconf 86' lang='lat' dir='ltr'><strong>sed</strong></span> <span class='ocrx_word' id='word_1_353' title='bbox 805 4345 898 4410; x_wconf 76' lang='lat' dir='ltr'><strong>adam</strong></span> <span class='ocrx_word' id='word_1_354' title='bbox 917 4342 1045 4427; x_wconf 86' lang='lat' dir='ltr'><strong>periculi</strong></span> <span class='ocrx_word' id='word_1_355' title='bbox 1056 4341 1247 4418; x_wconf 87' lang='lat' dir='ltr'><strong>cornmunis;</strong></span> <span class='ocrx_word' id='word_1_356' title='bbox 1263 4339 1398 4422; x_wconf 65' lang='lat' dir='ltr'><strong>postula</strong></span> 
     </span>
     <span class='ocr_line' id='line_1_43' title="bbox 120 4429 1396 4517; baseline -0.002 -22"><span class='ocrx_word' id='word_1_357' title='bbox 120 4431 274 4516; x_wconf 86' lang='lat' dir='ltr'><strong>siquidem</strong></span> <span class='ocrx_word' id='word_1_358' title='bbox 287 4434 404 4499; x_wconf 88' lang='lat' dir='ltr'><strong>bouum</strong></span> <span class='ocrx_word' id='word_1_359' title='bbox 419 4453 592 4512; x_wconf 89' lang='lat' dir='ltr'><strong>commune,</strong></span> <span class='ocrx_word' id='word_1_360' title='bbox 609 4441 646 4500; x_wconf 92' lang='lat' dir='ltr'><strong>ut</strong></span> <span class='ocrx_word' id='word_1_361' title='bbox 660 4454 735 4500; x_wconf 87' lang='lat' dir='ltr'><strong>ensa</strong></span> <span class='ocrx_word' id='word_1_362' title='bbox 746 4433 936 4517; x_wconf 72' lang='lat' dir='ltr'><strong>quibudibot</strong></span> <span class='ocrx_word' id='word_1_363' title='bbox 946 4431 1111 4497; x_wconf 71' lang='lat' dir='ltr'><strong>haudbus</strong></span> <span class='ocrx_word' id='word_1_364' title='bbox 1122 4429 1264 4506; x_wconf 71' lang='lat' dir='ltr'><strong>tollatur,</strong></span> <span class='ocrx_word' id='word_1_365' title='bbox 1280 4435 1396 4509; x_wconf 50' lang='lat' dir='ltr'><strong>&amp;pre</strong></span> 
     </span>
    </p>
   </div>
   <div class='ocr_carea' id='block_1_8' title="bbox 0 0 1573 5034">
    <p class='ocr_par' dir='ltr' id='par_1_17' title="bbox 0 0 1573 5034">
     <span class='ocr_line' id='line_1_44' title="bbox 0 0 1573 5034; baseline 0 0"><span class='ocrx_word' id='word_1_366' title='bbox 0 0 1573 5034; x_wconf 95' lang='lat' dir='ltr'><strong> </strong></span> 
     </span>
    </p>
   </div>
  </div>
 </body>
</html>
