3136 5034
197 290 265 350 530
729 295 935 342 erecturus

234 414 324 494 nep.
342 415 394 476 3⁰:
417 412 552 472 Tenetur
571 407 685 471 solvere
701 425 849 488 expensas
860 407 955 470 iactos
966 425 1022 488 pro
1037 407 1243 489 asportatione
1258 408 1305 471 rei
1320 408 1469 485 vendite,

194 521 248 585 pro
263 500 423 582 scripturis
444 504 498 560 aut
519 497 639 560 actibus
657 495 859 572 authenticis3
874 497 950 558 item
966 514 1021 577 pro
1040 496 1218 577 sumptibus
1237 497 1467 562 necessariisud
1556 559 1557 562 ,

195 593 239 656 rei
249 587 510 654 conservationem
525 585 603 648 adie
615 585 815 661 venditionis,
830 585 892 648 nisi
906 585 965 648 alio
977 585 1067 650 modu
1080 592 1207 666 pactum
1220 585 1328 649 brerit.
1556 579 1557 662 l

234 685 305 745 886.
315 714 356 724 -
367 678 467 752 Qonn.
484 679 518 738 6⁰
533 675 585 736 Ao
599 674 697 736 voleat
709 678 820 756 emptio
830 674 877 736 rei
886 673 1006 736 mobilia
1015 673 1108 738 elteri
1120 673 1263 750 vendito,
1277 675 1332 737 sed
1342 676 1466 740 nomo
1556 667 1557 680 ¹

195 771 257 853 ipsi
269 765 412 830 tradite?

233 858 324 939 Resp.
342 860 372 918 l⁰
384 851 526 935 Aspim„
540 852 568 914 si
580 870 630 914 res
649 852 780 914 secundo
798 851 929 932 emptori
951 852 1102 926 tradatur,
1116 852 1208 914 modo
1222 851 1276 914 hic
1291 853 1385 918 bone
1403 855 1466 918 fidei

193 945 296 1010 buerit.
312 947 358 1006 lta
372 961 410 1004 ee
424 943 508 1004 omni
518 940 604 1003 lore.
620 942 678 1005 Sed
694 947 770 1003 tunc
788 940 929 1003 venditor
942 944 1065 1004 tenetur
1077 941 1114 1002 de
1127 939 1266 1016 damnis,
1282 942 1394 1024 siquae
1407 945 1469 1008 sint
1556 933 1557 1004 l

193 1034 287 1118 priori
298 1031 423 1096 domino
436 1031 532 1093 illata.
544 1065 586 1078 --
597 1028 631 1092 S.
646 1029 714 1110 Le'p.
731 1049 762 1090 n.
781 1033 853 1092 827.

234 1124 321 1204 Resp.
339 1125 372 1184 2⁰
386 1120 477 1201 Nep„
494 1119 521 1182 si
535 1122 653 1200 emptor
665 1117 760 1180 luerit
773 1118 861 1180 male
883 1116 969 1192 fidu,
985 1119 1035 1181 vel
1049 1118 1075 1180 si
1092 1137 1141 1180 res
1155 1137 1218 1182 non
1238 1120 1338 1184 adbuc
1355 1121 1465 1183 tradita

194 1213 236 1274 sit
248 1211 378 1274 secundo
393 1208 535 1288 emptori.
549 1208 639 1273 Ratio
657 1212 742 1287 petet
759 1226 797 1269 ex
815 1206 893 1288 ipsis
915 1207 989 1287 legis
1010 1207 1168 1282 terminis,
1184 1227 1222 1270 ex
1240 1227 1307 1290 qua
1318 1212 1466 1274 secundus

194 1307 313 1381 emptor
326 1300 413 1361 bonae
428 1297 498 1360 fidei
510 1315 572 1359 non
585 1300 685 1377 potest
694 1296 857 1377 praevalere
870 1296 979 1376 priori,
997 1296 1058 1360 nisi
1071 1296 1188 1360 ratione
1201 1299 1410 1377 possessionis.
1424 1335 1464 1346 -
1556 1299 1557 1314 ¹

196 1390 231 1452 S.
250 1389 335 1470 cip,
350 1387 429 1448 idid.
445 1385 577 1449 -cort
593 1386 651 1448 αὐ.
669 1389 758 1448 tttt.

233 1483 303 1542 887.
318 1512 358 1524 -
372 1479 475 1552 Quen.
492 1481 525 1539 7⁰
540 1473 633 1550 Ouum
648 1475 708 1536 vim
722 1473 823 1534 orrlrae
838 1474 1008 1536 venditioni
1022 1473 1159 1537 addunt?

234 1567 323 1648 Reep.
334 1571 366 1628 t⁰
377 1564 428 1626 :Si
439 1567 631 1645 apponantur
644 1562 841 1643 promissioni
855 1562 1043 1626 venditionis
1058 1569 1194 1637 tuntum,
1207 1581 1272 1626 non
1287 1566 1470 1630 confirmant
1556 1571 1557 1608 ³

194 1662 400 1728 contractum,
418 1654 470 1716 sed
490 1651 705 1732 unusquisque
725 1669 742 1713 e
762 1651 1013 1714 contrahentibus
1032 1651 1149 1714 resilire
1164 1657 1274 1732 potest.
1293 1657 1422 1730 Verum,
1437 1657 1471 1719 in
1556 1675 1557 1688 ³

194 1747 250 1808 hoc
263 1764 351 1816 casu,
368 1743 394 1805 si
415 1742 576 1804 resiliatis
596 1740 651 1822 qui
669 1741 776 1802 arrhas
797 1740 883 1803 alteri
902 1739 1114 1815 tradidit‚eas
1133 1740 1316 1821 simpliciter
1334 1745 1468 1820 amittit;

195 1833 343 1896 contrusi
360 1830 476 1893 resiliat
488 1829 516 1891 is
530 1829 585 1909 qui
599 1847 649 1892 eas
663 1828 795 1909 aceepit,
812 1828 943 1908 duplum
962 1827 1123 1891 restituere
1139 1829 1244 1904 debet,
1259 1831 1292 1892 id
1307 1839 1353 1894 est
1365 1832 1469 1896 urbes

194 1928 345 2002 acceptas,
358 1926 392 1982 et
403 1920 530 1999 insuper
543 1918 677 1980 valorem
690 1917 752 1979 illis
766 1919 924 1999 aequalem.

237 2012 326 2092 Resp.
343 2013 377 2072 2⁰
394 2007 449 2072 :Si
463 2013 657 2088 apponantur
672 2005 797 2087 ipsimet
811 2005 999 2081 venditioni,
1015 2025 1078 2070 non
1098 2006 1217 2070 iaciunt
1235 2027 1305 2071 eom
1324 2011 1471 2072 conditio-

195 2101 313 2178 nalem,
330 2099 383 2161 sed
395 2102 615 2176 argumentum
630 2103 705 2158 suut
718 2094 906 2158 venditionis
922 2101 1099 2172 contractae;
1114 2115 1169 2176 pro
1183 2103 1271 2176 purte
1284 2099 1368 2161 erriur
1377 2099 1474 2178 pretii

198 2193 429 2269 computantur,
446 2185 493 2248 vel
507 2185 541 2246 in
555 2184 750 2246 securitatem
767 2183 928 2246 solutionis
942 2185 1339 2250 dantur:undenultuse1
1351 2195 1474 2250 contru-

197 2277 356 2350 bentibus,
371 2277 464 2338 altero
475 2273 586 2348 invito,
602 2273 719 2336 resilire
730 2279 840 2354 potest.
857 2275 893 2334 ln
905 2272 998 2336 dubio
1015 2279 1120 2336 autem
1137 2292 1177 2336 an
1190 2276 1388 2354 promissioni
1399 2295 1472 2339 con-

195 2372 327 2440 tractus,
346 2364 395 2427 vel
408 2363 533 2444 ipsimet
547 2361 715 2424 contractui
729 2362 852 2442 adjectae
866 2360 997 2437 fuerint,
1012 2380 1066 2442 pro
1087 2361 1219 2426 minimo
1240 2365 1390 2428 standum
1408 2373 1474 2438 est,

196 2473 250 2516 seu
270 2454 326 2516 soli
345 2451 543 2533 promissioni
556 2450 743 2514 venditionis
761 2451 886 2531 adjecta
906 2457 1081 2514 censentur.
1098 2451 1155 2514 Eu
1168 2452 1244 2514 lore
1262 2451 1387 2517 Gallico
1401 2474 1474 2536 pro

195 2541 303 2606 missio
317 2541 504 2604 venditionis
517 2557 580 2602 uon
594 2538 800 2618 distinguitur
812 2539 850 2600 ab
865 2539 933 2619 ipsu
945 2539 1133 2603 venditione.

234 2631 336 2706 Quen
352 2633 383 2693 8ο
393 2630 445 2690 An
458 2639 487 2691 et
504 2625 651 2710 quomodo
665 2627 755 2689 uendi
766 2627 884 2710 possint
891 2628 972 2709 jeu-o
985 2629 1160 2710 incorporeo
1174 2637 1257 2707 certo,
1275 2629 1471 2708 seleuceno,

195 2739 246 2782 seu
260 2718 416 2801 litiyt'oso?

235 2809 324 2891 Κεφ.
340 2809 379 2871 ad
393 2814 446 2871 1²²
463 2827 470 2869 :
485 2811 562 2870 lura
574 2806 760 2888 incorporeo,
781 2811 819 2867 ut
831 2805 1039 2887 chirographa,
1056 2807 1182 2884 credita,
1199 2807 1407 2884 ususfructus,
1420 2813 1477 2892 jus

196 2899 234 2961 ad
255 2896 467 2960 hereditatem
486 2903 638 2977 apertam,
653 2895 678 2958 si
693 2897 864 2973 certarint,
881 2894 972 2956 vendi
987 2896 1034 2958 vel
1049 2915 1244 2980 quocumque
1256 2898 1317 2960 ulio
1329 2899 1426 2962 titulo
1439 2901 1477 2962 ad

195 2985 293 3049 atium
305 2983 477 3047 transmitti
488 2991 629 3066 possunt,
641 2983 721 3046 sicut
730 2986 924 3065 eaeumjma.
934 2987 1050 3047 Eorum
1061 2993 1167 3048 autern
1181 2986 1308 3050 traditio
1320 2987 1359 3050 lit
1368 2989 1477 3051 remit-

196 3073 288 3136 tendo
301 3071 516 3153 chirographa,
531 3077 586 3135 out
598 3072 659 3134 elia
672 3071 785 3152 scripta
797 3071 985 3134 authentice.

234 3163 325 3246 Itesp.
336 3163 374 3224 ad
385 3167 440 3226 2²¹²
458 3181 467 3224 ι
481 3167 557 3225 Jura
571 3160 718 3242 litipioso,
732 3179 788 3223 seu
798 3161 877 3223 circe
890 3177 961 3241 quae
974 3162 1044 3224 lites
1058 3170 1236 3239 moventur,
1253 3164 1371 3244 pariter
1382 3165 1478 3228 vendi

195 3260 326 3333 possrmt
336 3269 392 3332 pro
405 3258 473 3314 rata
485 3249 709 3330 probabilitatis
723 3248 855 3312 tortunae
869 3251 1020 3314 secunde.
1033 3285 1075 3297 -
1086 3252 1141 3314 Ito
1153 3273 1264 3315 omum.

235 3345 306 3406 888.
321 3373 362 3388 -
376 3343 477 3416 Qunn.
494 3343 528 3404 9⁰
544 3337 740 3414 Quondam
755 3337 893 3400 venditor
907 3349 1044 3402 teneatur
1056 3339 1093 3402 de
1107 3343 1255 3404 evectione
1266 3342 1336 3404 rei?

235 3431 330 3513 Resp.
341 3435 374 3492 l⁰
385 3433 536 3491 :Tenetur
547 3426 751 3496 decertatione,
765 3427 885 3506 quoties
899 3429 1162 3510 emptorjuridice
1175 3431 1391 3494 deturbatote
1404 3448 1482 3510 pos·

199 3519 335 3581 sessione
343 3517 389 3581 rei
403 3523 527 3598 emptae.
540 3515 650 3596 Excipe
662 3515 724 3577 nisi
741 3515 878 3578 aliter'in
891 3524 1050 3580 contractu
1063 3525 1252 3582 conventum
1265 3519 1371 3582 fuerit.
1381 3519 1482 3585 Ratio

195 3613 256 3681 est,
273 3606 347 3686 quie
362 3607 502 3669 venditor
516 3604 691 3668 douunimn
705 3605 749 3668 rei
765 3603 927 3668 transferre
941 3606 1053 3688 nequit
1062 3607 1186 3689 (tcto).

236 3696 328 3777 Resp.
342 3699 375 3758 2⁰
390 3715 398 3756 :
415 3697 550 3758 Tenetur
563 3692 707 3757 etiamad
721 3693 857 3775 pretium
877 3695 1009 3776 emptori
1030 3695 1273 3772 retundendum,
1289 3697 1416 3778 quando
1428 3699 1482 3760 de

176 3795 178 3798 ’
196 3782 395 3865 prehenditur
416 3801 482 3845 rem
500 3782 660 3847 venditam
680 3783 831 3864 pertinere
854 3789 935 3846 certo
951 3784 990 3869 ad
1011 3785 1141 3848 tertium
1158 3785 1209 3848 bic
1228 3793 1260 3848 et
1277 3805 1365 3849 nunc
1381 3787 1484 3850 reeta-

195 3880 353 3937 mantem:
368 3871 475 3935 eadem
489 3878 594 3936 autem
616 3878 663 3935 est
685 3871 780 3948 rati03
797 3873 940 3936 venditor
954 3873 1038 3936 enim
1052 3892 1115 3936 non
1128 3874 1230 3955 potuit
1244 3875 1417 3938 transferre
1438 3875 1483 3937 rei

198 3959 373 4026 dominium
387 3962 466 4043 quod
482 3961 548 4042 ipse
562 3979 625 4023 non
638 3960 780 4024 habebat.
797 3963 913 4023 Verum
930 3961 969 4024 ad
987 3962 1043 4025 boc
1059 3981 1120 4026 non
1136 3969 1261 4028 tenetur
1272 3963 1308 4027 in
1321 3964 1486 4028 ceneden-

197 4047 243 4110 tie
257 4057 330 4114 ante
344 4049 529 4114 sententiam
543 4048 672 4131 judicis,
688 4048 750 4111 nisi
767 4047 894 4112 omniuo
907 4056 989 4112 certo
1005 4049 1065 4131 ipsi
1079 4058 1197 4116 constet
1208 4071 1275 4114 rem
1290 4071 1398 4116 revera
1414 4071 1484 4115 aese

195 4135 280 4200 illius
291 4137 392 4215 tertii;
407 4157 461 4201 nec
475 4144 596 4202 tenetur
609 4137 701 4200 fidem
715 4137 801 4200 t'ucile
813 4138 946 4218 praebere
960 4137 1029 4200 aliis
1041 4139 1086 4201 ita
1098 4159 1162 4204 esse
1170 4141 1395 4214 asserentibus
1406 4157 1484 4204 cum

196 4226 395 4308 presumptio
411 4227 472 4307 ipsi
485 4226 599 4302 faveat,
615 4244 670 4290 nec
684 4225 809 4289 aliunde
826 4227 981 4289 sententia
997 4227 1111 4308 ‚iudicis
1132 4229 1350 4293 intervenerit.
1363 4265 1406 4277 -
1422 4229 1483 4291 lte·

197 4316 257 4378 cole
271 4315 353 4378 dieta
364 4315 401 4377 de
414 4316 557 4378 eoimione
570 4316 601 4377 in
617 4323 703 4378 treet.
721 4314 757 4377 de
769 4313 864 4395 Just,
878 4335 909 4377 c.
926 4319 996 4380 638.
