3156 5026
190 164 260 228 392
728 175 935 225 reserares

190 289 378 371 apprehensa
388 291 418 353 et
432 294 576 370 occupata
588 306 606 353 e
617 289 742 352 donnino
753 289 857 364 ιιιιιιιι,
871 305 927 379 nee
940 287 1067 369 proinde
1079 287 1137 351 suh
1148 289 1214 370 ejus
1227 294 1302 354 sant
1316 291 1466 360 dominio.

190 378 347 460 -Lupo,
362 377 438 459 disp.
455 396 505 453 ιι,
521 398 553 442 a.
570 383 620 441 ιι.
1168 439 1170 444 ,

231 468 324 549 Resp.
341 471 374 531 3⁰
385 466 529 548 Aspim,
544 466 571 529 si
585 466 701 531 fundus
715 467 841 532 omnino
854 467 975 530 clausus
989 464 1060 529 talis
1072 467 1128 543 sit,
1141 469 1178 530 ιιι
1190 467 1260 531 iera
1272 487 1335 533 non
1348 473 1469 552 possint

191 556 264 620 inde
275 553 373 632 exire,
387 561 418 617 et
429 554 523 637 facilc
535 557 603 639 capi
615 555 661 618 ibi
674 565 805 638 queaat;
815 556 889 637 quia
899 555 948 618 hee
960 561 1037 617 tune
1048 562 1210 618 censentur
1224 557 1365 622 amisisse
1378 561 1468 625 liber-

190 651 288 709 tatem
302 661 392 707 suam
406 649 437 706 et
451 644 490 707 acl
506 642 596 706 fundi
610 644 772 708 dominum
788 642 950 725 pertinere.
964 643 1120 725 -Lupo,
1136 643 1210 706 ibid.

231 735 333 809 Quen.
350 737 381 796 3⁰
398 731 450 794 Aa
465 731 601 795 dommus
614 731 706 814 sandi
723 734 853 815 accipere
867 733 962 816 possit
976 731 1113 814 praedem
1131 732 1169 795 ab
1187 733 1247 796 allo
1261 739 1404 814 occisam,
1420 738 1470 801 nel

190 819 341 906 impedire
354 839 393 884 ae
406 819 444 882 ab
459 818 515 882 illo
531 820 696 904 capiatur?

231 910 323 992 Resp.
342 914 374 973 1⁰
387 909 464 991 Nep.
481 908 523 972 ad
535 919 697 992 atramque
714 908 749 972 in
769 909 889 973 dnobus
908 907 1062 988 prioribus
1083 908 1204 972 casibus
1218 911 1345 985 Qnaesiti
1358 931 1468 994 pree.;

193 999 281 1080 qnia,
304 996 448 1080 quamvis
472 997 618 1061 dominus
637 997 749 1062 haheat
766 1000 819 1080 jus
838 996 1026 1079 impediendi
1051 1015 1089 1060 ne
1111 997 1188 1060 alter
1207 1006 1339 1063 venetur
1357 1003 1392 1064 in
1411 1021 1470 1067 suo

192 1089 304 1163 fundo,
320 1086 384 1150 iera
401 1093 505 1149 temen
522 1086 622 1167 ipsius
636 1103 700 1149 non
715 1093 776 1163 est,
793 1105 827 1149 ac
844 1086 970 1168 proinde
983 1084 1079 1148 occisa
1092 1086 1131 1148 ed
1145 1086 1307 1150 occisorem
1322 1091 1468 1171 pertinet.

193 1175 342 1240 Dominus
363 1182 469 1238 tamen
489 1175 583 1238 habet
601 1177 655 1257 jus
674 1175 713 1238 ad
734 1174 1014 1256 compensationem
1031 1191 1084 1254 pro
1105 1174 1218 1238 damno
1238 1179 1321 1258 qnod
1343 1187 1470 1244 venator

194 1265 270 1329 forle
285 1263 437 1327 intulerit.
451 1264 610 1346 -Lupo,
623 1284 656 1324 n.
672 1268 722 1328 70.

234 1354 323 1435 Resp.
338 1357 372 1416 κ’
384 1351 512 1436 Affirm.
528 1370 544 1415 e
557 1358 663 1416 eontra
676 1351 717 1414 ad
727 1360 890 1436 utramque
902 1352 937 1415 in
951 1351 1042 1414 tertio
1056 1369 1143 1429 casu,
1157 1359 1195 1417 ut
1206 1359 1301 1435 patet.
1310 1391 1352 1402 —
1365 1357 1467 1440 Lapa,

194 1463 226 1504 a.
243 1447 293 1506 tl.

234 1535 304 1595 573.
319 1565 359 1576 -
372 1533 474 1606 Qum.
491 1535 523 1594 ιθ
540 1528 635 1612 Cujus
648 1530 688 1590 sit
701 1529 772 1612 sera
786 1529 874 1605 taso,
892 1529 941 1590 cel
953 1529 1057 1611 leqaeo
1072 1529 1188 1613 capta?

234 1620 324 1703 Resp.
345 1620 383 1681 ad
404 1624 469 1682 lm.
490 1621 546 1680 Est
567 1618 772 1692 vulnerantis,
794 1619 820 1680 si
843 1617 955 1681 leserit
978 1617 1062 1680 illam
1083 1627 1238 1699 quantum
1264 1623 1340 1686 satis
1364 1629 1409 1686 est
1429 1625 1472 1687 ad

194 1709 293 1790 ipsam
316 1707 515 1788 capiendam,
531 1712 562 1770 et
586 1706 627 1770 sit
645 1707 802 1770 moraliter
826 1711 927 1769 certus
948 1707 1088 1769 eamdem
1109 1725 1141 1770 se
1160 1707 1245 1772 facile
1267 1712 1471 1792 apprehensu-

194 1815 283 1872 rum;
305 1796 348 1858 sio
367 1795 451 1859 enim
469 1813 537 1858 eam
552 1796 709 1859 moraliter
725 1799 792 1878 jam
812 1795 1022 1876 apprehendit.
1035 1829 1076 1840 -
1097 1797 1134 1859 S.
1151 1796 1236 1880 Lep,
1253 1798 1343 1862 Hom.
1357 1809 1465 1884 apost„

194 1905 226 1947 a.
243 1891 293 1949 ιι.
307 1921 347 1931 -
362 1883 461 1966 Lupo.

233 1974 323 2056 Resp.
341 1974 381 2036 ad
393 1977 459 2036 2¹¹³.
481 1975 537 2036 Est
560 1975 626 2056 ejus
647 1973 701 2053 qui
720 1974 865 2054 laqueum
881 1971 999 2053 posuit,
1021 1971 1047 2034 si
1067 1972 1112 2034 ita
1130 1973 1238 2054 laqueo
1257 1983 1342 2058 capta
1358 1977 1411 2052 sit,
1427 1981 1469 2038 ιιι

195 2082 258 2126 non
279 2062 320 2126 sit
334 2080 480 2139 evasura3
500 2061 595 2138 ratio,
611 2061 685 2142 quia
697 2080 751 2142 per
767 2061 871 2142 ipsum
889 2061 1134 2124 instrumentum
1151 2062 1226 2127 satis
1244 2071 1412 2146 occupatur.
1424 2100 1471 2111 —

197 2151 234 2214 S.
250 2152 320 2232 Lip.
337 2171 368 2211 a.
384 2155 454 2215 604.

235 2241 336 2315 Quas.
353 2242 386 2302 5⁰
400 2239 452 2300 Aa
466 2240 532 2322 quis
547 2237 682 2301 occidere
692 2242 787 2321 possit
802 2237 953 2301 columbos
967 2239 1081 2301 alienas
1094 2259 1169 2320 apro
1180 2259 1233 2302 sno
1246 2241 1402 2305 nocentes?

235 2328 325 2410 Resp.
342 2332 375 2389 l⁰
388 2325 466 2410 Nep.
485 2327 589 2391 sinon
605 2327 739 2390 inierant
753 2328 903 2391 damnum
921 2345 1026 2408 mave,
1044 2328 1092 2390 vel
1107 2327 1134 2390 si
1145 2327 1230 2392 facile
1243 2330 1325 2410 abigi
1338 2331 1471 2412 possint.

195 2453 236 2464 --
249 2416 302 2479 Ito
316 2417 520 2480 communiter.

236 2506 326 2589 Resp.
340 2509 374 2568 ιο
387 2507 412 2568 A
416 2506 513 2587 ffimn.
524 2508 616 2588 juxta
630 2522 827 2569 communem
838 2503 1037 2581 sententiam,
1053 2505 1079 2568 si
1092 2507 1223 2588 praviter
1236 2513 1378 2582 nossent,
1393 2507 1474 2588 quia

197 2595 241 2658 ias
255 2600 302 2657 est
315 2594 484 2676 unicuique
495 2612 561 2658 rem
574 2593 728 2676 propriam
745 2612 880 2670 servare,
895 2592 1019 2656 etiamsi
1036 2595 1144 2658 exinde
1158 2593 1245 2657 alleri
1258 2601 1406 2676 sequatur
1422 2599 1474 2656 in-

196 2684 310 2746 directe
330 2685 480 2746 damnum
497 2683 611 2765 equale
629 2681 675 2744 illi
692 2685 774 2764 quod
794 2684 861 2745 vult
880 2681 989 2745 directe
1007 2702 1025 2747 a
1045 2682 1143 2764 seipso
1156 2688 1296 2746 avertere.
1313 2683 1475 2748 Columbae

197 2776 302 2836 autem
319 2791 383 2835 non
402 2777 635 2853 presumuntur
654 2772 789 2852 graviter
808 2789 927 2845 nocere,
946 2771 1009 2834 nisi
1029 2776 1164 2852 tempore
1183 2771 1290 2834 messis
1306 2778 1363 2834 aut
1381 2773 1474 2835 semi-

198 2879 287 2923 num.
304 2897 343 2906 -
356 2859 454 2944 Lupo.
468 2897 509 2908 —
520 2859 671 2922 Billuart.
687 2897 726 2906 -
740 2859 844 2923 Elbel.

239 2951 339 3024 Quas.
356 2953 389 3012 6⁰
404 2950 443 3013 Si
460 2971 526 3033 ques
544 2949 687 3012 extrahat
703 2949 826 3011 alterius
845 2967 928 3011 ouem
947 2968 986 3012 ea
1004 2968 1054 3010 ore
1074 2949 1154 3034 lupi,
1174 2958 1315 3033 potestne
1334 2969 1398 3012 eam
1417 2949 1475 3011 sili

195 3041 360 3121 propriam
375 3038 501 3118 facere?
1347 3103 1349 3106 .

239 3126 330 3208 Resp.
347 3125 440 3209 Nep„
455 3128 529 3209 quia
547 3128 613 3192 ovis
628 3127 722 3191 etiem
735 3126 771 3188 in
785 3143 835 3190 ore
849 3126 913 3207 lupi
928 3127 1037 3190 camut
1052 3126 1093 3189 ad
1112 3127 1282 3196 dominam,
1301 3126 1401 3208 pergit
1420 3124 1473 3187 sci-

198 3215 270 3278 lieet
286 3233 350 3278 esse
369 3214 404 3276 in
418 3217 555 3298 ejusdem
574 3215 726 3292 dominio,
744 3215 802 3277 etsi
817 3221 897 3277 certo
912 3216 1096 3291 amittenda,
1114 3215 1176 3278 nisi
1196 3215 1235 3278 ab
1254 3215 1313 3278 alio
1328 3215 1472 3277 salvetur.

200 3305 284 3366 Idem
308 3303 472 3367 dicendum
493 3311 541 3368 est
559 3306 596 3367 de
614 3324 648 3368 eo
667 3304 721 3386 qui
742 3321 808 3365 rem
825 3305 994 3383 qumnlihet
1012 3304 1151 3368 extrahat
1169 3323 1207 3366 en
1227 3304 1353 3366 incensa
1368 3304 1473 3376 domo,

201 3392 322 3456 etiamsi
347 3392 392 3455 ibi
418 3399 498 3457 certo
525 3398 603 3458 esset
628 3393 776 3475 peritura.
808 3393 954 3455 Attamen
982 3393 1009 3456 si
1039 3395 1190 3456 damnum
1216 3391 1340 3474 aliquod
1370 3409 1475 3471 passus

202 3479 324 3558 luisset,
343 3481 440 3564 hujus
459 3482 736 3564 compensationem
756 3480 874 3560 exigere
893 3489 1010 3562 posset,
1031 3481 1093 3545 nisi
1111 3481 1263 3544 damnum
1282 3481 1417 3543 valorem
1433 3477 1475 3541 rei

203 3577 336 3650 superet.

325 3699 536 3764 Resolves.

243 3831 313 3891 574.
328 3863 369 3873 -
383 3834 416 3891 1⁰
430 3831 568 3892 Examen
581 3845 689 3908 apum,
706 3826 787 3909 quod
800 3845 839 3889 ex
858 3825 942 3890 alveo
957 3832 1011 3889 tno
1032 3825 1211 3901 evolaverit,
1225 3843 1260 3888 eo
1273 3841 1373 3905 usqne
1386 3828 1477 3886 tuum

203 3920 265 3990 est,
280 3917 430 3996 quamdiu
442 3915 477 3979 ιιι
492 3920 650 3996 conspeetu
665 3921 718 3978 tuo
731 3922 885 3990 remanet,
902 3933 958 3978 nec
972 3913 1102 3978 difficilis
1114 3914 1173 3977 libi
1187 3914 1286 3978 evasit
1300 3911 1399 3994 ipsius
1412 3929 1476 3992 pro

203 4004 329 4066 secutio.
346 4005 443 4068 Aliter
457 4005 493 4067 fit
510 4003 604 4086 primi
621 4002 807 4084 occupantis.
824 4007 870 4065 Ex
887 4005 962 4066 lure
980 4003 1091 4068 Gallico
1107 4002 1241 4084 pertinet
1259 4003 1297 4065 ad
1316 3999 1476 4064 dominum

202 4091 294 4154 ιιιιιᾱι
308 4091 417 4174 inquo
431 4093 581 4157 constitit.

243 4183 276 4242 ιο
296 4180 450 4245 Columba
471 4180 622 4262 fugientes
644 4179 765 4262 proprio
785 4186 889 4255 motu,
913 4178 990 4259 quin
1010 4178 1117 4243 frande
1140 4184 1277 4245 attracta
1298 4177 1378 4253 sint,
1399 4175 1477 4239 fiunt

203 4271 284 4349 ejus,
300 4267 334 4330 in
351 4273 438 4352 enjus
457 4268 643 4334 columbario
665 4269 768 4332 sedern
787 4267 897 4348 figunt.
914 4269 1005 4330 tecm
1024 4268 1050 4332 si
1064 4268 1185 4345 fraude,
1206 4287 1237 4332 v.
1253 4286 1312 4348 gr,
1329 4265 1398 4328 cibo
1413 4279 1476 4326 om-

203 4354 279 4418 nino
295 4359 548 4436 extraordinario,
565 4377 619 4424 seu
638 4358 726 4422 valde
739 4356 893 4438 exquisito
912 4361 1049 4420 attracta
1066 4357 1192 4422 luerint.
1206 4393 1248 4404 —
1262 4357 1362 4437 Lupo,
1379 4353 1411 4414 d.
1427 4368 1475 4425 ιι,

203 4463 235 4507 a.
254 4448 309 4520 ιι,
326 4451 382 4508 ete.
