3168 5002
453 171 743 254 nnorosrmpjrru
768 191 1020 236 nauusrnuuu
1324 178 1369 238 73

99 300 207 362 tultum
226 315 310 373 quem
334 299 422 358 alicui
440 301 590 376 speciatim
609 301 728 374 imagini
743 300 837 359 solent
851 301 951 359 fideles
972 301 1152 376 impendere,
1171 304 1201 358 et
1220 303 1256 359 ad
1276 302 1369 375 ipsam

99 382 292 456 potiusquam
306 381 342 436 ad
358 381 445 437 aliam
460 381 630 452 confugere:

132 461 313 530 Temeraria,
329 461 504 534 perniciosa,
518 461 567 535 pio
578 478 629 535 per
637 461 796 519 Ecclesiam
811 461 990 534 frequentato
1002 462 1086 532 mori,
1097 462 1159 518 tum
1174 461 1203 518 et
1215 461 1259 518 illi
1273 463 1371 520 Provi-

166 541 273 598 uentre
288 541 382 597 ordini
403 541 561 613 injuriosa,
579 557 635 614 quo
648 541 693 598 ito
708 541 786 598 Deus
803 557 858 598 nec
871 541 908 596 in
920 541 1065 598 munibus
1077 541 1235 598 memmiis
1247 541 1370 600 Sancto-

15 687 16 696 ,
164 637 239 676 rum
252 621 310 678 sata
323 620 392 693 fieri
405 619 515 690 uoluit,
530 621 585 694 qui
604 621 714 678 dividit
724 621 855 695 propria
868 621 1035 696 unicuique
1049 628 1141 696 procat
1153 621 1227 678 uult.

16 719 17 726 ¹
131 704 171 758 Ex
188 701 217 760 S.
234 701 357 772 August.
373 701 457 774 epist.
477 717 598 772 nuxs'ur,
613 701 707 772 clero,
726 702 904 772 senioribus,
927 705 956 758 et
974 703 1117 759 universae
1135 701 1213 776 plebi
1233 701 1371 760 Ecclesiae

100 781 301 856 Hipponensis.

136 895 178 952 71.
190 897 276 962 Item,
291 909 355 966 quae
369 895 446 950 uetat
458 893 648 968 nelimagines
659 895 819 968 praesertim
833 894 922 952 baete
932 894 1063 967 Virginis
1076 893 1147 951 ullis
1162 894 1256 952 titulis
1271 894 1372 952 distin·

102 977 233 1046 guamm,
247 975 436 1047 preterquam
456 971 737 1030 denominationibus
757 989 820 1046 quae
838 974 897 1031 sint
911 971 1039 1045 analogae
1052 973 1205 1046 mysteriis
1217 973 1252 1031 dc
1265 975 1370 1046 quibus

15 1107 17 1112 .
103 1055 131 1110 in
145 1069 226 1112 sacra
241 1053 390 1128 Scriptura
404 1069 538 1128 expressa
549 1051 582 1110 ut
593 1053 713 1122 mentio;

15 1153 16 1198 1
134 1135 223 1204 Quasi
236 1149 289 1191 nec
304 1133 431 1190 adscribi
444 1137 561 1207 possent
573 1133 747 1205 imaginibus
766 1133 819 1207 piae
837 1131 902 1190 alias
917 1132 1179 1203 denominationes,
1195 1150 1267 1207 quas
1283 1133 1328 1191 vel
1339 1134 1370 1190 in

101 1213 232 1290 ipsismet
247 1211 373 1288 publicis
386 1215 519 1288 precibus
530 1213 660 1272 Ecclesia
674 1213 774 1288 probat
788 1217 817 1270 et
831 1213 1030 1270 commendat:

104 1291 110 1298 “
133 1295 448 1447 ΤοέἷῖῗὲἰῖἧΙΞὲῗὲξδω
468 1293 582 1351 aurium
593 1295 739 1366 :offensiua
747 1294 962 1368 ‚Evenerationit
969 1295 1059 1351 beatae
1068 1293 1239 1368 lpraesertim
1257 1294 1369 1365 Virgini

137 1488 179 1544 72.
194 1491 289 1580 flem!
310 1503 375 1560 quae
391 1486 470 1545 uelut
488 1487 610 1544 abusum
622 1488 758 1562 extirpari
771 1487 833 1544 vult
851 1503 975 1556 morem,
993 1501 1049 1560 quo
1065 1486 1167 1546 relatae
1184 1489 1371 1546 asservantur

15 1701 17 1710 .
104 1569 506 1784 cerltffniffifalgilgsslreouentnto
521 1648 552 1705 in
561 1645 690 1704 Ecclesia
700 1648 729 1703 et
743 1646 778 1704 ad
789 1645 929 1704 Fidelium
945 1647 1080 1721 pietatem
1091 1646 1239 1703 fovendam
1255 1646 1371 1703 inducto

15 1743 16 1764 ¹
169 1743 242 1786 mori
256 1743 310 1785 con
324 1741 410 1784 rarra.

668 1863 704 1905 bs
722 1863 814 1906 iussis

205 1973 310 2035 Lateo.
324 1976 493 2034 memorial.
507 1991 564 2051 pro
577 1975 644 2048 sest.
659 1975 784 2050 reform.
806 1974 865 2050 53.

135 2065 180 2121 73.
194 2065 355 2140 Propositio
365 2065 519 2122 enuntians
534 2081 672 2122 nouorum
686 2065 823 2121 festorum
836 2063 1048 2120 institutionem
1066 2078 1101 2118 ex
1116 2061 1248 2133 neglectu
1263 2061 1301 2118 {in
1321 2078 1372 2117 re-

103 2145 210 2202 teribus
224 2143 421 2214 observandis,
434 2148 463 2202 et
472 2161 508 2202 ex
519 2144 603 2202 salsis
618 2144 783 2202 notionibus
796 2146 906 2202 natura
920 2143 948 2201 et
962 2143 1029 2199 finis
1044 2142 1209 2199 earumdem
1229 2140 1369 2199 solemni-

104 2225 193 2282 tatum
208 2225 347 2297 originem
361 2223 498 2285 duxisset

138 2305 239 2372 Falsa,
251 2307 410 2374 temeraria,
429 2304 608 2375 scandaloso,
621 2301 758 2362 Ecclesiae
767 2304 919 2376 injuriosa,
933 2303 1033 2361 favens
1048 2303 1247 2360 hereticorum
1264 2302 1294 2359 in
1309 2301 1371 2360 dies

176 2385 266 2442 festos
280 2402 327 2459 per
337 2385 497 2444 Ecclesiam
509 2385 666 2443 celebratos
681 2386 830 2442 conviciis.

135 2585 180 2641 ll.
197 2583 371 2644 Deliberatio
383 2586 491 2659 Synodi
506 2585 542 2643 de
551 2584 759 2643 transterendis
774 2586 805 2642 in
817 2585 894 2642 diem
909 2584 1086 2641 dominicum
1101 2583 1183 2641 lestis
1198 2598 1249 2658 per
1264 2597 1372 2638 annum

105 2665 261 2736 institutis,
277 2665 364 2739 idque
385 2681 435 2741 pro
449 2667 516 2740 jure
536 2665 611 2739 quod
633 2681 802 2740 persuasum
819 2665 875 2722 sibi
896 2681 961 2722 esse
980 2665 1038 2734 ait,
1053 2665 1193 2738 Episcopo
1212 2664 1374 2736 competere

103 2759 187 2820 snper
199 2745 387 2820 disciplinam
399 2745 626 2804 ecclesiasticam
637 2747 667 2801 in
682 2746 781 2802 ordine
795 2745 830 2802 ad
848 2760 893 2801 res
908 2757 986 2800 mere
1002 2742 1183 2818 spiritualem
1204 2742 1327 2815 ideoque
1345 2743 1374 2798 et

103 2828 275 2900 praeceptum
296 2827 392 2883 llissae
407 2825 557 2883 audienda
578 2825 736 2898 abrogandi
759 2825 861 2881 diebus
879 2825 910 2880 in
928 2825 1033 2896 quibus
1047 2841 1082 2880 ex
1101 2823 1224 2897 pristina
1239 2821 1374 2880 Ecclesiae

103 2903 165 2976 lege
175 2905 255 2978 riget
266 2905 425 2964 etiamnum
435 2907 465 2963 id
477 2907 668 2981 praeeeptum;
685 2906 844 2962 tumeliam
864 2904 894 2960 in
909 2919 942 2960 eo
955 2903 1030 2976 quod
1052 2903 1219 2978 superaddit
1236 2901 1272 2958 de
1282 2904 1374 2960 trans-

104 2984 227 3043 ferendis
244 2989 274 3044 in
290 2987 452 3044 aduentum
471 2985 628 3062 episcopali
649 2985 821 3043 auctoritate
840 2983 962 3059 iejuniis
987 2999 1037 3057 per
1057 2999 1164 3041 annum
1184 2999 1219 3040 eu
1235 2981 1373 3040 Ecclesiae

104 3067 243 3141 precepto
257 3065 428 3124 servandis:

137 3147 286 3214 Quatenus
298 3147 438 3215 adstruit,
452 3148 592 3222 Episcopo
607 3148 651 3203 las
664 3147 799 3219 essejure
812 3145 926 3221 proprio
937 3145 1093 3202 transferre
1112 3145 1174 3201 dies
1192 3144 1228 3200 ab
1247 3141 1376 3200 Ecclesia

103 3227 284 3302 prescriptos
304 3243 355 3302 pro
376 3227 459 3284 lestis
475 3228 633 3301 J'ejuniisve
653 3225 853 3296 celebrandis,
871 3227 921 3282 aut
942 3225 1091 3283 inductum
1112 3224 1210 3281 llissae
1226 3221 1375 3280 audiendae

104 3309 276 3382 preceptum
289 3309 426 3380 abrogare
440 3327 448 3364 :

136 3387 297 3462 Propositio
312 3386 402 3458 lalsa,
414 3389 490 3462 juris
503 3386 695 3445 conciliorum
710 3386 888 3458 generalium
907 3387 937 3442 et
955 3401 1131 3442 summorum
1145 3381 1313 3440 Pontificum
1328 3379 1376 3436 le·

172 3469 251 3538 sira,
266 3467 452 3538 scandaloso,
464 3468 614 3526 schismati
632 3467 742 3524 larena.

629 3633 663 3676 ns
681 3633 852 3676 sustulistis

211 3730 318 3806 Lieeuj
328 3749 497 3808 memorant.
507 3767 565 3824 pro
575 3749 693 3824 juram.
709 3747 835 3821 reform.
852 3745 870 3820 5
886 3745 913 3802 5.

139 3834 184 3892 75.
199 3837 349 3907 Doctrina,
359 3853 423 3910 quae
438 3837 691 3912 perhibet,beatis
708 3835 884 3910 temporibus
900 3832 1046 3891 nascentis
1060 3830 1196 3889 Ecclesia
1212 3827 1375 3899 juramenta

105 3913 240 3974 risaesse
252 3934 269 3973 a
279 3917 459 3975 documentis
474 3918 566 3977 diuini
580 3917 765 3993 praeceptoris
775 3915 861 3988 atque
870 3914 906 3972 ab
920 3909 1179 3983 aurealevangelioa
1190 3905 1376 3979 simplicitate

15 4005 16 4008 ’
105 3994 175 4051 adeo
196 3994 308 4068 aliena,
328 3999 360 4054 ut
378 3997 542 4072 ipsummet
554 3999 666 4072 jurare
689 3995 755 4054 siae
776 4000 913 4052 extrema
936 3997 963 4050 et
988 3987 1180 4048 ineluctabili
1201 3987 1375 4045 necessitate

104 4080 261 4148 reputatus
280 4077 389 4151 fuisset
409 4083 494 4135 octus
516 4077 719 4152 irreligiosas,
739 4076 864 4133 bomine
886 4074 1052 4131 christiano
1073 4067 1240 4141 indignum·
1256 4071 1375 4142 insuper

102 4155 316 4214 messmam
337 4160 470 4218 Palmam
492 4158 604 4216 seriem
617 4158 822 4216 demonstrare
831 4155 1012 4230 jarmneoto
1036 4147 1194 4208 communi
1210 4165 1302 4206 seusu
1318 4165 1374 4221 pro

102 4233 203 4292 uetitis
225 4237 330 4294 babitu
356 4237 471 4311 saissa·
496 4237 621 4311 indeque
642 4237 822 4312 progreditur
843 4237 878 4292 ad
907 4229 1093 4308 improbanda
1108 4229 1289 4301 juramenta,
1312 4245 1376 4301 quae

15 4353 16 4358 η
103 4312 188 4372 Curia
199 4316 406 4388 ecclesiastiea,
416 4318 654 4392 jurisprudentiae
669 4315 793 4374 feudalis
804 4313 850 4390 (ut
869 4313 923 4386 aitl
936 4327 1064 4368 normam
1083 4311 1193 4380 secuta,
1208 4309 1239 4366 in
1257 4309 1377 4366 investi·

15 4411 16 4464 ἕ
104 4395 179 4452 turis
189 4397 219 4452 et
232 4397 264 4454 in
276 4398 368 4456 samis
380 4399 455 4474 ipsis
468 4399 673 4473 Episcoporum
687 4395 920 4454 ordinationibus
932 4391 1094 4465 adoptarit3
1110 4391 1289 4461 statuitque,
1305 4389 1375 4444 adeo

15 4481 16 4488 ’
105 4473 313 4550 implorandam
336 4495 353 4535 a
381 4479 512 4537 saeculari
537 4480 677 4553 potestate
698 4477 792 4550 legem
818 4491 868 4551 pro
892 4470 1041 4530 abolendis
1060 4471 1232 4545 juramentis
1260 4485 1323 4542 quae
1345 4468 1375 4523 in
