3156 5026
183 222 252 282 111
434 207 438 214 ’
720 233 928 280 cancarrus

305 394 503 472 Quaesita.

221 529 291 590 633.
310 558 350 572 -
368 527 468 600 Quae.
486 529 518 588 10
535 523 586 585 An
604 520 716 603 famati
725 520 902 603 judicantes
918 522 1065 584 salariam
1084 541 1141 586 esse
1156 525 1241 605 infra
1260 547 1385 609 operam
1399 547 1418 590 a
1433 549 1461 592 sa

182 615 364 698 praestitam,
381 617 429 675 ati
440 615 557 694 possint
571 610 687 673 occulta
700 612 956 692 compensatione?

222 703 311 785 desp.
327 701 406 785 Nep.
428 701 544 788 Saltem
564 698 735 780 generatim
753 699 919 780 loquendo,
936 719 1008 763 cum
1023 701 1177 766 sententia
1198 705 1367 768 communi.
1383 709 1460 770 Con-

183 799 264 856 stat:
282 797 314 856 10
333 809 372 854 cx
386 790 535 872 proposit.
556 793 608 854 37·
632 787 670 850 ab
689 787 865 851 Innocentio
886 790 927 852 x1
948 790 1117 854 damnata:
1136 791 1266 854 Famula·
1285 802 1315 856 et
1333 794 1459 874 [amala

182 880 347 942 domestica
365 887 492 962 possunt
513 876 624 940 occulte
647 875 727 938 tera
747 877 808 937 sais
831 877 981 959 campere
1008 877 1050 940 ad
1072 881 1318 962 compensandam
1338 901 1457 966 operam

179 989 278 1045 mam,
293 988 383 1052 qoam
402 967 548 1050 mojorem
555 965 701 1048 judicant
720 965 829 1028 salarao
846 966 928 1048 quod
939 967 1098 1049 recipiant.
1114 971 1148 1031 2⁰
1161 969 1218 1033 Ec
1237 972 1365 1034 catione.
1381 977 1458 1036 b'am

180 1064 306 1138 agerent
325 1063 431 1120 contra
448 1063 588 1138 pactum,
610 1071 682 1118 cum
698 1053 733 1116 in
755 1053 890 1135 pretium
908 1053 1016 1118 minus
1037 1059 1262 1134 consenserint,
1283 1066 1316 1122 et
1333 1061 1457 1125 aliunde

179 1146 259 1210 nihil
276 1145 352 1228 ipsis
373 1145 530 1220 debeatur,
553 1143 615 1208 nisi
630 1143 765 1224 pretium
780 1143 816 1206 de
836 1162 897 1226 quc
916 1151 1104 1209 conventum
1123 1154 1180 1210 est.
1199 1152 1364 1224 Praeterea,
1383 1151 1408 1212 si
1425 1151 1457 1214 id

181 1235 299 1308 liceret,
314 1233 365 1298 via
380 1233 554 1296 innumeris
566 1231 659 1295 iustis
671 1231 875 1313 panderetur:
893 1231 1003 1296 iarnuli
1019 1233 1104 1296 enim
1120 1234 1179 1298 sibi
1194 1235 1280 1299 facile
1294 1240 1456 1318 persuade-

180 1331 250 1386 rent
264 1322 417 1404 stipendia
431 1341 495 1385 esse
502 1325 588 1403 justo
602 1321 739 1396 minora;
756 1319 800 1382 sic
813 1321 898 1383 nulla
912 1321 1059 1384 securitas
1075 1323 1209 1388 dominis
1221 1335 1402 1408 superesset.
1417 1365 1456 1373 -

180 1415 264 1475 Idem
283 1412 379 1474 etiam
393 1410 575 1486 dicendum,
594 1429 632 1472 ex
650 1408 779 1490 paritate
800 1409 943 1486 rationis,
965 1411 1001 1473 de
1018 1409 1162 1474 omnibus
1179 1414 1341 1493 operariiS,
1360 1417 1457 1479 artifi-

180 1501 267 1563 cibus
281 1507 312 1563 et
326 1499 562 1573 mercatoribus,
579 1497 634 1579 qni
655 1499 694 1560 ad
708 1497 989 1578 compensationem
1006 1518 1159 1564 recurrere
1179 1503 1290 1564 vellent
1306 1509 1458 1584 pretextu

179 1590 297 1653 vilioris
310 1588 403 1670 pretii
418 1608 478 1671 quo
493 1607 598 1669 operas
613 1606 684 1650 suas
698 1585 881 1662 locaverint,
895 1588 943 1650 vel
958 1606 1072 1652 merces
1087 1608 1158 1652 sues
1172 1591 1382 1656 vendiderint.

219 1678 289 1740 utri
313 1677 429 1740 Saltem
449 1679 616 1759 pancratim
636 1675 801 1758 loquendo,·
824 1675 898 1754 quia
920 1676 1076 1757 excipiunt
1098 1697 1159 1740 non
1175 1681 1285 1761 ponci,
1312 1687 1345 1744 1⁰
1363 1683 1395 1746 Si
1413 1682 1457 1744 fa-
1569 1735 1570 1756 ,

179 1770 284 1830 mulus
299 1766 331 1830 vi
345 1770 400 1829 aut
412 1773 499 1828 metu
513 1765 711 1846 compellatur
725 1765 764 1827 ad
775 1764 1030 1828 consentiendum
1046 1765 1081 1828 in
1092 1767 1227 1847 pretium
1241 1769 1402 1850 inaquale
1416 1806 1459 1820 -
1569 1765 1570 1846 ζ

183 1861 216 1920 2⁰
236 1856 267 1918 Si
291 1855 469 1920 necessitate
490 1855 665 1935 compulsus
688 1853 723 1915 in
745 1853 822 1916 illud
845 1855 1046 1930 consenserit,
1069 1857 1160 1918 modo
1182 1863 1289 1920 tamen
1311 1859 1455 1923 dominus

180 1946 255 2008 alios
274 1945 406 2008 famulos
425 1945 531 2006 eodem
549 1943 605 2006 vili
620 1942 733 2023 pretio,
750 1944 817 2022 jam
832 1944 931 2023 juste,
950 1961 1013 2005 non
1031 1943 1216 2020 invenisset,
1237 1946 1286 2009 vel
1304 1947 1385 2010 hunc
1404 1967 1454 2010 ro

181 2037 305 2115 gentem
319 2052 358 2096 ex
373 2032 580 2096 misericordia
594 2049 657 2095 nen
677 2031 837 2112 exceperit.
853 2066 894 2078 -
913 2036 944 2096 30
958 2031 991 2093 Si
1005 2032 1125 2096 invitus
1144 2034 1287 2114 operibus
1309 2036 1453 2100 indebitis

181 2130 334 2204 gravetur.
348 2157 388 2168 -—
405 2121 441 2184 S.
457 2123 527 2208 Lip.
543 2142 575 2184 n.
591 2125 661 2185 522.

218 2215 318 2286 Quae.
336 2215 368 2274 2⁰
382 2213 434 2273 Aa
448 2211 553 2273 saltem
567 2209 710 2292 (amatae,
721 2229 834 2291 capena
846 2229 950 2292 operas
960 2210 1085 2290 debitas,
1098 2230 1128 2273 se
1142 2231 1334 2296 compensare
1343 2215 1455 2296 possit?

218 2301 307 2381 Reop.
325 2305 358 2362 10
372 2299 464 2381 Nep,
486 2298 513 2362 si
531 2299 574 2361 ita
588 2305 658 2379 agat
676 2298 820 2362 electione
840 2299 977 2379 propria,
995 2299 1069 2380 quia
1087 2305 1165 2364 tunc
1178 2305 1318 2365 censetur
1332 2321 1456 2384 operam

177 2406 269 2450 suam
284 2387 454 2451 condonare
468 2388 507 2450 ad
522 2387 582 2449 sibi
596 2387 816 2450 conciliandam
830 2387 949 2450 domini
964 2389 1106 2469 gratiam.

216 2476 307 2558 Besp.
327 2481 359 2538 30
380 2476 523 2558 Aspim,
548 2475 573 2538 si
595 2493 700 2556 operas
716 2482 826 2554 augeat
845 2495 883 2538 ex
901 2477 1059 2540 voluntate
1077 2477 1194 2541 domini
1211 2477 1273 2540 sive
1291 2498 1451 2558 expressa,

177 2565 242 2630 sive
261 2564 369 2640 tacita,
390 2565 464 2646 quia
480 2574 554 2629 tunc
575 2564 731 2646 operarius
747 2565 860 2644 dignus
881 2567 1017 2628 mercede
1036 2585 1093 2629 sua
1110 2568 1145 2629 de
1157 2570 1225 2648 jure
1240 2575 1393 2628 consetur.
1408 2603 1451 2614 -

177 2656 213 2718 S.
232 2655 303 2736 Lip.
322 2675 353 2718 a.
374 2658 444 2717 533.
459 2690 500 2700 -
521 2656 669 2728 Quanam
687 2659 793 2715 autem
812 2654 1017 2732 compensatio
1035 2658 1121 2736 justa
1140 2655 1194 2728 sit,
1211 2653 1324 2734 judicio
1349 2655 1452 2718 etiam

177 2743 285 2806 famrrli
297 2743 430 2824 relinqui
438 2743 620 2823 quandoque
634 2747 742 2822 potest,
750 2741 777 2803 si
788 2741 950 2804 timoratus
958 2742 1009 2818 sit,
1018 2762 1051 2806 ac
1062 2745 1237 2824 prudens,et
1244 2743 1359 2824 proprii
1367 2763 1456 2807 amo-

174 2833 218 2895 ris
236 2833 405 2913 periculum
417 2831 514 2907 absit;
529 2833 610 2912 quod
621 2837 726 2892 tamen
737 2831 904 2894 admodum
915 2849 983 2894 raro
996 2831 1126 2895 eveniet.
1139 2869 1179 2878 --
1189 2831 1226 2895 S.
1239 2832 1312 2915 Lip.
1330 2853 1363 2894 n.
1379 2838 1453 2897 524.

215 2926 285 2984 cat.
299 2955 340 2966 -
354 2922 455 2994 Quian.
475 2925 506 2984 30
522 2921 571 2980 Αη
588 2921 635 2980 ati
655 2920 754 3002 possit
774 2919 889 2980 occulta
909 2922 1162 3002 compensatione,
1179 2923 1233 3004 qui
1254 2922 1455 2986 damnatura
1568 2987 1569 3006 ἱ

165 3010 273 3092 jndice
291 3009 334 3071 ad
353 3008 525 3072 solvendam
547 3009 681 3071 debitam
698 3007 779 3091 qnod
795 3018 876 3070 certo
894 3028 953 3070 nan
973 3015 1142 3086 contraxit,
1158 3012 1208 3073 cal
1223 3015 1273 3073 cni
1289 3021 1370 3074 certo
1384 3012 1452 3094 jam
1568 3045 1569 3094 i

174 3098 344 3179 satisfecit?

214 3189 307 3268 Ilesp.
330 3187 466 3268 affirm,
493 3187 567 3269 quia
591 3187 744 3250 sententia
759 3187 873 3268 judicis
899 3193 945 3250 est
967 3187 1096 3269 injusta,
1120 3194 1227 3268 utpote
1250 3189 1359 3251 innixa
1379 3189 1452 3251 falsa

175 3276 413 3358 presumptione
432 3275 519 3350 iacti,
537 3294 572 3337 ac
587 3275 714 3356 proinde
731 3276 765 3337 in
785 3277 970 3340 conscientia
989 3277 1121 3357 obligare
1136 3277 1255 3357 nequit.
1272 3277 1356 3340 Licet
1370 3277 1451 3340 enim

176 3369 321 3429 standum
334 3383 453 3446 semper
465 3365 508 3426 sit
521 3364 680 3426 sententia
691 3364 805 3445 judicis
817 3365 851 3427 in
865 3367 1098 3448 moteriajaris,
1116 3365 1178 3428 nisi
1191 3365 1227 3428 dc
1240 3365 1304 3445 lege
1316 3385 1370 3429 seu
1384 3385 1450 3429 sen—

176 3455 273 3517 tentia
293 3455 450 3520 evidenter
471 3453 589 3535 injusta
612 3460 737 3532 agatur3
754 3472 839 3516 secus
860 3459 980 3530 mmerr,
1001 3455 1114 3516 secluso
1137 3454 1291 3529 scandalo,
1314 3454 1341 3516 si
1357 3457 1451 3536 judex

175 3551 255 3606 certo
274 3551 353 3607 erret
367 3544 446 3606 circa
462 3541 593 3617 iactum,
611 3542 691 3622 (prod
708 3561 746 3604 ex
764 3560 864 3605 errore
883 3561 992 3605 verum
1009 3550 1112 3622 putat;
1129 3542 1253 3604 aliunde
1271 3561 1341 3604 voro
1357 3545 1449 3624 judex

174 3633 343 3695 nonhabet
360 3632 537 3696 facultatem
551 3629 725 3692 dominium
743 3631 965 3707 transferendi;
982 3650 1080 3712 neque
1094 3630 1148 3712 qui
1166 3631 1353 3693 sententiam
1371 3631 1450 3696 favo-

175 3720 303 3782 rabilem
323 3721 478 3794 obtinuit,
495 3719 590 3781 etiam
609 3720 725 3781 detecto
743 3737 858 3793 errore,
877 3739 943 3782 rem
963 3721 1022 3783 sibi
1040 3720 1247 3800 adjudicatam
1264 3737 1384 3783 servare
1400 3741 1450 3802 po-

175 3815 245 3870 test.
259 3810 362 3872 -Ita
377 3812 585 3871 communiter.
597 3841 638 3854 -
651 3807 793 3882 Monttct,
810 3817 832 3869 t.
846 3810 873 3883 1,
888 3829 923 3890 p.
938 3814 1008 3873 191.

215 3903 284 3962 60211.
294 3936 333 3945 -
343 3901 444 3974 Quae.
457 3903 490 3960 10
502 3897 550 3958 An
565 3900 755 3980 praviterhet
770 3899 1038 3978 contrajmtitiam
1044 3908 1145 3982 peccet
1159 3899 1213 3980 qni
1225 3916 1255 3959 se
1270 3907 1448 3979 compensat,

173 3990 249 4069 quin
261 3989 349 4068 prins
364 3987 547 4069 adjudicem
562 3987 749 4048 recurrerit?

213 4077 301 4158 Itesp.
318 4082 350 4139 10
365 4097 373 4136 :
389 4082 456 4140 Non
480 4081 582 4157 peccat
599 4095 656 4156 per
675 4095 705 4135 se
726 4084 833 4137 contra
850 4076 1024 4158 justitiam,
1045 4079 1135 4140 modo
1156 4084 1280 4142 tantum
1305 4077 1447 4158 accipiat,

174 4171 328 4243 quantum
348 4164 407 4226 sibi
424 4166 567 4240 delectum
582 4183 637 4226 nec
651 4162 778 4244 proinde
796 4165 836 4226 ad
851 4165 1080 4228 restitutionem
1101 4174 1233 4230 tenatur.
1249 4168 1338 4231 Ratio
1351 4173 1447 4248 patet,

173 4253 247 4332 quia
262 4253 341 4316 iacta
355 4255 411 4316 hac
425 4253 685 4334 compensatione,
702 4253 881 4316 restituitur
894 4255 1052 4335 aequalitas
1067 4255 1148 4318 inter
1168 4256 1272 4338 ipsum
1287 4263 1318 4319 et
1335 4254 1450 4319 debito-

173 4359 249 4401 rom.
266 4343 351 4418 Dixi,
364 4363 419 4424 per
435 4361 483 4420 se,·
500 4342 574 4423 quia
592 4342 774 4423 quandoque
792 4342 878 4423 sequi
897 4349 997 4424 posset
1011 4344 1232 4407 detrimentum
1246 4363 1301 4426 pro
1317 4344 1451 4407 debitore

173 4447 212 4489 ex
224 4429 395 4507 privatione
409 4430 581 4511 cujuspiam
594 4430 637 4492 rei
649 4429 877 4507 determinata,
893 4451 922 4494 v.
937 4451 995 4513 gr,
1012 4431 1099 4515 equi,
1112 4433 1157 4496 rei
1170 4435 1326 4516 pretiosae,
1340 4439 1397 4496 etc.
1411 4465 1450 4478 —

173 4517 274 4598 Lupo,
292 4518 321 4578 d.
339 4537 405 4592 xvr,
423 4539 454 4578 a.
470 4523 525 4594 m,
542 4529 572 4579 ct
584 4519 651 4580 atii.
1285 4525 1292 4538 '
