3156 5026
725 264 935 338 mertuos

710 495 885 574 CAPUT
910 495 951 571 ll

482 695 533 746 DE
558 661 785 746 rummeins
810 693 925 745 touls
952 691 1173 744 SPEClEBUS

237 867 399 948 Praeeipuae
410 865 490 948 Juris
505 863 617 947 speeies
630 870 705 927 sunt
718 862 907 938 dominium,
924 881 1015 938 usus,
1033 862 1241 937 ususfructus,
1257 870 1288 926 et
1302 863 1447 927 seruitus.

685 1049 936 1113 ARTIGULUS
968 1049 982 1110 l

742 1205 781 1252 ou
800 1203 926 1250 oourruo

240 1373 309 1434 536.
333 1405 372 1414 —-
400 1371 568 1430 Deruurro.
593 1363 773 1428 Dominium
792 1368 840 1426 est
862 1362 990 1428 facultas
1017 1361 1155 1444 legitimo
1177 1363 1360 1446 disponendi
1381 1366 1418 1430 de
1441 1386 1474 1430 ro

199 1460 302 1540 alique
317 1465 465 1538 tanquam
480 1473 546 1518 suo.

240 1551 369 1611 lluusro.
390 1544 569 1609 Dominium
591 1541 742 1623 precipue
762 1541 915 1606 dividitur
934 1541 970 1604 in
995 1541 1165 1626 perfectum
1189 1549 1219 1607 et
1246 1544 1470 1626 inperfectum.

201 1643 291 1719 prout
305 1642 351 1699 est
361 1638 413 1717 jus
431 1631 612 1714 disponendi
631 1638 700 1695 tum
711 1632 748 1694 de
759 1649 793 1694 re
806 1631 874 1712 ipsa
885 1637 955 1694 tum
970 1631 1008 1694 de
1018 1633 1085 1712 ejus
1099 1631 1250 1709 utilitate,
1266 1639 1323 1695 aut
1335 1634 1373 1696 de
1384 1634 1473 1696 elter-

201 1732 272 1788 utro
284 1731 419 1788 tontum.

242 1812 455 1894 Imperfectum
477 1815 583 1874 autem
605 1807 816 1873 subdividitur
837 1809 872 1873 in
892 1809 1043 1872 directam
1059 1816 1091 1873 ot
1107 1808 1292 1874 indirectum
1310 1830 1365 1875 seu
1383 1809 1473 1884 utile,

202 1909 292 1984 prout
306 1901 429 1982 respioit
440 1899 537 1964 solem
550 1898 594 1962 rei
608 1898 841 1979 proprietatem,
858 1899 905 1962 vel
920 1899 1016 1962 solam
1028 1901 1094 1981 ejus
1105 1898 1288 1964 utilitatem.

243 1990 456 2056 Communiter
477 1987 676 2066 distinguunt
694 1986 790 2050 etiem
811 1987 989 2052 dominium
1004 1987 1099 2052 altem
1118 1994 1150 2052 et
1163 1988 1287 2052 turuile.
1302 1990 1386 2052 Prius
1397 1987 1473 2052 dioi-

205 2088 256 2144 tur
271 2082 322 2158 jus
340 2079 420 2160 quod
437 2077 531 2140 hebet
552 2094 695 2157 suprema
712 2075 880 2140 auotoritas
903 2076 1084 2157 disponendi
1106 2057 1288 2157 elimando,
1305 2097 1341 2142 ex
1359 2076 1473 2157 gravis-

204 2170 283 2232 simo
304 2185 409 2242 oouse,
432 2167 469 2229 de
492 2165 582 2229 bonis
603 2165 796 2246 privatorum
817 2165 852 2228 in
871 2165 989 2228 bouum
1010 2165 1259 2240 communitatis,
1279 2176 1318 2230 ut
1334 2165 1474 2246 superius

203 2275 235 2320 n.
251 2261 320 2332 ost,
338 2257 456 2319 dictum
474 2260 529 2318 est.
548 2252 702 2318 Posterius
717 2260 764 2318 est
782 2253 956 2317 dominium
973 2255 1186 2335 privatorum,
1206 2255 1257 2318 eui
1272 2255 1389 2341 proprie
1402 2253 1477 2318 (leii-

203 2345 282 2408 nitio
294 2344 447 2408 convenit.

244 2437 395 2497 Ceterum
414 2432 590 2496 dominium
609 2432 704 2494 altum
721 2451 783 2495 non
801 2437 847 2494 est
864 2430 1039 2498 dominium
1057 2431 1177 2514 proprie
1191 2433 1324 2504 dietum,
1342 2451 1396 2494 seu
1413 2449 1479 2494 nou

205 2529 253 2586 ost
264 2540 374 2584 rerum
388 2521 563 2584 dominium
577 2521 787 2601 proprietam,
804 2539 876 2584 oum
895 2521 1066 2602 respublica
1085 2541 1143 2602 per
1162 2541 1192 2582 se
1211 2539 1274 2583 non
1295 2519 1407 2582 habeat
1421 2521 1480 2598 jus

205 2611 349 2675 strictum
363 2611 397 2673 in
408 2611 488 2674 bona
500 2609 709 2685 subditorum
727 2610 780 2688 sed
793 2610 832 2672 od
845 2609 1020 2672 dominium
1029 2609 1253 2691 jurisdictionis
1268 2607 1479 2670 revocandum

205 2708 267 2774 ost,
281 2701 362 2781 quod
374 2698 579 2764 communiter
590 2697 737 2761 definitur
749 2719 763 2760 :.
770 2707 902 2782 potestas
914 2697 1105 2778 retentandi
1118 2697 1258 2760 subditos.

246 2788 403 2872 Aqeodom
419 2795 451 2851 l⁰
463 2788 499 2850 de
510 2787 639 2868 objecto,
655 2791 690 2850 2⁰
702 2788 739 2850 de
751 2787 902 2869 subjecto,
918 2792 949 2851 3⁰
962 2788 1000 2850 de
1013 2787 1213 2870 acquisitione
1224 2784 1366 2850 dominii.

609 2991 627 3077 ξ
647 2989 675 3059 Ι.
700 2987 752 3060 De
770 2989 892 3080 objecto
911 2989 1071 3059 dominii.

330 3150 555 3231 Prlnelplo.

249 3299 318 3360 537.
341 3331 382 3341 -
406 3297 429 3358 l.
456 3297 553 3358 Homo
576 3295 669 3358 habet
691 3293 866 3368 dominium
884 3295 960 3358 utile
978 3296 1130 3360 bonorum
1153 3314 1222 3377 quae
1239 3294 1300 3359 sibi
1318 3293 1485 3356 intrinseca

210 3392 294 3460 sunt,
312 3402 420 3464 nempe
432 3383 544 3447 enimae
555 3390 587 3446 et
596 3384 739 3465 eorporis.
757 3385 826 3447 Ideo
838 3391 939 3466 potest
952 3385 1067 3467 absque
1086 3384 1180 3448 ullius
1194 3383 1312 3464 injuria
1325 3381 1366 3446 iis
1379 3381 1427 3445 uti
1443 3383 1484 3443 ad

208 3474 363 3554 propriam
377 3472 561 3546 utilitatem,
576 3478 606 3535 et
621 3471 655 3535 in
668 3490 792 3536 omnem
804 3491 897 3536 usum
909 3473 1002 3556 alege
1014 3491 1077 3536 uon
1089 3472 1295 3555 prohibitum.
1343 3474 1350 3484 '

251 3567 316 3625 Non
328 3563 420 3625 habet
435 3569 539 3624 tumen
554 3559 728 3624 dominium
744 3561 889 3624 directum
900 3562 1012 3626 horum
1031 3563 1193 3626 bonorum.
1209 3563 1337 3624 Constat
1352 3579 1390 3624 er
1405 3560 1484 3622 Seri-

209 3657 301 3732 pturo
320 3669 417 3728 saoro;
442 3649 486 3714 sio
505 3651 573 3731 Sap.
600 3669 672 3725 xvi,
695 3656 753 3715 13:
773 3651 881 3730 Tuos,
906 3651 1046 3728 Domine,
1069 3653 1123 3734 qui
1141 3652 1212 3714 vite
1229 3660 1259 3713 et
1277 3651 1384 3712 mortes
1396 3648 1485 3710 tubes

206 3749 395 3819 potestatem.
410 3775 448 3786 --
463 3741 542 3802 Item
557 3741 678 3802 Deuter.
695 3758 793 3816 xxxu,
811 3745 850 3804 39
862 3760 870 3802 :
884 3741 957 3821 Eoo
971 3739 1119 3818 occidam,
1138 3749 1168 3801 et
1180 3759 1234 3820 eqo
1246 3739 1345 3802 vivere
1360 3739 1480 3820 [oerum.

211 3863 250 3874 —-
262 3833 388 3892 Constat
400 3830 494 3892 etiam
507 3847 545 3892 or
561 3828 623 3908 lege
635 3828 785 3904 naturali,
799 3828 1002 3920 mulsimus,
1016 3829 1072 3892 ubi
1082 3829 1119 3892 de
1130 3833 1236 3910 quinto
1248 3827 1393 3909 Decoloyi
1403 3845 1485 3910 pror·
1575 3835 1576 3890 l

210 3927 307 3997 cepto,
324 3939 355 3979 rt.
372 3923 431 3982 389
446 3927 548 3999 etseq.
594 3945 597 3950 ·
841 3928 856 3988 ·,'

252 4009 421 4070 riou—11.
441 4009 538 4070 Homo
553 4003 665 4070 hebere
686 4010 784 4087 potest
799 4007 974 4071 dominium
991 4007 1065 4070 settle
1079 4014 1110 4070 et
1120 4007 1271 4069 directum
1289 4006 1324 4070 in
1338 4005 1421 4068 bona
1435 4023 1484 4066 ox-

212 4101 300 4156 tomo
314 4095 444 4159 fortunae
464 4095 599 4176 legitime
617 4095 778 4178 aequisita.
801 4100 946 4160 Constet:
964 4101 997 4159 l⁰
1012 4095 1111 4178 quood
1123 4095 1287 4158 dominium
1307 4093 1398 4170 urite,
1412 4092 1485 4174 quia

212 4201 247 4244 ox
269 4201 332 4245 une
354 4189 439 4263 porte
454 4185 535 4248 bona
557 4183 621 4246 haeo
634 4191 706 4264 apta
724 4190 799 4247 suut
811 4184 849 4247 de
868 4203 899 4247 se
914 4186 952 4247 ed
966 4186 1230 4248 conservationem
1248 4184 1297 4245 vel
1316 4181 1486 4245 utilitatem

212 4270 347 4333 hominis
361 4273 614 4352 promovendam,
631 4279 662 4336 et
675 4291 713 4335 ex
727 4272 787 4335 alio
798 4279 883 4353 porte
898 4291 1005 4336 eorum
1018 4291 1094 4336 usus
1103 4274 1169 4355 juri
1182 4271 1288 4336 divino
1304 4277 1336 4334 et
1350 4270 1487 4334 humano

214 4378 276 4419 mm
298 4362 491 4436 adversatum
513 4361 654 4441 quinimo
676 4365 754 4424 Deus
776 4361 842 4442 ipse
857 4361 1076 4443 predictorum
1096 4356 1248 4426 honorum
1268 4360 1379 4422 saltem
1400 4357 1486 4420 utili·

214 4453 310 4506 tatem
325 4447 466 4524 permisit
479 4449 529 4510 his
542 4451 655 4524 verbis,
671 4455 744 4515 Gen.
762 4469 783 4521 1,
797 4455 856 4514 28:
876 4449 1088 4514 Dominomim‘
1101 4451 1234 4534 piscibus
1249 4449 1344 4511 moris
1360 4457 1391 4509 et
1403 4447 1458 4509 vol
1476 4483 1488 4492 -

215 4532 319 4592 tilitus
336 4534 418 4602 coeli,
434 4541 491 4596 ete.
508 4541 601 4599 -Et
619 4539 729 4601 Psalm.
755 4559 823 4614 vm,
841 4544 879 4603 8:
898 4539 1004 4602 Omnia
1023 4540 1179 4622 subjecisti
1193 4539 1249 4602 sub
1265 4537 1395 4622 pedibus
1407 4537 1484 4618 ejus.
