3156 5026
539 231 581 275 ιιι
602 228 769 276 tusrrrra
789 230 831 274 nr
851 229 937 275 ruas
1304 217 1375 277 ιιι

142 339 274 404 Videtur
292 341 467 420 negandum
484 339 691 422 probabilius,
707 339 782 420 quia
793 339 844 402 fur
855 339 893 402 ad
905 342 1053 422 majorem
1067 339 1201 401 valorem
1212 340 1378 406 restituen-

101 430 180 492 dum
199 447 298 510 neque
319 429 437 492 ratione
457 429 501 491 rei
521 434 649 510 acceptas
666 433 801 502 tenetur,
820 435 858 491 ut
872 433 956 508 patet
973 446 1010 490 ex
1024 427 1244 510 diademaque
1260 429 1379 492 ratione

103 516 211 580 damni
236 516 329 591 illati,
353 517 426 597 quia
447 517 608 580 dominum
635 516 755 597 reponit
775 515 811 579 in
837 518 941 582 eodem
965 522 1064 590 statu,
1093 515 1128 578 in
1153 533 1214 596 quo
1240 523 1379 580 versatus

104 605 227 680 luisset,
247 605 274 668 si
298 605 412 687 injuria
433 623 497 668 non
516 605 625 668 ιιιιιιιι
649 604 822 668 commissa.
840 641 881 651 -
903 606 1009 687 Lupo,
1030 604 1062 667 d.
1083 623 1177 680 ιιιιι,
1201 626 1234 668 a.
1256 611 1380 669 132.-

103 695 255 768 Laeroior,
270 714 300 754 a.
316 698 387 757 233.
400 728 441 740 —
456 693 613 773 Carriire,
629 699 687 756 etc.

146 782 308 848 Affirmant
329 789 432 846 ιιιιιιιι
456 783 509 846 alii
530 801 591 846 nou
612 781 716 883 pauci,
731 782 805 882 quia
820 801 869 846 res
883 782 1055 864 pertinebat
1042 781 1285 848 taddominum
1306 801 1379 845 oum

106 891 163 936 suo
176 871 363 935 incremento
378 877 514 952 tempore
524 871 650 953 majoris
659 871 774 952 pretii,
792 876 822 932 et
833 870 960 952 proinde
977 877 1052 935 tuuc
1070 889 1139 934 eam
1156 871 1280 936 reddere
1297 877 1380 980 tene-

104 962 208 1024 batur.
225 963 340 1062 Ergo..
356 959 449 1021 -.S
465 960 536 1042 Lip.
552 981 584 1022 a.
600 963 671 1024 cul.
687 959 887 1022 -Bo'lluart
899 993 941 1006 -
954 961 1097 1022 Autorue.

145 1051 181 1112 In
204 1049 292 1129 praxi
321 1066 393 1112 oum
419 1047 481 1112 fere
509 1067 572 1112 non
602 1047 795 1112 innotescant
825 1064 930 1112 omues
961 1047 1092 1129 prefata
1124 1047 1379 1125 circumstantia,

106 1137 286 1219 plerumque
307 1138 370 1201 sola
387 1138 523 1217 urgenda
544 1143 591 1200 est
611 1135 816 1218 compensatio
836 1135 947 1200 valoris
968 1155 1062 1218 quem
1085 1143 1222 1218 tempore
1239 1137 1314 1202 furti
1334 1157 1382 1202 res

147 1317 217 1378 ota.
239 1349 279 1359 —
299 1315 400 1389 Quae.
424 1319 458 1378 4⁰
478 1315 530 1378 Aa
550 1314 606 1394 fur
623 1323 738 1397 proetar
757 1314 918 1396 pamniam
941 1314 1091 1396 furtivam
1114 1315 1205 1376 etiam
1225 1317 1383 1379 restituere

108 1401 215 1466 debeat
228 1421 387 1466 mrsnrssn
401 1401 458 1484 (les
471 1402 636 1484 interim?

147 1492 237 1573 Resp.
259 1491 402 1572 Affirm,
426 1489 453 1553 si
474 1497 591 1554 constet
607 1490 653 1554 vol
673 1497 887 1574 presumatur,
907 1491 987 1574 quod
1004 1491 1148 1554 domiuus
1168 1490 1245 1554 illud
1263 1491 1384 1554 luorum

108 1581 207 1644 luerat
228 1584 440 1661 percepturus,
464 1579 538 1660 quia
559 1579 609 1642 hic
628 1583 765 1662 respectu
786 1579 966 1661 possessoris
988 1579 1076 1642 mata
1094 1578 1166 1642 fidei
1189 1579 1315 1642 omnino
1336 1579 1383 1642 in-

108 1667 230 1732 demnis
249 1667 315 1730 fieri
337 1667 440 1744 dehet;
465 1686 550 1732 secus
568 1686 639 1730 vero
661 1668 863 1750 probabiliter
881 1667 916 1730 in
939 1667 998 1730 alia
1021 1666 1202 1750 hypothesi,
1225 1665 1299 1748 quia
1323 1686 1385 1730 non

109 1763 229 1821 constat
240 1757 402 1819 dominum
416 1757 455 1819 ad
467 1756 543 1818 illud
559 1757 731 1819 auctarium
741 1760 794 1839 jus
808 1756 930 1819 habere.

151 1849 252 1922 Quen.
271 1849 304 1908 5⁰
317 1844 369 1907 Aa
386 1853 545 1907 teneantur
562 1847 729 1922 restituere,
743 1845 811 1927 qui,
826 1857 859 1908 ut
869 1845 1067 1927 eleemosynas
1081 1845 1250 1927 accipiant,
1266 1843 1387 1928 pinquat

109 1953 140 1997 oe
148 1952 311 2017 pauperes,
328 1932 375 1994 uel
388 1936 607 2016 oeripauperes
620 1935 674 2016 qui
686 1933 790 1995 dicuat
799 1953 829 1995 oo
841 1934 967 2016 probor,
984 1953 1049 1995 cam
1064 1952 1125 1996 noa
1135 1933 1222 1994 siat?

151 2024 242 2104 Hesp.
272 2022 310 2083 ad
329 2027 381 2086 ι·1111
401 2023 528 2104 Aspim.
553 2021 642 2086 Ratio
654 2028 715 2096 est,
738 2021 812 2104 quia
831 2021 885 2086 isti
904 2023 1027 2086 nullum
1046 2025 1098 2104 jus
1116 2021 1232 2084 habent
1250 2021 1289 2082 ad
1312 2020 1386 2084 elee-

110 2128 275 2192 mosynae,
291 2109 346 2190 qui
360 2109 444 2174 euim
460 2115 586 2190 erogant
605 2129 673 2186 eas,
690 2111 770 2172 reru
785 2115 906 2174 tantum
925 2110 1109 2192 pauperihus
1125 2108 1270 2190 opitulari
1284 2109 1387 2172 inten-

112 2201 203 2262 dunt.
180 2198 332 2277 tlgitur
361 2198 589 2262 restituendum
616 2204 662 2261 est
688 2199 736 2262 vel
760 2198 862 2274 danti,
890 2200 938 2263 vel
965 2199 1075 2262 saltem
1095 2217 1164 2260 care
1188 2197 1385 2279 pauperibus.

111 2285 311 2350 Probabilias
325 2284 475 2349 sufficit
451 2306 477 2350 st
491 2287 678 2368 pauperibus
692 2287 886 2351 restituatur.
906 2292 974 2352 Non
988 2288 1111 2350 videtur
1126 2293 1230 2350 ιιιιιιιι
1251 2287 1388 2366 urgenda

113 2374 279 2450 restitutio,
297 2373 374 2438 srde
391 2374 589 2458 eleemosynis
605 2377 691 2438 valde
704 2375 843 2450 modicis,
856 2377 959 2458 qclales
973 2374 1075 2439 ostiat‘
1067 2392 1112 2438 un
1127 2375 1202 2438 dant
1188 2379 1251 2448 t,ur
1266 2381 1385 2455 agotum

112 2458 188 2544 q'uia
201 2468 357 2542 erogantes
374 2464 474 2546 quoad
487 2483 538 2526 eas
552 2471 628 2528 sunt
638 2463 745 2528 minus
757 2463 863 2528 inriti.
875 2499 917 2512 -
930 2464 982 2528 lta
995 2467 1202 2527 communiter.
1207 2498 1247 2508 -
1260 2463 1297 2526 S
1314 2463 1386 2546 Lip.

114 2573 146 2612 n.
163 2555 232 2614 622.

151 2639 245 2722 Resp.
260 2643 299 2704 ad
313 2647 366 2705 ιω
377 2639 455 2724 Noa.
471 2641 671 2724 qenaraliter,
688 2642 762 2724 quia
779 2643 843 2705 sola
860 2641 1046 2722 indigentia,
1063 2659 1126 2704 non
1144 2659 1214 2704 vero
1235 2640 1387 2721 probitas,

115 2733 161 2790 est
175 2728 309 2793 conditio
329 2731 367 2793 ad
391 2747 486 2814 quam
503 2731 631 2794 donator
651 2731 785 2794 attendit
807 2735 861 2794 aut
881 2731 1037 2793 attendero
1058 2730 1266 2811 presumitur.
1282 2729 1390 2791 —lto

116 2821 324 2880 communiter.

157 2909 227 2970 650.
242 2941 283 2951 -
299 2909 400 2982 Qum.
415 2910 448 2969 6⁰
468 2905 559 2985 Quid,
577 2910 604 2967 si
617 2925 663 2968 res
675 2906 776 2968 aliena
785 2925 844 2988 per
858 2927 965 2968 manus
976 2907 1115 2989 plurium
1130 2906 1220 2971 mala
1233 2905 1308 2987 fidei
1317 2925 1389 2988 pos-

115 3012 260 3056 sessorum
274 2995 432 3057 transierit
444 3015 482 3057 ιιι
497 2994 660 3056 donatione
673 3005 727 3056 aut
739 2994 929 3058 venditione?

157 3083 245 3164 Resp.
264 3088 313 3146 1⁰:
330 3083 434 3158 Quoad
447 3101 528 3156 rem,
544 3083 609 3146 haec
622 3082 812 3146 restituenda
825 3088 871 3147 est
884 3085 923 3147 ab
936 3103 971 3148 eo
986 3083 1039 3164 qtri
1051 3103 1119 3148 eam
1134 3085 1233 3147 adhuc
1247 3087 1330 3147 tenet
1343 3083 1391 3146 vel

117 3171 153 3235 in
165 3171 262 3236 alium
274 3174 407 3235 valorem
427 3173 580 3247 mutavit,
596 3179 652 3235 aut
666 3173 871 3252 consumpsit,
888 3179 944 3235 aut
963 3173 1177 3254 quovismodo
1197 3172 1311 3236 arnisit.
1330 3175 1392 3233 Hoc

116 3267 223 3322 autem
244 3260 417 3336 deficiente,
434 3266 557 3324 tenetur
577 3267 691 3341 raptor.
718 3262 804 3338 Quod
822 3261 849 3323 si
871 3269 979 3325 neuter
997 3262 1097 3326 debito
1117 3280 1171 3325 suo
1194 3259 1389 3332 satisfecerit,

117 3349 220 3411 caeteri
240 3367 294 3430 per
307 3367 410 3430 aequas
428 3350 582 3430 portiones
600 3349 645 3412 rei
663 3350 798 3431 pretium
817 3349 932 3412 solvere
949 3350 1071 3414 debent.
1087 3351 1242 3425 Tandem,
1256 3349 1291 3410 in
1305 3352 1391 3410 oete·

118 3454 224 3499 rorum
238 3436 369 3512 delectu,
386 3437 516 3520 quisque
527 3439 566 3500 ad
582 3445 683 3502 totum
699 3445 831 3500 tenetur.

158 3525 253 3608 liesp.
282 3531 333 3589 2⁰:
354 3527 458 3603 Quoad
485 3525 530 3588 rei
554 3525 672 3589 fructus
696 3533 727 3588 ιι
752 3528 880 3602 damna,
906 3525 1020 3607 singuli
1045 3527 1084 3588 ed
1112 3523 1391 3605 compensationem

119 3619 265 3678 tenentur
287 3633 341 3697 pro
361 3622 447 3696 parte
467 3614 632 3695 temporis,
650 3633 711 3695 quo
734 3616 948 3696 unusquisque
970 3633 1037 3677 rem
1060 3613 1210 3688 detinuit;
1237 3613 1264 3674 si
1288 3619 1394 3675 autem

118 3702 230 3783 reliqui
248 3721 303 3784 pro
319 3722 376 3766 sua
394 3703 649 3766 damnificationis
670 3709 701 3765 et
717 3703 875 3766 fruitionis
892 3710 976 3784 parte
990 3720 1053 3766 non
1070 3707 1281 3782 compensent,
1298 3701 1393 3762 totius

117 3791 228 3853 damni
247 3792 398 3872 reparatio
422 3792 551 3872 singulis
571 3791 745 3865 incumbit,
765 3810 819 3872 pro
840 3798 907 3870 rata
925 3799 1029 3854 ιιιιιιιι
1043 3791 1190 3870 temporis
1204 3789 1299 3869 elapsi
1312 3807 1330 3850 a
1345 3787 1394 3850 die

114 3897 181 3958 vquo
196 3880 363 3943 successive
373 3880 444 3944 facti
460 3887 535 3943 sunt
553 3879 598 3943 rei
612 3879 719 3944 aliene
729 3879 839 3962 injusti
851 3897 1046 3962 possessores.
1059 3915 1100 3928 -
1117 3878 1169 3941 lta
1181 3879 1390 3939 communiter.

161 3971 263 4044 Quina.
283 3974 317 4032 '1⁰
340 3970 390 4030 Aa
414 3969 480 4042 ille,
503 3971 560 4052 qai
575 3973 702 4032 soiemer
719 3989 783 4031 rem
802 3969 930 4032 alienam
950 3971 1022 4032 emit
1040 3988 1060 4031 a
1078 3969 1163 4049 sore,
1184 3968 1279 4048 possit
1298 3968 1395 4049 ipsam

120 4057 191 4118 ltuic
205 4057 329 4120 reddere
344 4057 386 4119 ad
396 4058 528 4140 pretium
542 4058 800 4141 recuperandum?

161 4145 250 4228 lleap.
263 4165 275 4209 .·
289 4145 534 4209 Controvertitur
552 4145 614 4210 fero
629 4153 667 4209 ut
686 4147 721 4209 in
740 4165 812 4210 casu
833 4146 928 4209 simili
948 4146 1129 4230 possessoris
1144 4146 1233 4209 bona
1248 4142 1335 4218 fidei,
1357 4144 1394 4206 de

118 4253 183 4314 ¹qam
201 4253 293 4315 supra
309 4257 340 4296 n.
359 4240 429 4298 dli.
450 4235 642 4298 Communius
655 4241 796 4316 negatur,
813 4235 903 4316 quia,
919 4237 1048 4298 emendo
1060 4234 1143 4297 mala
1155 4234 1230 4310 fide,
1245 4237 1281 4294 ia
1297 4253 1327 4294 se
1343 4251 1393 4314 pe-

122 4322 255 4386 riculum
269 4325 314 4386 rei
328 4324 478 4405 suscepit:
492 4323 615 4387 aliunde
629 4323 748 4387 nemini
762 4323 847 4386 daus
857 4342 913 4386 sua
925 4324 1013 4386 debet
1025 4321 1220 4404 patrocinari.
1229 4357 1268 4370 -
1278 4325 1394 4384 Verum

120 4411 285 4493 affirmant
299 4412 352 4475 alii
363 4419 400 4476 ut
411 4412 587 4495 probabile,
601 4431 672 4476 oum
691 4413 727 4476 S.
743 4413 815 4494 Lip.
832 4433 863 4473 n.
886 4416 962 4488 5703
979 4412 1053 4492 quia
1069 4413 1139 4474 licet
1156 4411 1216 4474 iste
1228 4410 1396 4492 peccaverit

121 4517 189 4562 rem
208 4501 289 4564 mala
309 4501 368 4565 fide
391 4503 536 4579 emendo,
556 4507 625 4583 post
643 4501 830 4582 emptionem
849 4507 952 4566 tamen
965 4503 1018 4583 jus
1032 4500 1143 4577 habet,
1158 4501 1242 4564 haud
1259 4517 1345 4563 secus
1359 4516 1394 4562 ao
