<?xml version="1.0" encoding="UTF-8"?>
<!DOCTYPE html PUBLIC "-//W3C//DTD XHTML 1.0 Transitional//EN"
    "http://www.w3.org/TR/xhtml1/DTD/xhtml1-transitional.dtd">
<html xmlns="http://www.w3.org/1999/xhtml" xml:lang="en" lang="en">
 <head>
  <title>
</title>
<meta http-equiv="Content-Type" content="text/html;charset=utf-8" />
  <meta name='ocr-system' content='tesseract 3.04.00' />
  <meta name='ocr-capabilities' content='ocr_page ocr_carea ocr_par ocr_line ocrx_word'/>
</head>
<body>
  <div class='ocr_page' id='page_1' title='image "./compendiumtheol02gurygoog_0215.png"; bbox 0 0 3216 5020; ppageno 0'>
   <div class='ocr_carea' id='block_1_1' title="bbox 238 259 980 320">
    <p class='ocr_par' dir='ltr' id='par_1_1' title="bbox 238 259 980 320">
     <span class='ocr_line' id='line_1_1' title="bbox 238 259 980 320; baseline 0 0"><span class='ocrx_word' id='word_1_1' title='bbox 238 259 308 320; x_wconf 75' lang='lat'><strong>198</strong></span> <span class='ocrx_word' id='word_1_2' title='bbox 773 273 980 320; x_wconf 79' lang='lat' dir='ltr'><strong>rnrcrnrus</strong></span> 
     </span>
    </p>
   </div>
   <div class='ocr_carea' id='block_1_2' title="bbox 236 384 1497 910">
    <p class='ocr_par' dir='ltr' id='par_1_2' title="bbox 236 384 1497 910">
     <span class='ocr_line' id='line_1_2' title="bbox 236 384 1494 467; baseline 0 -19"><span class='ocrx_word' id='word_1_3' title='bbox 236 385 404 467; x_wconf 75' lang='lat' dir='ltr'><strong>posteriue,</strong></span> <span class='ocrx_word' id='word_1_4' title='bbox 418 403 478 467; x_wconf 87' lang='lat' dir='ltr'><strong>per</strong></span> <span class='ocrx_word' id='word_1_5' title='bbox 499 403 530 446; x_wconf 82' lang='lat' dir='ltr'><strong>re</strong></span> <span class='ocrx_word' id='word_1_6' title='bbox 545 384 677 447; x_wconf 87' lang='lat' dir='ltr'><strong>venialia</strong></span> <span class='ocrx_word' id='word_1_7' title='bbox 697 391 820 448; x_wconf 90' lang='lat' dir='ltr'><strong>tantum</strong></span> <span class='ocrx_word' id='word_1_8' title='bbox 839 386 947 466; x_wconf 88' lang='lat' dir='ltr'><strong>periet.</strong></span> <span class='ocrx_word' id='word_1_9' title='bbox 966 389 1119 449; x_wconf 82' lang='lat' dir='ltr'><strong>Caeterum</strong></span> <span class='ocrx_word' id='word_1_10' title='bbox 1139 386 1255 449; x_wconf 90' lang='lat' dir='ltr'><strong>nimius</strong></span> <span class='ocrx_word' id='word_1_11' title='bbox 1276 403 1345 466; x_wconf 84' lang='lat' dir='ltr'>erga</span> <span class='ocrx_word' id='word_1_12' title='bbox 1357 404 1400 447; x_wconf 86' lang='lat' dir='ltr'><strong>res</strong></span> <span class='ocrx_word' id='word_1_13' title='bbox 1412 391 1494 448; x_wconf 79' lang='lat' dir='ltr'><strong>terre</strong></span> 
     </span>
     <span class='ocr_line' id='line_1_3' title="bbox 237 472 1439 556; baseline -0.002 -18"><span class='ocrx_word' id='word_1_14' title='bbox 237 493 294 538; x_wconf 90' lang='lat' dir='ltr'><strong>nas</strong></span> <span class='ocrx_word' id='word_1_15' title='bbox 306 473 433 536; x_wconf 84' lang='lat' dir='ltr'><strong>affectus</strong></span> <span class='ocrx_word' id='word_1_16' title='bbox 446 473 480 535; x_wconf 94' lang='lat' dir='ltr'><strong>in</strong></span> <span class='ocrx_word' id='word_1_17' title='bbox 495 472 554 535; x_wconf 89' lang='lat' dir='ltr'><strong>alia</strong></span> <span class='ocrx_word' id='word_1_18' title='bbox 568 481 689 554; x_wconf 86' lang='lat' dir='ltr'><strong>peccata</strong></span> <span class='ocrx_word' id='word_1_19' title='bbox 703 474 797 536; x_wconf 90' lang='lat' dir='ltr'><strong>etiam</strong></span> <span class='ocrx_word' id='word_1_20' title='bbox 810 475 916 555; x_wconf 83' lang='lat' dir='ltr'><strong>gravia</strong></span> <span class='ocrx_word' id='word_1_21' title='bbox 930 475 1093 556; x_wconf 74' lang='lat' dir='ltr'>propellere</span> <span class='ocrx_word' id='word_1_22' title='bbox 1110 480 1224 555; x_wconf 88' lang='lat' dir='ltr'><strong>potest,</strong></span> <span class='ocrx_word' id='word_1_23' title='bbox 1239 475 1301 538; x_wconf 86' lang='lat' dir='ltr'><strong>imo</strong></span> <span class='ocrx_word' id='word_1_24' title='bbox 1316 481 1345 537; x_wconf 93' lang='lat' dir='ltr'><strong>et</strong></span> <span class='ocrx_word' id='word_1_25' title='bbox 1361 474 1439 536; x_wconf 89' lang='lat' dir='ltr'><strong>solet.</strong></span> 
     </span>
     <span class='ocr_line' id='line_1_4' title="bbox 281 561 1491 645; baseline -0.002 -19"><span class='ocrx_word' id='word_1_26' title='bbox 281 563 375 626; x_wconf 69' lang='lat' dir='ltr'>Ferre</span> <span class='ocrx_word' id='word_1_27' title='bbox 395 561 534 625; x_wconf 85' lang='lat' dir='ltr'><strong>avaritiae</strong></span> <span class='ocrx_word' id='word_1_28' title='bbox 558 569 651 624; x_wconf 90' lang='lat' dir='ltr'><strong>sunt:</strong></span> <span class='ocrx_word' id='word_1_29' title='bbox 668 561 798 625; x_wconf 88' lang='lat' dir='ltr'><strong>durities</strong></span> <span class='ocrx_word' id='word_1_30' title='bbox 822 563 919 626; x_wconf 85' lang='lat' dir='ltr'><strong>cordis</strong></span> <span class='ocrx_word' id='word_1_31' title='bbox 940 581 1012 644; x_wconf 82' lang='lat' dir='ltr'><strong>erga</strong></span> <span class='ocrx_word' id='word_1_32' title='bbox 1031 561 1173 637; x_wconf 88' lang='lat' dir='ltr'><strong>miseros,</strong></span> <span class='ocrx_word' id='word_1_33' title='bbox 1188 563 1367 645; x_wconf 90' lang='lat' dir='ltr'><strong>inquietudo</strong></span> <span class='ocrx_word' id='word_1_34' title='bbox 1385 561 1491 639; x_wconf 90' lang='lat' dir='ltr'><strong>animi,</strong></span> 
     </span>
     <span class='ocr_line' id='line_1_5' title="bbox 239 650 1230 731; baseline 0 -17"><span class='ocrx_word' id='word_1_35' title='bbox 239 671 293 714; x_wconf 85' lang='lat' dir='ltr'><strong>seu</strong></span> <span class='ocrx_word' id='word_1_36' title='bbox 310 650 480 714; x_wconf 87' lang='lat' dir='ltr'><strong>sollicitudo</strong></span> <span class='ocrx_word' id='word_1_37' title='bbox 489 650 667 713; x_wconf 87' lang='lat' dir='ltr'><strong>inordinata</strong></span> <span class='ocrx_word' id='word_1_38' title='bbox 680 651 718 713; x_wconf 88' lang='lat' dir='ltr'>de</span> <span class='ocrx_word' id='word_1_39' title='bbox 732 651 876 726; x_wconf 86' lang='lat' dir='ltr'><strong>terrenis,</strong></span> <span class='ocrx_word' id='word_1_40' title='bbox 893 651 1033 731; x_wconf 70' lang='lat' dir='ltr'><strong>pertidia,</strong></span> <span class='ocrx_word' id='word_1_41' title='bbox 1053 651 1155 728; x_wconf 91' lang='lat' dir='ltr'><strong>dolus,</strong></span> <span class='ocrx_word' id='word_1_42' title='bbox 1172 657 1230 714; x_wconf 91' lang='lat' dir='ltr'><strong>etc.</strong></span> 
     </span>
     <span class='ocr_line' id='line_1_6' title="bbox 278 737 1497 821; baseline -0.001 -20"><span class='ocrx_word' id='word_1_43' title='bbox 278 739 422 801; x_wconf 83' lang='lat' dir='ltr'><strong>Remedio</strong></span> <span class='ocrx_word' id='word_1_44' title='bbox 431 759 443 800; x_wconf 94' lang='grc'><strong>.·</strong></span> <span class='ocrx_word' id='word_1_45' title='bbox 458 737 658 802; x_wconf 78' lang='lat' dir='ltr'>consideratio</span> <span class='ocrx_word' id='word_1_46' title='bbox 671 740 819 802; x_wconf 75' lang='lat' dir='ltr'><strong>vanitatis</strong></span> <span class='ocrx_word' id='word_1_47' title='bbox 834 746 1026 802; x_wconf 83' lang='lat' dir='ltr'><strong>terrenarum</strong></span> <span class='ocrx_word' id='word_1_48' title='bbox 1039 758 1160 816; x_wconf 88' lang='lat' dir='ltr'><strong>rerum,</strong></span> <span class='ocrx_word' id='word_1_49' title='bbox 1176 737 1390 821; x_wconf 85' lang='lat' dir='ltr'><strong>turpitudinis,</strong></span> <span class='ocrx_word' id='word_1_50' title='bbox 1406 737 1497 800; x_wconf 83' lang='lat' dir='ltr'><strong>inidi-</strong></span> 
     </span>
     <span class='ocr_line' id='line_1_7' title="bbox 237 827 1108 910; baseline -0.003 -19"><span class='ocrx_word' id='word_1_51' title='bbox 237 828 341 891; x_wconf 86' lang='lat' dir='ltr'><strong>oitutis</strong></span> <span class='ocrx_word' id='word_1_52' title='bbox 354 835 386 891; x_wconf 91' lang='lat' dir='ltr'><strong>et</strong></span> <span class='ocrx_word' id='word_1_53' title='bbox 399 828 600 908; x_wconf 81' lang='lat' dir='ltr'>periculorum</span> <span class='ocrx_word' id='word_1_54' title='bbox 614 827 710 908; x_wconf 75' lang='lat' dir='ltr'><strong>liujus</strong></span> <span class='ocrx_word' id='word_1_55' title='bbox 724 827 806 890; x_wconf 91' lang='lat' dir='ltr'><strong>vitii.</strong></span> <span class='ocrx_word' id='word_1_56' title='bbox 818 863 858 872; x_wconf 90' lang='lat'>-</span> <span class='ocrx_word' id='word_1_57' title='bbox 872 827 908 892; x_wconf 87' lang='lat' dir='ltr'><strong>S.</strong></span> <span class='ocrx_word' id='word_1_58' title='bbox 925 829 994 910; x_wconf 77' lang='lat' dir='ltr'><strong>Lip.</strong></span> <span class='ocrx_word' id='word_1_59' title='bbox 1010 849 1043 889; x_wconf 83' lang='lat' dir='ltr'><strong>n.</strong></span> <span class='ocrx_word' id='word_1_60' title='bbox 1059 832 1108 892; x_wconf 86' lang='grc'><strong>69.</strong></span> 
     </span>
    </p>
   </div>
   <div class='ocr_carea' id='block_1_3' title="bbox 714 990 1041 1058">
    <p class='ocr_par' dir='ltr' id='par_1_3' title="bbox 714 990 1041 1058">
     <span class='ocr_line' id='line_1_8' title="bbox 714 990 1041 1058; baseline -0.003 0"><span class='ocrx_word' id='word_1_61' title='bbox 714 991 775 1058; x_wconf 90' lang='lat' dir='ltr'><strong>Ill.</strong></span> <span class='ocrx_word' id='word_1_62' title='bbox 800 990 1041 1058; x_wconf 66' lang='lat' dir='ltr'>menecea.</span> 
     </span>
    </p>
   </div>
   <div class='ocr_carea' id='block_1_4' title="bbox 238 1137 1498 1842">
    <p class='ocr_par' dir='ltr' id='par_1_4' title="bbox 238 1137 1497 1583">
     <span class='ocr_line' id='line_1_9' title="bbox 280 1137 1495 1225; baseline -0.009 -15"><span class='ocrx_word' id='word_1_63' title='bbox 280 1150 350 1210; x_wconf 78' lang='lat'><strong>176.</strong></span> <span class='ocrx_word' id='word_1_64' title='bbox 367 1181 407 1188; x_wconf 96' lang='lat'><strong>—</strong></span> <span class='ocrx_word' id='word_1_65' title='bbox 429 1145 571 1206; x_wconf 77' lang='lat' dir='ltr'><strong>Lucterio</strong></span> <span class='ocrx_word' id='word_1_66' title='bbox 592 1151 638 1206; x_wconf 93' lang='lat' dir='ltr'><strong>est</strong></span> <span class='ocrx_word' id='word_1_67' title='bbox 657 1143 852 1206; x_wconf 89' lang='lat' dir='ltr'><strong>inordinatus</strong></span> <span class='ocrx_word' id='word_1_68' title='bbox 873 1143 1026 1225; x_wconf 90' lang='lat' dir='ltr'><strong>appetitus</strong></span> <span class='ocrx_word' id='word_1_69' title='bbox 1044 1143 1087 1206; x_wconf 92' lang='lat' dir='ltr'><strong>rei</strong></span> <span class='ocrx_word' id='word_1_70' title='bbox 1103 1162 1246 1207; x_wconf 81' lang='lat' dir='ltr'>venerea.</span> <span class='ocrx_word' id='word_1_71' title='bbox 1264 1141 1396 1208; x_wconf 84' lang='lat' dir='ltr'><strong>Luxuria</strong></span> <span class='ocrx_word' id='word_1_72' title='bbox 1408 1137 1495 1220; x_wconf 82' lang='lat' dir='ltr'><strong>gravis</strong></span> 
     </span>
     <span class='ocr_line' id='line_1_10' title="bbox 238 1227 1496 1312; baseline -0.008 -15"><span class='ocrx_word' id='word_1_73' title='bbox 238 1241 336 1298; x_wconf 82' lang='lat' dir='ltr'>estex</span> <span class='ocrx_word' id='word_1_74' title='bbox 351 1239 414 1296; x_wconf 90' lang='lat' dir='ltr'><strong>toto</strong></span> <span class='ocrx_word' id='word_1_75' title='bbox 426 1251 533 1312; x_wconf 81' lang='lat' dir='ltr'>genere</span> <span class='ocrx_word' id='word_1_76' title='bbox 547 1250 619 1308; x_wconf 90' lang='lat' dir='ltr'><strong>suo;</strong></span> <span class='ocrx_word' id='word_1_77' title='bbox 637 1233 689 1295; x_wconf 88' lang='lat' dir='ltr'><strong>sed</strong></span> <span class='ocrx_word' id='word_1_78' title='bbox 703 1229 759 1296; x_wconf 89' lang='lat' dir='ltr'><strong>hoc</strong></span> <span class='ocrx_word' id='word_1_79' title='bbox 779 1231 1013 1312; x_wconf 87' lang='lat' dir='ltr'><strong>intelligendum</strong></span> <span class='ocrx_word' id='word_1_80' title='bbox 1029 1239 1091 1307; x_wconf 87' lang='lat' dir='ltr'><strong>est,</strong></span> <span class='ocrx_word' id='word_1_81' title='bbox 1108 1231 1134 1294; x_wconf 92' lang='lat' dir='ltr'><strong>si</strong></span> <span class='ocrx_word' id='word_1_82' title='bbox 1150 1231 1307 1296; x_wconf 86' lang='lat' dir='ltr'><strong>delectatio</strong></span> <span class='ocrx_word' id='word_1_83' title='bbox 1325 1247 1445 1294; x_wconf 87' lang='lat' dir='ltr'>venerea</span> <span class='ocrx_word' id='word_1_84' title='bbox 1461 1227 1496 1288; x_wconf 89' lang='lat' dir='ltr'><strong>sit</strong></span> 
     </span>
     <span class='ocr_line' id='line_1_11' title="bbox 239 1315 1494 1386; baseline -0.008 0"><span class='ocrx_word' id='word_1_85' title='bbox 239 1324 274 1386; x_wconf 89' lang='lat' dir='ltr'><strong>in</strong></span> <span class='ocrx_word' id='word_1_86' title='bbox 293 1341 325 1384; x_wconf 91' lang='lat' dir='ltr'>se</span> <span class='ocrx_word' id='word_1_87' title='bbox 337 1320 505 1382; x_wconf 82' lang='lat' dir='ltr'><strong>deliberata</strong></span> <span class='ocrx_word' id='word_1_88' title='bbox 523 1325 553 1381; x_wconf 91' lang='lat' dir='ltr'>et</span> <span class='ocrx_word' id='word_1_89' title='bbox 568 1319 680 1382; x_wconf 79' lang='lat' dir='ltr'><strong>directe</strong></span> <span class='ocrx_word' id='word_1_90' title='bbox 700 1319 803 1384; x_wconf 88' lang='lat' dir='ltr'><strong>volita.</strong></span> <span class='ocrx_word' id='word_1_91' title='bbox 821 1321 852 1384; x_wconf 86' lang='lat' dir='ltr'><strong>si</strong></span> <span class='ocrx_word' id='word_1_92' title='bbox 867 1339 937 1383; x_wconf 90' lang='lat' dir='ltr'><strong>vero</strong></span> <span class='ocrx_word' id='word_1_93' title='bbox 957 1320 1104 1382; x_wconf 76' lang='lat' dir='ltr'><strong>indirecte</strong></span> <span class='ocrx_word' id='word_1_94' title='bbox 1118 1327 1243 1384; x_wconf 90' lang='lat' dir='ltr'><strong>tantum</strong></span> <span class='ocrx_word' id='word_1_95' title='bbox 1258 1318 1427 1384; x_wconf 85' lang='lat' dir='ltr'><strong>voluntaria</strong></span> <span class='ocrx_word' id='word_1_96' title='bbox 1446 1315 1494 1386; x_wconf 90' lang='lat' dir='ltr'><strong>sit,</strong></span> 
     </span>
     <span class='ocr_line' id='line_1_12' title="bbox 239 1407 1497 1492; baseline -0.01 -16"><span class='ocrx_word' id='word_1_97' title='bbox 239 1409 377 1476; x_wconf 75' lang='lat' dir='ltr'><strong>admittit</strong></span> <span class='ocrx_word' id='word_1_98' title='bbox 405 1409 569 1489; x_wconf 87' lang='lat' dir='ltr'><strong>aliquando</strong></span> <span class='ocrx_word' id='word_1_99' title='bbox 591 1407 778 1492; x_wconf 88' lang='lat' dir='ltr'><strong>parvitatem</strong></span> <span class='ocrx_word' id='word_1_100' title='bbox 802 1408 958 1483; x_wconf 84' lang='lat' dir='ltr'><strong>materie,</strong></span> <span class='ocrx_word' id='word_1_101' title='bbox 987 1415 1024 1472; x_wconf 93' lang='lat' dir='ltr'><strong>ut</strong></span> <span class='ocrx_word' id='word_1_102' title='bbox 1047 1409 1114 1490; x_wconf 90' lang='lat' dir='ltr'><strong>jam</strong></span> <span class='ocrx_word' id='word_1_103' title='bbox 1142 1429 1233 1490; x_wconf 89' lang='lat' dir='ltr'><strong>supra</strong></span> <span class='ocrx_word' id='word_1_104' title='bbox 1263 1408 1429 1472; x_wconf 88' lang='lat' dir='ltr'><strong>indicatum</strong></span> <span class='ocrx_word' id='word_1_105' title='bbox 1457 1408 1497 1466; x_wconf 90' lang='lat' dir='ltr'><strong>est</strong></span> 
     </span>
     <span class='ocr_line' id='line_1_13' title="bbox 239 1495 931 1583; baseline -0.003 -21"><span class='ocrx_word' id='word_1_106' title='bbox 239 1502 288 1583; x_wconf 83' lang='lat' dir='ltr'><strong>(rr.</strong></span> <span class='ocrx_word' id='word_1_107' title='bbox 306 1499 378 1575; x_wconf 75' lang='lat'>155)</span> <span class='ocrx_word' id='word_1_108' title='bbox 393 1505 423 1560; x_wconf 91' lang='lat' dir='ltr'><strong>et</strong></span> <span class='ocrx_word' id='word_1_109' title='bbox 435 1497 546 1560; x_wconf 87' lang='lat' dir='ltr'><strong>melius</strong></span> <span class='ocrx_word' id='word_1_110' title='bbox 555 1495 636 1560; x_wconf 82' lang='lat' dir='ltr'><strong>infra</strong></span> <span class='ocrx_word' id='word_1_111' title='bbox 648 1497 767 1561; x_wconf 88' lang='lat' dir='ltr'><strong>dicetur</strong></span> <span class='ocrx_word' id='word_1_112' title='bbox 781 1507 826 1578; x_wconf 82' lang='lat' dir='ltr'><strong>(u.</strong></span> <span class='ocrx_word' id='word_1_113' title='bbox 844 1499 931 1578; x_wconf 66' lang='lat' dir='ltr'><strong>tle).</strong></span> 
     </span>
    </p>

    <p class='ocr_par' dir='ltr' id='par_1_5' title="bbox 240 1577 1498 1757">
     <span class='ocr_line' id='line_1_14' title="bbox 279 1577 1498 1662; baseline -0.007 -12"><span class='ocrx_word' id='word_1_114' title='bbox 279 1588 395 1650; x_wconf 80' lang='lat' dir='ltr'><strong>Filrie:</strong></span> <span class='ocrx_word' id='word_1_115' title='bbox 410 1586 526 1649; x_wconf 78' lang='lat' dir='ltr'><strong>cacitas</strong></span> <span class='ocrx_word' id='word_1_116' title='bbox 544 1586 675 1661; x_wconf 90' lang='lat' dir='ltr'><strong>mentis,</strong></span> <span class='ocrx_word' id='word_1_117' title='bbox 698 1585 947 1662; x_wconf 89' lang='lat' dir='ltr'><strong>inconsideratio,</strong></span> <span class='ocrx_word' id='word_1_118' title='bbox 969 1585 1189 1662; x_wconf 75' lang='lat' dir='ltr'><strong>inconstantia,</strong></span> <span class='ocrx_word' id='word_1_119' title='bbox 1209 1587 1316 1650; x_wconf 91' lang='lat' dir='ltr'><strong>odium</strong></span> <span class='ocrx_word' id='word_1_120' title='bbox 1337 1584 1402 1656; x_wconf 87' lang='lat' dir='ltr'><strong>Dei,</strong></span> <span class='ocrx_word' id='word_1_121' title='bbox 1423 1577 1498 1646; x_wconf 85' lang='lat' dir='ltr'><strong>Fidei</strong></span> 
     </span>
     <span class='ocr_line' id='line_1_15' title="bbox 240 1674 729 1757; baseline -0.012 -16"><span class='ocrx_word' id='word_1_122' title='bbox 240 1679 378 1757; x_wconf 82' lang='lat' dir='ltr'><strong>languor,</strong></span> <span class='ocrx_word' id='word_1_123' title='bbox 396 1676 460 1738; x_wconf 93' lang='lat' dir='ltr'><strong>imo</strong></span> <span class='ocrx_word' id='word_1_124' title='bbox 473 1682 504 1737; x_wconf 92' lang='lat' dir='ltr'><strong>et</strong></span> <span class='ocrx_word' id='word_1_125' title='bbox 516 1674 658 1750; x_wconf 87' lang='lat' dir='ltr'><strong>amissio,</strong></span> <span class='ocrx_word' id='word_1_126' title='bbox 673 1682 729 1737; x_wconf 90' lang='lat' dir='ltr'><strong>etc.</strong></span> 
     </span>
    </p>

    <p class='ocr_par' dir='ltr' id='par_1_6' title="bbox 281 1759 1497 1842">
     <span class='ocr_line' id='line_1_16' title="bbox 281 1759 1497 1842; baseline -0.01 -14"><span class='ocrx_word' id='word_1_127' title='bbox 281 1765 445 1829; x_wconf 83' lang='lat' dir='ltr'>Remedia:</span> <span class='ocrx_word' id='word_1_128' title='bbox 459 1762 556 1826; x_wconf 90' lang='lat' dir='ltr'><strong>oratio</strong></span> <span class='ocrx_word' id='word_1_129' title='bbox 572 1761 713 1842; x_wconf 76' lang='lat' dir='ltr'>frequens</span> <span class='ocrx_word' id='word_1_130' title='bbox 730 1768 760 1825; x_wconf 92' lang='lat' dir='ltr'><strong>et</strong></span> <span class='ocrx_word' id='word_1_131' title='bbox 776 1762 920 1833; x_wconf 90' lang='lat' dir='ltr'><strong>humilis,</strong></span> <span class='ocrx_word' id='word_1_132' title='bbox 937 1781 1085 1826; x_wconf 86' lang='lat' dir='ltr'><strong>sensuum</strong></span> <span class='ocrx_word' id='word_1_133' title='bbox 1100 1764 1255 1841; x_wconf 88' lang='lat' dir='ltr'><strong>custodia,</strong></span> <span class='ocrx_word' id='word_1_134' title='bbox 1277 1764 1458 1828; x_wconf 78' lang='lat' dir='ltr'><strong>occasionum</strong></span> <span class='ocrx_word' id='word_1_135' title='bbox 1471 1759 1497 1818; x_wconf 90' lang='lat' dir='ltr'><strong>et</strong></span> 
     </span>
    </p>
   </div>
   <div class='ocr_carea' id='block_1_5' title="bbox 238 1847 1495 2021">
    <p class='ocr_par' dir='ltr' id='par_1_7' title="bbox 238 1847 1495 2021">
     <span class='ocr_line' id='line_1_17' title="bbox 239 1847 1495 2006; baseline -0.01 -88"><span class='ocrx_word' id='word_1_136' title='bbox 239 1855 296 1918; x_wconf 93' lang='lat' dir='ltr'><strong>otii</strong></span> <span class='ocrx_word' id='word_1_137' title='bbox 300 1851 518 2006; x_wconf 52' lang='grc' dir='ltr'><strong>ιξιιὲιὲιιὶιιίι</strong></span> <span class='ocrx_word' id='word_1_138' title='bbox 536 1851 748 2002; x_wconf 51' lang='lat' dir='ltr'><strong>mgrtilicatio,</strong></span> <span class='ocrx_word' id='word_1_139' title='bbox 766 1851 986 1932; x_wconf 89' lang='lat' dir='ltr'><strong>temperantia,</strong></span> <span class='ocrx_word' id='word_1_140' title='bbox 1012 1854 1281 1926; x_wconf 82' lang='lat' dir='ltr'><strong>Sacramenlorum</strong></span> <span class='ocrx_word' id='word_1_141' title='bbox 1297 1847 1495 1932; x_wconf 87' lang='lat' dir='ltr'><strong>frequentatio.</strong></span> 
     </span>
     <span class='ocr_line' id='line_1_18' title="bbox 238 1944 622 2021; baseline -0.005 -17"><span class='ocrx_word' id='word_1_142' title='bbox 238 1980 279 1990; x_wconf 93' lang='lat'><em>-</em></span> <span class='ocrx_word' id='word_1_143' title='bbox 325 1947 369 2003; x_wconf 85' lang='lat' dir='ltr'><strong>i.</strong></span> <span class='ocrx_word' id='word_1_144' title='bbox 418 1989 424 2002; x_wconf 93' lang='lat'><strong>.</strong></span> <span class='ocrx_word' id='word_1_145' title='bbox 468 1944 509 2021; x_wconf 83' lang='lat' dir='ltr'><strong>ip.</strong></span> <span class='ocrx_word' id='word_1_146' title='bbox 523 1961 554 2001; x_wconf 87' lang='grc' dir='ltr'><strong>η.</strong></span> <span class='ocrx_word' id='word_1_147' title='bbox 593 1946 622 2002; x_wconf 91' lang='lat' dir='ltr'><strong>l.</strong></span> 
     </span>
    </p>
   </div>
   <div class='ocr_carea' id='block_1_6' title="bbox 726 2061 1027 2130">
    <p class='ocr_par' dir='ltr' id='par_1_8' title="bbox 726 2061 1027 2130">
     <span class='ocr_line' id='line_1_19' title="bbox 726 2061 1027 2130; baseline 0 0"><span class='ocrx_word' id='word_1_148' title='bbox 726 2061 787 2130; x_wconf 87' lang='lat' dir='ltr'><strong>lV.</strong></span> <span class='ocrx_word' id='word_1_149' title='bbox 811 2065 859 2130; x_wconf 86' lang='lat' dir='ltr'><strong>De</strong></span> <span class='ocrx_word' id='word_1_150' title='bbox 876 2063 1027 2130; x_wconf 80' lang='lat' dir='ltr'><strong>Inuidia.</strong></span> 
     </span>
    </p>
   </div>
   <div class='ocr_carea' id='block_1_7' title="bbox 238 2209 1502 2920">
    <p class='ocr_par' dir='ltr' id='par_1_9' title="bbox 240 2209 1500 2561">
     <span class='ocr_line' id='line_1_20' title="bbox 280 2209 1500 2296; baseline -0.011 -16"><span class='ocrx_word' id='word_1_151' title='bbox 280 2222 350 2280; x_wconf 81' lang='lat' dir='ltr'><strong>l&#39;l&#39;l.</strong></span> <span class='ocrx_word' id='word_1_152' title='bbox 366 2252 405 2262; x_wconf 89' lang='lat'><em>-</em></span> <span class='ocrx_word' id='word_1_153' title='bbox 428 2215 551 2278; x_wconf 79' lang='lat' dir='ltr'><strong>Invidia</strong></span> <span class='ocrx_word' id='word_1_154' title='bbox 572 2221 617 2277; x_wconf 93' lang='lat' dir='ltr'><strong>est</strong></span> <span class='ocrx_word' id='word_1_155' title='bbox 632 2214 760 2276; x_wconf 86' lang='lat' dir='ltr'><strong>tristitia</strong></span> <span class='ocrx_word' id='word_1_156' title='bbox 783 2215 820 2276; x_wconf 91' lang='lat' dir='ltr'>de</span> <span class='ocrx_word' id='word_1_157' title='bbox 841 2215 921 2277; x_wconf 92' lang='lat' dir='ltr'><strong>bono</strong></span> <span class='ocrx_word' id='word_1_158' title='bbox 944 2213 1085 2290; x_wconf 80' lang='lat' dir='ltr'><strong>alteriue,</strong></span> <span class='ocrx_word' id='word_1_159' title='bbox 1106 2222 1260 2296; x_wconf 90' lang='lat' dir='ltr'><strong>quatenus</strong></span> <span class='ocrx_word' id='word_1_160' title='bbox 1284 2215 1447 2279; x_wconf 76' lang='lat' dir='ltr'><strong>estimatur</strong></span> <span class='ocrx_word' id='word_1_161' title='bbox 1468 2209 1500 2268; x_wconf 91' lang='lat' dir='ltr'><strong>ut</strong></span> 
     </span>
     <span class='ocr_line' id='line_1_21' title="bbox 240 2297 1499 2388; baseline -0.008 -17"><span class='ocrx_word' id='word_1_162' title='bbox 240 2303 545 2388; x_wconf 85' lang='lat' dir='ltr'><strong>malumproprium,</strong></span> <span class='ocrx_word' id='word_1_163' title='bbox 562 2310 616 2366; x_wconf 91' lang='lat' dir='ltr'><strong>aut</strong></span> <span class='ocrx_word' id='word_1_164' title='bbox 635 2303 744 2366; x_wconf 89' lang='lat' dir='ltr'><strong>saltem</strong></span> <span class='ocrx_word' id='word_1_165' title='bbox 767 2303 874 2365; x_wconf 88' lang='lat' dir='ltr'><strong>minus</strong></span> <span class='ocrx_word' id='word_1_166' title='bbox 891 2303 1021 2366; x_wconf 87' lang='lat' dir='ltr'><strong>bonum.</strong></span> <span class='ocrx_word' id='word_1_167' title='bbox 1041 2305 1090 2367; x_wconf 86' lang='lat' dir='ltr'><strong>Ad</strong></span> <span class='ocrx_word' id='word_1_168' title='bbox 1110 2323 1178 2366; x_wconf 90' lang='lat' dir='ltr'><strong>eam</strong></span> <span class='ocrx_word' id='word_1_169' title='bbox 1192 2311 1353 2369; x_wconf 88' lang='lat' dir='ltr'><strong>revocatur</strong></span> <span class='ocrx_word' id='word_1_170' title='bbox 1366 2297 1499 2383; x_wconf 83' lang='lat' dir='ltr'><strong>gaudium</strong></span> 
     </span>
     <span class='ocr_line' id='line_1_22' title="bbox 241 2383 1500 2474; baseline -0.013 -14"><span class='ocrx_word' id='word_1_171' title='bbox 241 2398 278 2460; x_wconf 91' lang='lat' dir='ltr'>de</span> <span class='ocrx_word' id='word_1_172' title='bbox 297 2393 423 2458; x_wconf 89' lang='lat' dir='ltr'><strong>alterius</strong></span> <span class='ocrx_word' id='word_1_173' title='bbox 441 2394 538 2467; x_wconf 85' lang='lat' dir='ltr'><strong>male,</strong></span> <span class='ocrx_word' id='word_1_174' title='bbox 556 2393 636 2474; x_wconf 90' lang='lat' dir='ltr'><strong>quod</strong></span> <span class='ocrx_word' id='word_1_175' title='bbox 654 2391 728 2453; x_wconf 87' lang='lat' dir='ltr'><strong>boni</strong></span> <span class='ocrx_word' id='word_1_176' title='bbox 744 2391 860 2472; x_wconf 88' lang='lat' dir='ltr'><strong>proprii</strong></span> <span class='ocrx_word' id='word_1_177' title='bbox 873 2399 1078 2472; x_wconf 85' lang='lat' dir='ltr'><strong>augmentum</strong></span> <span class='ocrx_word' id='word_1_178' title='bbox 1092 2397 1336 2474; x_wconf 43' lang='lat' dir='ltr'><strong>censeatur.‚Est</strong></span> <span class='ocrx_word' id='word_1_179' title='bbox 1349 2396 1446 2454; x_wconf 88' lang='lat' dir='ltr'><strong>autem</strong></span> <span class='ocrx_word' id='word_1_180' title='bbox 1458 2383 1500 2446; x_wconf 86' lang='lat' dir='ltr'><strong>di-</strong></span> 
     </span>
     <span class='ocr_line' id='line_1_23' title="bbox 240 2481 1035 2561; baseline -0.006 -13"><span class='ocrx_word' id='word_1_181' title='bbox 240 2492 320 2548; x_wconf 87' lang='lat' dir='ltr'>recte</span> <span class='ocrx_word' id='word_1_182' title='bbox 331 2487 434 2545; x_wconf 90' lang='lat' dir='ltr'><strong>contra</strong></span> <span class='ocrx_word' id='word_1_183' title='bbox 447 2481 628 2554; x_wconf 85' lang='lat' dir='ltr'><strong>caritatem,</strong></span> <span class='ocrx_word' id='word_1_184' title='bbox 642 2487 719 2543; x_wconf 86' lang='lat' dir='ltr'>etex</span> <span class='ocrx_word' id='word_1_185' title='bbox 734 2499 842 2561; x_wconf 85' lang='lat' dir='ltr'>genere</span> <span class='ocrx_word' id='word_1_186' title='bbox 856 2499 911 2544; x_wconf 91' lang='lat' dir='ltr'><strong>suo</strong></span> <span class='ocrx_word' id='word_1_187' title='bbox 923 2481 1035 2560; x_wconf 83' lang='lat' dir='ltr'><strong>gravis.</strong></span> 
     </span>
    </p>

    <p class='ocr_par' dir='ltr' id='par_1_10' title="bbox 282 2568 1253 2646">
     <span class='ocr_line' id='line_1_24' title="bbox 282 2568 1253 2646; baseline 0 -12"><span class='ocrx_word' id='word_1_188' title='bbox 282 2571 373 2634; x_wconf 83' lang='lat' dir='ltr'><strong>Filr&#39;oe</strong></span> <span class='ocrx_word' id='word_1_189' title='bbox 383 2591 395 2633; x_wconf 90' lang='lat'><strong>.·</strong></span> <span class='ocrx_word' id='word_1_190' title='bbox 410 2568 571 2644; x_wconf 86' lang='lat' dir='ltr'><strong>detractio,</strong></span> <span class='ocrx_word' id='word_1_191' title='bbox 588 2569 756 2644; x_wconf 85' lang='lat' dir='ltr'><strong>calumnia,</strong></span> <span class='ocrx_word' id='word_1_192' title='bbox 774 2569 960 2644; x_wconf 88' lang='lat' dir='ltr'><strong>susurratio,</strong></span> <span class='ocrx_word' id='word_1_193' title='bbox 977 2570 1176 2646; x_wconf 87' lang='lat' dir='ltr'><strong>contumelia,</strong></span> <span class='ocrx_word' id='word_1_194' title='bbox 1193 2577 1253 2634; x_wconf 89' lang='grc' dir='ltr'>ιιι,</span> 
     </span>
    </p>

    <p class='ocr_par' dir='ltr' id='par_1_11' title="bbox 238 2648 1502 2920">
     <span class='ocr_line' id='line_1_25' title="bbox 280 2648 1502 2738; baseline -0.011 -15"><span class='ocrx_word' id='word_1_195' title='bbox 280 2661 421 2723; x_wconf 78' lang='lat' dir='ltr'><strong>Ronedia</strong></span> <span class='ocrx_word' id='word_1_196' title='bbox 431 2679 443 2720; x_wconf 95' lang='grc'><strong>.·</strong></span> <span class='ocrx_word' id='word_1_197' title='bbox 458 2657 658 2722; x_wconf 87' lang='lat' dir='ltr'><strong>consideratio</strong></span> <span class='ocrx_word' id='word_1_198' title='bbox 673 2658 825 2720; x_wconf 86' lang='lat' dir='ltr'><strong>melorum</strong></span> <span class='ocrx_word' id='word_1_199' title='bbox 839 2676 877 2720; x_wconf 83' lang='lat' dir='ltr'><strong>er</strong></span> <span class='ocrx_word' id='word_1_200' title='bbox 895 2656 1015 2720; x_wconf 86' lang='lat' dir='ltr'><strong>invidia</strong></span> <span class='ocrx_word' id='word_1_201' title='bbox 1035 2660 1302 2738; x_wconf 87' lang='lat' dir='ltr'><strong>provenientium,</strong></span> <span class='ocrx_word' id='word_1_202' title='bbox 1317 2655 1408 2722; x_wconf 87' lang='lat' dir='ltr'><strong>officia</strong></span> <span class='ocrx_word' id='word_1_203' title='bbox 1424 2648 1502 2715; x_wconf 85' lang='lat' dir='ltr'><strong>Cari-</strong></span> 
     </span>
     <span class='ocr_line' id='line_1_26' title="bbox 238 2735 1499 2830; baseline -0.004 -16"><span class='ocrx_word' id='word_1_204' title='bbox 238 2750 313 2814; x_wconf 89' lang='lat' dir='ltr'><strong>tatis</strong></span> <span class='ocrx_word' id='word_1_205' title='bbox 335 2769 405 2830; x_wconf 85' lang='lat' dir='ltr'><strong>erga</strong></span> <span class='ocrx_word' id='word_1_206' title='bbox 423 2747 617 2828; x_wconf 83' lang='lat' dir='ltr'><strong>proximum,</strong></span> <span class='ocrx_word' id='word_1_207' title='bbox 643 2747 738 2810; x_wconf 90' lang='lat' dir='ltr'><strong>oratio</strong></span> <span class='ocrx_word' id='word_1_208' title='bbox 760 2745 919 2828; x_wconf 81' lang='lat' dir='ltr'>frequens,</span> <span class='ocrx_word' id='word_1_209' title='bbox 948 2744 1138 2810; x_wconf 88' lang='lat' dir='ltr'><strong>humilitatis</strong></span> <span class='ocrx_word' id='word_1_210' title='bbox 1160 2750 1354 2813; x_wconf 86' lang='lat' dir='ltr'><strong>exercitium.</strong></span> <span class='ocrx_word' id='word_1_211' title='bbox 1374 2779 1411 2791; x_wconf 81' lang='lat'><strong>-</strong></span> <span class='ocrx_word' id='word_1_212' title='bbox 1438 2735 1499 2802; x_wconf 73' lang='lat' dir='ltr'><strong>Vid-</strong></span> 
     </span>
     <span class='ocr_line' id='line_1_27' title="bbox 238 2839 471 2920; baseline -0.021 -17"><span class='ocrx_word' id='word_1_213' title='bbox 238 2839 275 2903; x_wconf 87' lang='lat' dir='ltr'><strong>S.</strong></span> <span class='ocrx_word' id='word_1_214' title='bbox 293 2840 404 2920; x_wconf 73' lang='lat' dir='ltr'><strong>Lipo.</strong></span> <span class='ocrx_word' id='word_1_215' title='bbox 421 2841 471 2900; x_wconf 73' lang='lat' dir='ltr'><strong>te.</strong></span> 
     </span>
    </p>
   </div>
   <div class='ocr_carea' id='block_1_8' title="bbox 772 2953 975 3022">
    <p class='ocr_par' dir='ltr' id='par_1_12' title="bbox 772 2953 975 3022">
     <span class='ocr_line' id='line_1_28' title="bbox 772 2953 975 3022; baseline 0.005 -4"><span class='ocrx_word' id='word_1_216' title='bbox 772 2953 815 3020; x_wconf 89' lang='lat' dir='ltr'><strong>V.</strong></span> <span class='ocrx_word' id='word_1_217' title='bbox 841 2955 975 3022; x_wconf 81' lang='lat' dir='ltr'>Deire.</span> 
     </span>
    </p>
   </div>
   <div class='ocr_carea' id='block_1_9' title="bbox 239 3103 1502 3726">
    <p class='ocr_par' dir='ltr' id='par_1_13' title="bbox 239 3103 1502 3452">
     <span class='ocr_line' id='line_1_29' title="bbox 279 3103 1500 3187; baseline -0.009 -15"><span class='ocrx_word' id='word_1_218' title='bbox 279 3111 349 3172; x_wconf 73' lang='lat' dir='ltr'><strong>rte.</strong></span> <span class='ocrx_word' id='word_1_219' title='bbox 366 3144 407 3154; x_wconf 92' lang='lat'><em>-</em></span> <span class='ocrx_word' id='word_1_220' title='bbox 422 3108 476 3170; x_wconf 76' lang='lat' dir='ltr'><strong>Ira</strong></span> <span class='ocrx_word' id='word_1_221' title='bbox 489 3114 536 3170; x_wconf 89' lang='lat' dir='ltr'><strong>est</strong></span> <span class='ocrx_word' id='word_1_222' title='bbox 548 3105 797 3170; x_wconf 80' lang='lat' dir='ltr'><strong>excandescentia</strong></span> <span class='ocrx_word' id='word_1_223' title='bbox 810 3105 923 3181; x_wconf 85' lang='lat' dir='ltr'><strong>animi,</strong></span> <span class='ocrx_word' id='word_1_224' title='bbox 940 3114 1105 3187; x_wconf 90' lang='lat' dir='ltr'><strong>motusque</strong></span> <span class='ocrx_word' id='word_1_225' title='bbox 1118 3105 1316 3172; x_wconf 89' lang='lat' dir='ltr'><strong>inordinatus</strong></span> <span class='ocrx_word' id='word_1_226' title='bbox 1332 3107 1365 3170; x_wconf 92' lang='lat' dir='ltr'><strong>in</strong></span> <span class='ocrx_word' id='word_1_227' title='bbox 1380 3103 1500 3182; x_wconf 88' lang='lat' dir='ltr'><strong>aliquem</strong></span> 
     </span>
     <span class='ocr_line' id='line_1_30' title="bbox 240 3189 1501 3280; baseline -0.013 -16"><span class='ocrx_word' id='word_1_228' title='bbox 240 3199 288 3264; x_wconf 91' lang='lat' dir='ltr'>vel</span> <span class='ocrx_word' id='word_1_229' title='bbox 308 3197 441 3280; x_wconf 78' lang='lat' dir='ltr'><strong>aliquid3</strong></span> <span class='ocrx_word' id='word_1_230' title='bbox 457 3197 505 3259; x_wconf 91' lang='lat' dir='ltr'>vel</span> <span class='ocrx_word' id='word_1_231' title='bbox 524 3203 570 3259; x_wconf 86' lang='lat' dir='ltr'><strong>est</strong></span> <span class='ocrx_word' id='word_1_232' title='bbox 583 3195 779 3259; x_wconf 85' lang='lat' dir='ltr'><strong>inordinatus</strong></span> <span class='ocrx_word' id='word_1_233' title='bbox 800 3193 954 3274; x_wconf 84' lang='lat' dir='ltr'><strong>appetitus</strong></span> <span class='ocrx_word' id='word_1_234' title='bbox 973 3195 1128 3257; x_wconf 73' lang='lat' dir='ltr'><strong>vindicte.</strong></span> <span class='ocrx_word' id='word_1_235' title='bbox 1147 3197 1310 3260; x_wconf 86' lang='lat' dir='ltr'><strong>Iracundia</strong></span> <span class='ocrx_word' id='word_1_236' title='bbox 1329 3200 1375 3258; x_wconf 90' lang='lat' dir='ltr'><strong>est</strong></span> <span class='ocrx_word' id='word_1_237' title='bbox 1389 3189 1501 3255; x_wconf 84' lang='lat' dir='ltr'><strong>habitus</strong></span> 
     </span>
     <span class='ocr_line' id='line_1_31' title="bbox 239 3279 1502 3364; baseline -0.013 -12"><span class='ocrx_word' id='word_1_238' title='bbox 239 3287 304 3352; x_wconf 83' lang='lat' dir='ltr'><strong>irae.</strong></span> <span class='ocrx_word' id='word_1_239' title='bbox 319 3289 367 3350; x_wconf 90' lang='lat' dir='ltr'><strong>Ira</strong></span> <span class='ocrx_word' id='word_1_240' title='bbox 381 3284 519 3350; x_wconf 86' lang='lat' dir='ltr'><strong>mortalis</strong></span> <span class='ocrx_word' id='word_1_241' title='bbox 532 3291 579 3348; x_wconf 90' lang='lat' dir='ltr'><strong>est</strong></span> <span class='ocrx_word' id='word_1_242' title='bbox 593 3303 630 3347; x_wconf 86' lang='lat' dir='ltr'><strong>err</strong></span> <span class='ocrx_word' id='word_1_243' title='bbox 646 3301 753 3364; x_wconf 86' lang='lat' dir='ltr'>genere</span> <span class='ocrx_word' id='word_1_244' title='bbox 772 3301 841 3356; x_wconf 90' lang='lat' dir='ltr'><strong>suo,</strong></span> <span class='ocrx_word' id='word_1_245' title='bbox 859 3282 886 3344; x_wconf 85' lang='lat' dir='ltr'><strong>si</strong></span> <span class='ocrx_word' id='word_1_246' title='bbox 906 3282 948 3344; x_wconf 91' lang='lat' dir='ltr'><strong>sit</strong></span> <span class='ocrx_word' id='word_1_247' title='bbox 966 3283 1120 3363; x_wconf 87' lang='lat' dir='ltr'><strong>appetitus</strong></span> <span class='ocrx_word' id='word_1_248' title='bbox 1139 3283 1300 3360; x_wconf 60' lang='lat' dir='ltr'><strong>vindicum</strong></span> <span class='ocrx_word' id='word_1_249' title='bbox 1318 3279 1441 3348; x_wconf 90' lang='lat' dir='ltr'><strong>venialis</strong></span> <span class='ocrx_word' id='word_1_250' title='bbox 1454 3291 1502 3338; x_wconf 88' lang='lat' dir='ltr'><strong>au·</strong></span> 
     </span>
     <span class='ocr_line' id='line_1_32' title="bbox 239 3371 1013 3452; baseline -0.01 -12"><span class='ocrx_word' id='word_1_251' title='bbox 239 3381 320 3452; x_wconf 89' lang='lat' dir='ltr'><strong>tem,</strong></span> <span class='ocrx_word' id='word_1_252' title='bbox 340 3375 365 3438; x_wconf 89' lang='lat' dir='ltr'><strong>si</strong></span> <span class='ocrx_word' id='word_1_253' title='bbox 381 3375 422 3438; x_wconf 88' lang='lat' dir='ltr'><strong>sit</strong></span> <span class='ocrx_word' id='word_1_254' title='bbox 434 3379 558 3437; x_wconf 82' lang='lat' dir='ltr'><strong>tanturn</strong></span> <span class='ocrx_word' id='word_1_255' title='bbox 573 3380 677 3436; x_wconf 90' lang='lat' dir='ltr'><strong>motus</strong></span> <span class='ocrx_word' id='word_1_256' title='bbox 691 3372 791 3435; x_wconf 90' lang='lat' dir='ltr'><strong>animi</strong></span> <span class='ocrx_word' id='word_1_257' title='bbox 807 3371 1013 3433; x_wconf 86' lang='lat' dir='ltr'><strong>inordinatus.</strong></span> 
     </span>
    </p>

    <p class='ocr_par' dir='ltr' id='par_1_14' title="bbox 279 3459 1343 3542">
     <span class='ocr_line' id='line_1_33' title="bbox 279 3459 1343 3542; baseline -0.006 -14"><span class='ocrx_word' id='word_1_258' title='bbox 279 3465 393 3528; x_wconf 81' lang='lat' dir='ltr'><strong>Filiae:</strong></span> <span class='ocrx_word' id='word_1_259' title='bbox 407 3462 595 3542; x_wconf 80' lang='lat' dir='ltr'><strong>indignatio,</strong></span> <span class='ocrx_word' id='word_1_260' title='bbox 612 3479 729 3535; x_wconf 84' lang='lat' dir='ltr'><strong>rancor,</strong></span> <span class='ocrx_word' id='word_1_261' title='bbox 746 3462 871 3532; x_wconf 84' lang='lat' dir='ltr'><strong>clamor,</strong></span> <span class='ocrx_word' id='word_1_262' title='bbox 891 3459 1041 3534; x_wconf 79' lang='lat' dir='ltr'><strong>convicio,</strong></span> <span class='ocrx_word' id='word_1_263' title='bbox 1056 3461 1270 3542; x_wconf 76' lang='lat' dir='ltr'><strong>blasphemie,</strong></span> <span class='ocrx_word' id='word_1_264' title='bbox 1285 3468 1343 3526; x_wconf 88' lang='lat' dir='ltr'><strong>eto.</strong></span> 
     </span>
    </p>

    <p class='ocr_par' dir='ltr' id='par_1_15' title="bbox 240 3536 1502 3726">
     <span class='ocr_line' id='line_1_34' title="bbox 281 3536 1502 3623; baseline -0.006 -5"><span class='ocrx_word' id='word_1_265' title='bbox 281 3552 447 3618; x_wconf 81' lang='lat' dir='ltr'><strong>Remedia:</strong></span> <span class='ocrx_word' id='word_1_266' title='bbox 459 3550 658 3614; x_wconf 89' lang='lat' dir='ltr'><strong>consideratio</strong></span> <span class='ocrx_word' id='word_1_267' title='bbox 681 3550 833 3612; x_wconf 88' lang='lat' dir='ltr'><strong>malorum</strong></span> <span class='ocrx_word' id='word_1_268' title='bbox 847 3548 916 3623; x_wconf 77' lang='lat' dir='ltr'><strong>ira,</strong></span> <span class='ocrx_word' id='word_1_269' title='bbox 932 3553 962 3609; x_wconf 91' lang='lat' dir='ltr'><strong>et</strong></span> <span class='ocrx_word' id='word_1_270' title='bbox 977 3551 1226 3614; x_wconf 87' lang='lat' dir='ltr'><strong>mansuetudinis</strong></span> <span class='ocrx_word' id='word_1_271' title='bbox 1239 3550 1366 3615; x_wconf 81' lang='lat' dir='ltr'><strong>Christi.</strong></span> <span class='ocrx_word' id='word_1_272' title='bbox 1385 3579 1421 3593; x_wconf 88' lang='lat'><em>-</em></span> <span class='ocrx_word' id='word_1_273' title='bbox 1439 3536 1502 3605; x_wconf 71' lang='lat' dir='ltr'><strong>Vid-</strong></span> 
     </span>
     <span class='ocr_line' id='line_1_35' title="bbox 240 3645 575 3726; baseline -0.021 -18"><span class='ocrx_word' id='word_1_274' title='bbox 240 3645 276 3708; x_wconf 87' lang='lat' dir='ltr'><strong>S.</strong></span> <span class='ocrx_word' id='word_1_275' title='bbox 293 3645 362 3726; x_wconf 76' lang='lat' dir='ltr'><strong>Lip.</strong></span> <span class='ocrx_word' id='word_1_276' title='bbox 374 3663 405 3704; x_wconf 80' lang='lat' dir='ltr'><strong>n.</strong></span> <span class='ocrx_word' id='word_1_277' title='bbox 421 3645 460 3706; x_wconf 82' lang='lat'><strong>80</strong></span> <span class='ocrx_word' id='word_1_278' title='bbox 473 3651 502 3703; x_wconf 84' lang='lat' dir='ltr'><strong>et</strong></span> <span class='ocrx_word' id='word_1_279' title='bbox 515 3660 575 3722; x_wconf 74' lang='lat' dir='ltr'>aeq.</span> 
     </span>
    </p>
   </div>
   <div class='ocr_carea' id='block_1_10' title="bbox 729 3759 1020 3830">
    <p class='ocr_par' dir='ltr' id='par_1_16' title="bbox 729 3759 1020 3830">
     <span class='ocr_line' id='line_1_36' title="bbox 729 3759 1020 3830; baseline 0 -3"><span class='ocrx_word' id='word_1_280' title='bbox 729 3761 793 3830; x_wconf 80' lang='lat' dir='ltr'><strong>vl.</strong></span> <span class='ocrx_word' id='word_1_281' title='bbox 815 3762 862 3827; x_wconf 89' lang='lat' dir='ltr'><strong>De</strong></span> <span class='ocrx_word' id='word_1_282' title='bbox 880 3759 1020 3828; x_wconf 70' lang='lat' dir='ltr'><strong>Aaron.</strong></span> 
     </span>
    </p>
   </div>
   <div class='ocr_carea' id='block_1_11' title="bbox 237 3910 1505 4615">
    <p class='ocr_par' dir='ltr' id='par_1_17' title="bbox 237 3910 1504 4438">
     <span class='ocr_line' id='line_1_37' title="bbox 280 3910 1503 4004; baseline -0.011 -22"><span class='ocrx_word' id='word_1_283' title='bbox 280 3920 349 3982; x_wconf 80' lang='lat' dir='ltr'><strong>l&#39;l9.</strong></span> <span class='ocrx_word' id='word_1_284' title='bbox 366 3953 405 3962; x_wconf 92' lang='lat'><em>-</em></span> <span class='ocrx_word' id='word_1_285' title='bbox 419 3915 537 3978; x_wconf 84' lang='lat' dir='ltr'><strong>Acediu</strong></span> <span class='ocrx_word' id='word_1_286' title='bbox 549 3915 583 3976; x_wconf 93' lang='lat' dir='ltr'><strong>in</strong></span> <span class='ocrx_word' id='word_1_287' title='bbox 599 3932 706 3993; x_wconf 85' lang='lat' dir='ltr'>genere</span> <span class='ocrx_word' id='word_1_288' title='bbox 721 3911 805 3975; x_wconf 89' lang='lat' dir='ltr'><strong>idern</strong></span> <span class='ocrx_word' id='word_1_289' title='bbox 823 3916 911 3974; x_wconf 88' lang='lat' dir='ltr'><strong>sonat</strong></span> <span class='ocrx_word' id='word_1_290' title='bbox 928 3929 962 3974; x_wconf 86' lang='lat' dir='ltr'><strong>ac</strong></span> <span class='ocrx_word' id='word_1_291' title='bbox 978 3910 1117 3991; x_wconf 86' lang='lat' dir='ltr'><strong>pigritia;</strong></span> <span class='ocrx_word' id='word_1_292' title='bbox 1135 3913 1273 3976; x_wconf 88' lang='lat' dir='ltr'><strong>strictius</strong></span> <span class='ocrx_word' id='word_1_293' title='bbox 1296 3929 1367 3976; x_wconf 87' lang='lat' dir='ltr'><strong>vero</strong></span> <span class='ocrx_word' id='word_1_294' title='bbox 1386 3913 1430 3973; x_wconf 89' lang='lat' dir='ltr'><strong>est</strong></span> <span class='ocrx_word' id='word_1_295' title='bbox 1448 3911 1503 4004; x_wconf 59' lang='lat' dir='ltr'><strong>tols-</strong></span> 
     </span>
     <span class='ocr_line' id='line_1_38' title="bbox 238 3996 1504 4088; baseline -0.013 -20"><span class='ocrx_word' id='word_1_296' title='bbox 238 4025 293 4088; x_wconf 88' lang='lat' dir='ltr'><strong>por</strong></span> <span class='ocrx_word' id='word_1_297' title='bbox 310 4003 444 4080; x_wconf 88' lang='lat' dir='ltr'><strong>mentis,</strong></span> <span class='ocrx_word' id='word_1_298' title='bbox 465 4023 499 4066; x_wconf 90' lang='lat' dir='ltr'><strong>ac</strong></span> <span class='ocrx_word' id='word_1_299' title='bbox 519 4001 660 4065; x_wconf 91' lang='lat' dir='ltr'><strong>debilitas</strong></span> <span class='ocrx_word' id='word_1_300' title='bbox 683 4001 867 4074; x_wconf 87' lang='lat' dir='ltr'><strong>voluntatis,</strong></span> <span class='ocrx_word' id='word_1_301' title='bbox 884 4017 920 4062; x_wconf 79' lang='lat' dir='ltr'><strong>err</strong></span> <span class='ocrx_word' id='word_1_302' title='bbox 940 3999 1054 4080; x_wconf 90' lang='lat' dir='ltr'><strong>quihus</strong></span> <span class='ocrx_word' id='word_1_303' title='bbox 1074 4000 1284 4082; x_wconf 87' lang='lat' dir='ltr'><strong>spiritualium</strong></span> <span class='ocrx_word' id='word_1_304' title='bbox 1303 4017 1406 4065; x_wconf 89' lang='lat' dir='ltr'><strong>rerum</strong></span> <span class='ocrx_word' id='word_1_305' title='bbox 1425 3996 1504 4058; x_wconf 88' lang='lat' dir='ltr'><strong>lastr-</strong></span> 
     </span>
     <span class='ocr_line' id='line_1_39' title="bbox 238 4087 1503 4169; baseline -0.01 -12"><span class='ocrx_word' id='word_1_306' title='bbox 238 4093 326 4157; x_wconf 88' lang='lat' dir='ltr'><strong>dimn</strong></span> <span class='ocrx_word' id='word_1_307' title='bbox 340 4094 378 4156; x_wconf 87' lang='lat' dir='ltr'><strong>oh</strong></span> <span class='ocrx_word' id='word_1_308' title='bbox 392 4093 526 4156; x_wconf 89' lang='lat' dir='ltr'><strong>laborem</strong></span> <span class='ocrx_word' id='word_1_309' title='bbox 539 4097 570 4154; x_wconf 91' lang='lat' dir='ltr'><strong>et</strong></span> <span class='ocrx_word' id='word_1_310' title='bbox 583 4089 756 4154; x_wconf 88' lang='lat' dir='ltr'><strong>molestiam</strong></span> <span class='ocrx_word' id='word_1_311' title='bbox 768 4087 844 4168; x_wconf 90' lang='lat' dir='ltr'><strong>ipsis</strong></span> <span class='ocrx_word' id='word_1_312' title='bbox 858 4088 1037 4169; x_wconf 88' lang='lat' dir='ltr'><strong>adjunctam</strong></span> <span class='ocrx_word' id='word_1_313' title='bbox 1052 4089 1189 4168; x_wconf 87' lang='lat' dir='ltr'><strong>profluit.</strong></span> <span class='ocrx_word' id='word_1_314' title='bbox 1207 4091 1238 4154; x_wconf 88' lang='lat' dir='ltr'><strong>Si</strong></span> <span class='ocrx_word' id='word_1_315' title='bbox 1254 4095 1340 4153; x_wconf 84' lang='lat' dir='ltr'><strong>tanta</strong></span> <span class='ocrx_word' id='word_1_316' title='bbox 1356 4089 1410 4162; x_wconf 92' lang='lat' dir='ltr'><strong>sit,</strong></span> <span class='ocrx_word' id='word_1_317' title='bbox 1426 4089 1460 4146; x_wconf 92' lang='lat' dir='ltr'><strong>ut</strong></span> <span class='ocrx_word' id='word_1_318' title='bbox 1469 4093 1503 4141; x_wconf 76' lang='lat' dir='ltr'><strong>ex</strong></span> 
     </span>
     <span class='ocr_line' id='line_1_40' title="bbox 238 4171 1503 4262; baseline -0.015 -16"><span class='ocrx_word' id='word_1_319' title='bbox 238 4200 273 4246; x_wconf 89' lang='lat' dir='ltr'>ea</span> <span class='ocrx_word' id='word_1_320' title='bbox 291 4181 489 4262; x_wconf 84' lang='lat' dir='ltr'><strong>obligationes</strong></span> <span class='ocrx_word' id='word_1_321' title='bbox 505 4199 611 4260; x_wconf 82' lang='lat' dir='ltr'><strong>graves</strong></span> <span class='ocrx_word' id='word_1_322' title='bbox 632 4177 829 4250; x_wconf 85' lang='lat' dir='ltr'><strong>omittentur,</strong></span> <span class='ocrx_word' id='word_1_323' title='bbox 847 4175 947 4255; x_wconf 85' lang='lat' dir='ltr'><strong>gravis</strong></span> <span class='ocrx_word' id='word_1_324' title='bbox 963 4176 1103 4240; x_wconf 87' lang='lat' dir='ltr'><strong>habenda</strong></span> <span class='ocrx_word' id='word_1_325' title='bbox 1122 4183 1185 4256; x_wconf 87' lang='lat' dir='ltr'><strong>est;</strong></span> <span class='ocrx_word' id='word_1_326' title='bbox 1204 4180 1230 4242; x_wconf 90' lang='lat' dir='ltr'><strong>si</strong></span> <span class='ocrx_word' id='word_1_327' title='bbox 1255 4197 1355 4251; x_wconf 88' lang='lat' dir='ltr'><strong>secus,</strong></span> <span class='ocrx_word' id='word_1_328' title='bbox 1379 4173 1450 4237; x_wconf 90' lang='lat' dir='ltr'><strong>levis</strong></span> <span class='ocrx_word' id='word_1_329' title='bbox 1461 4171 1503 4231; x_wconf 90' lang='lat' dir='ltr'><strong>est</strong></span> 
     </span>
     <span class='ocr_line' id='line_1_41' title="bbox 237 4269 766 4334; baseline -0.015 0"><span class='ocrx_word' id='word_1_330' title='bbox 237 4270 432 4334; x_wconf 74' lang='lat' dir='ltr'><strong>estimanda.</strong></span> <span class='ocrx_word' id='word_1_331' title='bbox 443 4305 484 4315; x_wconf 91' lang='lat'><em>-</em></span> <span class='ocrx_word' id='word_1_332' title='bbox 497 4269 548 4331; x_wconf 86' lang='lat' dir='ltr'><strong>Ita</strong></span> <span class='ocrx_word' id='word_1_333' title='bbox 561 4269 766 4330; x_wconf 81' lang='lat' dir='ltr'><strong>communiter.</strong></span> 
     </span>
     <span class='ocr_line' id='line_1_42' title="bbox 245 4353 1230 4438; baseline -0.001 -17"><span class='ocrx_word' id='word_1_334' title='bbox 245 4395 249 4402; x_wconf 89' lang='lat'><strong>·</strong></span> <span class='ocrx_word' id='word_1_335' title='bbox 278 4359 390 4421; x_wconf 75' lang='lat' dir='ltr'>Ferre:</span> <span class='ocrx_word' id='word_1_336' title='bbox 402 4365 515 4438; x_wconf 90' lang='lat' dir='ltr'><strong>torpor,</strong></span> <span class='ocrx_word' id='word_1_337' title='bbox 532 4355 669 4436; x_wconf 80' lang='lat' dir='ltr'><strong>evagatio</strong></span> <span class='ocrx_word' id='word_1_338' title='bbox 687 4353 815 4427; x_wconf 82' lang='lat' dir='ltr'><strong>mentia,</strong></span> <span class='ocrx_word' id='word_1_339' title='bbox 832 4371 947 4416; x_wconf 84' lang='lat' dir='ltr'><strong>nausea</strong></span> <span class='ocrx_word' id='word_1_340' title='bbox 959 4353 993 4417; x_wconf 94' lang='lat' dir='ltr'><strong>in</strong></span> <span class='ocrx_word' id='word_1_341' title='bbox 1007 4355 1157 4431; x_wconf 88' lang='lat' dir='ltr'><strong>oratione,</strong></span> <span class='ocrx_word' id='word_1_342' title='bbox 1174 4364 1230 4422; x_wconf 89' lang='lat' dir='ltr'><strong>etc.</strong></span> 
     </span>
    </p>

    <p class='ocr_par' dir='ltr' id='par_1_18' title="bbox 238 4435 1505 4615">
     <span class='ocr_line' id='line_1_43' title="bbox 278 4435 1505 4524; baseline -0.011 -15"><span class='ocrx_word' id='word_1_343' title='bbox 278 4445 442 4510; x_wconf 83' lang='lat' dir='ltr'><strong>Remedia:</strong></span> <span class='ocrx_word' id='word_1_344' title='bbox 456 4443 656 4508; x_wconf 78' lang='lat' dir='ltr'><strong>comideratio</strong></span> <span class='ocrx_word' id='word_1_345' title='bbox 679 4443 819 4505; x_wconf 84' lang='lat' dir='ltr'><strong>laborum</strong></span> <span class='ocrx_word' id='word_1_346' title='bbox 840 4441 968 4517; x_wconf 84' lang='lat' dir='ltr'><strong>Christi,</strong></span> <span class='ocrx_word' id='word_1_347' title='bbox 992 4445 1139 4508; x_wconf 88' lang='lat' dir='ltr'><strong>mercedis</strong></span> <span class='ocrx_word' id='word_1_348' title='bbox 1158 4453 1293 4520; x_wconf 77' lang='lat' dir='ltr'><strong>aeterna,</strong></span> <span class='ocrx_word' id='word_1_349' title='bbox 1317 4451 1347 4507; x_wconf 91' lang='lat' dir='ltr'><strong>et</strong></span> <span class='ocrx_word' id='word_1_350' title='bbox 1366 4435 1505 4524; x_wconf 57' lang='lat' dir='ltr'><strong>periculo*</strong></span> 
     </span>
     <span class='ocr_line' id='line_1_44' title="bbox 238 4529 1046 4615; baseline -0.009 -15"><span class='ocrx_word' id='word_1_351' title='bbox 238 4553 311 4600; x_wconf 90' lang='lat' dir='ltr'><strong>rum</strong></span> <span class='ocrx_word' id='word_1_352' title='bbox 324 4533 448 4609; x_wconf 73' lang='lat' dir='ltr'><strong>acedia,</strong></span> <span class='ocrx_word' id='word_1_353' title='bbox 464 4533 515 4613; x_wconf 85' lang='lat' dir='ltr'><strong>pia</strong></span> <span class='ocrx_word' id='word_1_354' title='bbox 528 4532 636 4607; x_wconf 88' lang='lat' dir='ltr'><strong>lectio,</strong></span> <span class='ocrx_word' id='word_1_355' title='bbox 653 4531 793 4615; x_wconf 83' lang='lat' dir='ltr'>frequens</span> <span class='ocrx_word' id='word_1_356' title='bbox 807 4529 969 4605; x_wconf 66' lang='lat' dir='ltr'><strong>confusio,</strong></span> <span class='ocrx_word' id='word_1_357' title='bbox 989 4539 1046 4594; x_wconf 86' lang='lat' dir='ltr'>ete.</span> 
     </span>
    </p>
   </div>
   <div class='ocr_carea' id='block_1_12' title="bbox 0 0 1612 5012">
    <p class='ocr_par' dir='ltr' id='par_1_19' title="bbox 0 0 1612 5012">
     <span class='ocr_line' id='line_1_45' title="bbox 0 0 1612 5012; baseline 0 0"><span class='ocrx_word' id='word_1_358' title='bbox 0 0 1612 5012; x_wconf 95' lang='lat' dir='ltr'><strong> </strong></span> 
     </span>
    </p>
   </div>
  </div>
 </body>
</html>
