3216 5020
724 217 930 264 runcinus

704 427 877 505 CAPUT
908 427 949 502 ll

650 621 705 674 DE
734 622 1006 674 JURAMENTO

232 822 302 882 306.
316 853 356 862 -
368 821 537 881 Dnrrnrmo.
553 820 769 880 iuramentum
783 821 829 880 est
842 817 994 881 invocatio
1008 817 1108 880 divini
1120 818 1260 882 Nominis
1276 818 1310 882 in
1328 818 1467 883 testimo-

191 907 282 971 nium
293 906 442 970 veritatis.

231 999 362 1060 Drmsro.
378 995 584 1076 Distinguitur
594 999 828 1078 juramentum:

233 1090 266 1148 1ο
279 1085 482 1147 Assertorium
488 1132 497 1163 ,
513 1085 562 1147 vel
573 1085 819 1168 promissorium,
835 1091 929 1165 prout
942 1083 1114 1148 assumitur
1126 1086 1166 1148 ad
1179 1086 1377 1149 asserendum
1389 1102 1468 1166 pree·

193 1173 293 1236 sentia
315 1174 364 1236 vel
383 1171 554 1254 praeterita,
577 1178 632 1236 aut
655 1173 693 1236 ad
715 1172 858 1236 futurum
878 1173 996 1255 aliquid
1014 1173 1271 1237 confirmandum.
1285 1177 1347 1238 Hoc
1361 1180 1467 1236 autem

193 1262 307 1325 dicitur
319 1263 561 1344 promissorium,
577 1262 624 1324 vel
638 1261 712 1342 quia
726 1262 837 1343 sapius
848 1261 1010 1325 ordinatur
1023 1264 1062 1325 ad
1076 1263 1316 1326 confirmandam
1330 1262 1468 1343 abnuam

192 1350 444 1432 promissionem,
465 1351 513 1413 vel
529 1350 619 1432 quia,
636 1349 731 1413 etiem
755 1351 869 1413 secluso
885 1369 1081 1433 quocumque
1097 1356 1197 1432 pacto,
1215 1351 1378 1433 aequivalet
1398 1369 1466 1432 pro-

193 1437 350 1516 missioni,
365 1443 517 1520 quatenus
530 1437 650 1502 inducit
669 1438 886 1520 obligationem
904 1439 1097 1521 propositum
1108 1443 1250 1520 juratum
1264 1439 1464 1520 exsequendi.

193 1527 242 1590 Sic
263 1528 317 1609 qui
336 1530 423 1608 jurat
445 1547 476 1590 se
496 1527 629 1590 crastina
650 1527 699 1590 die
721 1527 839 1608 aliquid
857 1527 1027 1604 iacturum,
1043 1527 1186 1611 quemvis
1203 1528 1236 1590 id
1257 1529 1379 1591 nemini
1393 1545 1467 1608 pro-

192 1616 319 1692 mittat,
358 1617 511 1698 obligatur
548 1623 653 1679 tamen
684 1620 806 1699 proptor
836 1617 1041 1680 reverentiam
1072 1616 1173 1680 divini
1202 1615 1398 1692 testimonii,
1433 1625 1467 1678 at

193 1707 290 1788 saciat
317 1725 376 1768 esse
400 1725 503 1768 verum
530 1704 565 1767 id
595 1705 678 1788 quod
697 1706 835 1787 juravit,
859 1703 1021 1768 secundum
1048 1725 1133 1770 sumn
1156 1705 1404 1789 possibilitatem.
1427 1739 1469 1751 -

194 1794 352 1858 S.Tlaom.
368 1799 398 1858 2.
415 1799 502 1878 2.,q.
519 1799 574 1870 89,
591 1801 668 1869 el,
685 1801 757 1858 eta.
774 1794 902 1870 zadi.

232 1887 265 1948 2⁰
281 1883 437 1964 Solemne,
457 1885 505 1946 vel
525 1883 668 1966 simplex,
691 1891 783 1964 prout
804 1883 839 1946 iit
859 1883 956 1946 forma
969 1887 1040 1965 jure
1062 1883 1226 1965 requisita,
1243 1881 1469 1948 solemnibusre

193 1972 397 2049 caeremoniiS,
414 1971 522 2036 antiis
537 1972 671 2034 seclusis.

233 2069 266 2126 3ο
279 2063 489 2144 Explicitum,
507 2062 555 2124 vel
569 2059 767 2144 implicitum,
780 2068 873 2141 prout
882 2065 961 2125 Deus
973 2079 1111 2142 expresse
1124 2061 1160 2124 in
1173 2066 1283 2125 testem
1294 2061 1466 2138 invocatur,

194 2156 250 2214 aut
264 2151 448 2213 adhibentur
460 2150 495 2211 in
509 2147 723 2212 testimonium
738 2156 884 2214 creature
897 2149 932 2211 in
945 2149 1059 2231 qmbus
1071 2149 1221 2214 attributa
1236 2149 1343 2214 divina
1358 2150 1469 2231 specia-

192 2239 264 2302 liter
277 2237 420 2302 relucent.

234 2326 358 2390 Accedit
371 2327 465 2390 etiam
475 2331 691 2409 juramentmn
706 2330 971 2411 imprecatorium,
987 2345 1048 2408 quo
1061 2329 1141 2389 Deus
1153 2326 1314 2390 invocatur
1328 2328 1424 2392 simul
1436 2326 1473 2392 in

193 2421 306 2480 testem
319 2420 350 2478 et
362 2417 397 2478 in
411 2415 563 2480 vindicem
575 2416 712 2499 perjurii.
724 2451 765 2461 -
779 2416 816 2479 S.
830 2417 899 2498 Lip.
914 2436 946 2478 n.
962 2419 1032 2490 133,
1049 2419 1108 2479 139
1122 2424 1227 2498 etseq.

234 2507 452 2568 iuramentum
466 2506 577 2568 debitis
592 2505 742 2568 vestitum
757 2504 984 2568 conditionibus
997 2505 1164 2567 honestum
1177 2511 1224 2568 est
1242 2510 1271 2568 et
1284 2503 1422 2580 licitum,
1440 2511 1472 2568 et

195 2595 223 2658 si
245 2594 480 2676 promissorium
500 2595 557 2669 sit,
584 2594 697 2674 obligat
717 2593 752 2656 in
772 2593 970 2670 conscientia,
995 2590 1058 2656 nisi
1077 2597 1164 2675 juste
1182 2611 1270 2656 cause
1286 2591 1403 2668 obstet,
1420 2593 1471 2656 rel

194 2683 329 2764 legitime
340 2683 484 2763 obligatio
498 2684 634 2765 ejusdem
647 2682 820 2746 cessaverit.
834 2719 874 2729 -
888 2683 940 2744 Ita
953 2701 1065 2762 omnes,
1082 2687 1114 2744 11
1127 2687 1247 2745 constat
1260 2687 1327 2743 tum
1345 2679 1473 2743 11111111-

195 2773 313 2836 nitione
331 2771 421 2837 Cone.
443 2772 559 2852 const,
579 2793 652 2836 sess.
673 2773 757 2848 Vlll,
780 2778 886 2834 contra
914 2770 1032 2852 Wirlefi
1053 2789 1138 2854 prop.
1158 2775 1213 2848 433
1237 2776 1361 2832 tumen
1381 2787 1470 2851 prop.

196 2860 301 2923 damn.
318 2861 469 2935 Quosnelli
487 2867 543 2926 101
565 2866 595 2923 11
616 2860 729 2942 Synod.
750 2859 944 2923 Pistoriensis
963 2864 1017 2935 753
1034 2866 1104 2922 tum
1123 2857 1217 2922 etiam
1235 2877 1273 2921 ex
1290 2857 1380 2939 praxi
1401 2857 1473 2921 uni-

196 2948 306 3012 versali
328 2949 467 3013 Ecclesia
485 2956 516 3012 et
536 2949 735 3031 populorum,
759 2965 878 3012 necnon
903 2968 941 3012 ex
962 2947 1056 3012 variis
1079 2965 1171 3012 sacrae
1194 2947 1359 3028 Scripturae
1386 2947 1469 3009 locis.
1587 2929 1588 2964 ³

196 3041 286 3188 liegii.
308 3056 356 3114 rr,
378 3043 417 3102 13
437 3057 445 3100 :
467 3038 630 3102 Dominum
652 3037 749 3100 Deam
775 3045 858 3100 tuum
878 3036 1032 3101 timebis...
1051 3056 1087 3100 ue
1106 3056 1166 3120 per
1185 3055 1290 3099 comen
1313 3035 1400 3098 illiue
1415 3037 1472 3118 ju·
1587 3087 1588 3108 ,

195 3145 232 3190 ra
254 3145 289 3188 11.

710 3267 925 3330 ARTIGULUS
945 3267 957 3326 l

594 3422 632 3467 DE
653 3421 880 3467 eonmmonxuus
901 3419 1072 3466 mannum

412 3560 439 3628 l.
456 3597 502 3609 -
524 3561 571 3628 De
588 3558 764 3647 requisitis
782 3559 830 3627 ud
847 3559 1027 3627 essentium
1039 3554 1249 3648 jerannenu.

237 3711 308 3771 307.
324 3741 364 3753 -
378 3710 442 3769 Duo
456 3705 658 3788 requiruntur
676 3707 954 3787 adjuramentum,
971 3702 1084 3767 scilicet
1101 3723 1108 3764 :
1125 3708 1157 3766 1ο
1175 3698 1310 3764 Intentio
1327 3699 1469 3782 jurandi,

197 3795 305 3858 saltem
319 3795 476 3871 virtualis3
490 3794 564 3876 quia
581 3793 647 3856 sine
663 3795 717 3857 tali
731 3794 902 3856 intentione
916 3811 980 3856 non
990 3799 1090 3874 potest
1102 3791 1249 3854 exsistere
1257 3793 1471 3870 jmamentum

197 3883 332 3946 formale.
353 3888 385 3946 2⁰
398 3883 543 3948 Formula
557 3881 659 3962 aliqua
673 3882 816 3964 Jurandi,
832 3882 864 3944 id
883 3889 930 3945 est
951 3882 1076 3962 signum
1094 3899 1155 3962 quo
1174 3877 1359 3942 sufficienter
1372 3875 1471 3956 expri-

197 3978 303 4034 matur
316 3975 413 4035 Deum
430 3973 477 4034 vel
491 3970 647 4055 ereptione,
662 3970 711 4034 rel
729 3971 875 4053 implicite
893 3989 949 4052 per
964 3977 1131 4043 creaturas,
1148 3975 1184 4031 ut
1197 3972 1309 4030 testem
1322 3963 1469 4028 invocari.

196 4065 284 4126 Patet
294 4079 332 4123 ex
346 4060 520 4124 definitione
528 4059 710 4142 juramenti.
725 4093 765 4108 -
776 4058 811 4121 S.
826 4059 894 4142 Liq.
910 4081 941 4121 n.
959 4063 1028 4123 131.

239 4151 340 4212 Potest
354 4157 459 4212 autem
468 4152 684 4231 juramentum
696 4148 880 4211 considerari
895 4148 942 4210 vel
957 4147 990 4210 in
1005 4146 1110 4210 ordine
1126 4147 1165 4210 ad
1182 4146 1283 4208 solum
1301 4145 1414 4218 Deum,
1425 4140 1472 4204 vel

198 4236 234 4300 in
246 4237 352 4302 ordine
365 4239 404 4301 ed
416 4238 571 4314 homines,
585 4243 716 4319 spectato
731 4238 793 4299 solo
801 4240 871 4318 jure
880 4235 1030 4311 naturali,
1042 4235 1089 4298 vel
1101 4235 1136 4297 in
1148 4235 1254 4298 ordine
1268 4233 1307 4295 ad
1319 4231 1469 4304 homines,

199 4331 331 4406 spectato
341 4330 411 4407 jure
424 4325 565 4407 positivo.
581 4329 617 4388 ln
630 4326 736 4390 ordine
750 4325 789 4388 ad
800 4330 912 4400 Deum,
925 4343 980 4388 seu
988 4324 1111 4405 quando
1120 4324 1159 4387 ad
1173 4323 1273 4386 solum
1287 4322 1386 4384 Deum
1398 4317 1471 4382 diri-

199 4412 295 4492 gitur,
311 4413 429 4476 nullam
438 4414 568 4477 formam
582 4414 777 4492 exteriorem,
792 4415 952 4476 nullumve
966 4412 1091 4492 signum
1103 4410 1246 4475 sensibile
1258 4409 1404 4490 requirit,
1421 4403 1470 4468 sed

200 4504 302 4580 potest
314 4505 417 4562 totum
434 4503 642 4564 consummari
655 4503 690 4566 in
708 4509 811 4565 mente
822 4501 957 4583 jurantis
970 4519 1024 4582 per
1039 4499 1185 4564 interiora
1198 4497 1301 4562 rerba.
1317 4499 1353 4560 In
1366 4495 1471 4560 ordine
