3156 5026
537 217 580 261 nn
601 217 765 262 snsrrrm
785 218 827 262 99
847 219 932 263 runs
1304 205 1373 266 119

144 335 176 394 2⁰
191 329 223 394 Si
237 327 310 404 furi,
327 328 382 410 qui
395 333 517 410 propter
535 326 663 390 efficacia
676 327 794 391 motiva
805 330 872 408 jam
893 328 1019 390 omnino
1033 327 1256 392 determinatus
1270 337 1318 392 est
1335 330 1374 392 ad

105 418 283 492 furandum,
301 436 443 498 suggeras
458 433 574 479 novum
594 415 748 480 motivum
768 417 849 498 quod
869 416 1032 479 stimulum
1046 417 1074 478 91
1090 418 1197 491 addat,
1214 436 1277 480 non
1291 421 1375 480 tene-

103 509 162 584 ris,
179 505 389 570 deficientibus
411 505 526 569 caeteris
547 505 805 586 cooperatoribus,
825 511 927 567 totum
948 506 1098 567 damnum
1117 505 1276 581 resarcire,
1301 507 1375 588 quia

105 595 256 660 motivum
271 601 363 657 tuum
376 593 410 656 in
423 594 529 656 damni
544 592 751 656 substantiam
761 612 823 655 non
835 593 971 656 intinxit.

146 691 179 750 3⁰
199 687 263 746 lmo
283 682 486 765 probabiliter
504 683 541 744 ob
560 683 698 744 eamdem
718 681 870 744 rationem
894 682 972 746 nihil
987 681 1145 746 refundere
1164 682 1254 746 debes
1273 702 1311 746 ex
1324 687 1374 764 jn·

107 773 207 846 stitia,
225 771 251 833 si
270 778 394 834 tantum
412 770 540 834 inducas
554 769 666 845 alium,
682 774 718 832 ut
730 769 887 852 aliquanto
902 770 994 834 citius
1009 774 1063 834 ant
1076 769 1206 834 alacrius
1224 772 1376 836 damnum

104 861 226 925 1919991.
237 897 276 906 -
295 859 329 922 V.
347 859 590 937 6999991193.

610 1045 824 1108 ARTICULUS
843 1045 869 1104 11

550 1200 599 1244 ccl
620 1199 667 1244 SIT
688 1183 938 1244 RESTITUENDUM?

145 1361 217 1420 699.
232 1389 273 1404 -
287 1361 318 1418 1ο
330 1353 568 1419 Restituendum
580 1359 626 1415 991
640 1351 764 1415 donrino
784 1357 909 1414 certost
924 1359 1012 1429 noto,
1029 1351 1146 1434 quoties
1162 1353 1277 1435 absque
1291 1357 1378 1436 [9991

102 1444 284 1508 difficultate
306 1450 338 1506 et
357 1441 482 1505 alterius
505 1439 621 1523 injuria
639 1440 704 1503 lieri
724 1446 838 1521 potest,
855 1459 909 1502 nec
927 1440 987 1504 alia
1005 1442 1089 1504 adest
1109 1459 1200 1504 99999
1217 1461 1235 1505 9
1252 1445 1377 1508 9991119-

102 1535 190 1599 tione
202 1551 359 1596 excusans.
372 1567 411 1576 —-
423 1531 460 1594 S.
476 1531 559 1612 Lep,
576 1527 667 1592 Hom.
685 1538 796 1611 apost,
810 1550 841 1592 a.
859 1533 909 1592 61.

145 1626 181 1684 2⁰
197 1621 255 1698 Qui
279 1619 429 1683 subduxit
452 1636 518 1681 rem
537 1619 618 1699 apud
641 1617 739 1680 alium
758 1618 942 1698 depositam,
955 1617 1003 1681 991
1021 1618 1150 1680 localem
1173 1625 1228 1680 aut
1246 1638 1378 1684 commo-

103 1712 230 1784 datam,
249 1729 312 1773 non
333 1707 472 1784 domino,
490 1707 541 1769 sed
556 1706 617 1787 ipsi
632 1705 796 1786 possessori
815 1707 974 1769 restituere
997 1706 1095 1769 debet.
1120 1711 1275 1770 Possessor
1295 1709 1379 1772 enim

106 1799 175 1862 sine
190 1798 307 1881 injuria
320 1795 435 1877 privari
448 1794 557 1877 nequit
569 1798 639 1877 jure
656 1793 816 1870 9991911199,
832 1813 923 1870 9999,
945 1795 992 1857 991
1006 1795 1220 1876 possessionis,
1238 1796 1298 1859 nisi
1315 1798 1380 1879 ipse

102 1887 289 1951 consentiat.
305 1921 345 1932 -
359 1884 450 1946 Hom.
467 1892 579 1967 apost,
593 1883 669 1945 ibid.

145 1975 230 2053 Quid
243 1981 347 2038 autem
362 1973 514 2054 agendum
528 1978 584 2047 est,
602 1972 628 2034 si
643 1971 787 2034 dominus
802 1971 843 2034 sit
857 1972 986 2057 dubius,
1001 1978 1055 2035 aut
1068 1972 1259 2054 incognitus,
1276 1974 1376 2050 99191,

102 2064 177 2128 licet
193 2063 333 2144 cognitus
348 2063 403 2136 sit,
419 2061 498 2124 adiri
513 2080 575 2124 non
588 2060 704 2142 possit?
721 2063 791 2123 Haec
804 2061 934 2123 tenenda
948 2061 1113 2124 videntur:
1374 2081 1375 2086 ¹

146 2159 182 2216 1⁰
202 2153 235 2217 Si
254 2156 322 2232 post
341 2150 518 2230 diligentem
542 2147 774 2231 inquisitionem
800 2149 914 2212 dubius
935 2147 1154 2225 sitdominus,
1176 2151 1223 2212 vel
1247 2151 1379 2215 dubium

100 2242 242 2305 vertitur
263 2239 346 2301 inter
364 2257 489 2319 paucos,
503 2238 550 2301 991
566 2238 647 2300 inter
666 2237 789 2300 multos.
806 2237 837 2299 Si
855 2237 956 2318 prins,
971 2238 1046 2318 ipsis
1064 2256 1118 2319 pro
1136 2245 1203 2301 rata
1216 2239 1379 2303 restituen-

99 2332 185 2393 dum
209 2335 270 2402 est,
299 2327 346 2391 991
369 2327 408 2388 ad
433 2325 681 2407 compositionem
705 2324 870 2388 inducendi
893 2333 969 2388 sunt
991 2327 1108 2389 domini
1133 2329 1323 2408 praesumpti.
1348 2329 1379 2391 Si

98 2416 271 2498 posterius,
285 2435 314 2478 9.
330 2433 389 2495 gr,
406 2414 479 2495 quia
490 2413 602 2494 aliquis
612 2414 745 2477 vendens
760 2413 793 2476 in
808 2412 910 2494 aliqua
924 2413 1046 2477 civitate
1061 2413 1253 2478 defraudavit
1264 2417 1380 2480 multos

97 2508 137 2569 in
151 2504 288 2586 pondere
301 2505 349 2566 991
362 2503 478 2584 pretio,
497 2502 652 2566 restitutio
671 2501 805 2565 facienda
824 2507 870 2564 est
883 2503 1022 2582 augendo
1035 2504 1141 2566 eodem
1156 2505 1247 2567 modo
1260 2505 1380 2586 pondus

98 2594 152 2658 991
166 2610 364 2666 mensuram,
379 2594 433 2654 aut
444 2590 581 2671 pretium
600 2589 768 2653 minuendo
783 2608 853 2671 erga
870 2594 1004 2654 ementes
1022 2591 1207 2665 ordinarios,
1224 2593 1279 2674 qui
1293 2594 1379 2656 dam-

100 2680 228 2746 nificati
250 2685 493 2761 presumuntur,
517 2679 544 2742 si
566 2679 650 2742 facile
675 2679 741 2742 fieri
765 2680 877 2760 possit;
903 2698 989 2743 secus
1014 2681 1167 2743 restitutio
1192 2683 1379 2762 pauperibus

96 2770 243 2834 facienda
257 2776 313 2832 991.
329 2803 370 2813 -
381 2767 594 2849 1199999991,
611 2767 686 2829 ibid.

139 2865 177 2924 2⁰
196 2857 232 2920 Si
254 2857 399 2919 dominus
423 2856 464 2918 sit
485 2857 574 2936 plane
596 2855 785 2935 incognitus,
811 2855 920 2930 celsi,
948 2855 1018 2919 11991
1040 2858 1195 2937 cognitus
1223 2859 1379 2922 moraliter

96 2957 213 3014 tamen
236 2964 334 3026 neque
356 2942 534 3006 immediate
558 2961 655 3025 neque
673 2943 805 3006 mediate
823 2943 901 3006 adiri
921 2951 1028 3024 queat,
1045 2945 1299 3025 distinguendum
1311 2955 1377 3012 est:

95 3039 148 3102 vel
163 3034 255 3100 enim
270 3053 318 3096 res
336 3032 434 3094 aliena
447 3031 598 3094 bonafide
614 3031 764 3112 acquisita
781 3031 962 3112 possidetur,
980 3033 1027 3094 991
1040 3033 1131 3094 mala.
1148 3033 1180 3095 Si
1193 3035 1289 3109 hona,
1306 3041 1380 3099 tuno

94 3125 262 3206 agendum
281 3127 327 3184 est
350 3127 386 3182 ut
408 3119 443 3182 in
464 3119 555 3182 rebus
574 3138 671 3200 nuper
689 3119 826 3196 99919919,
846 3137 978 3201 quarum
998 3120 1142 3184 dominus
1162 3120 1297 3187 inveniri
1316 3143 1379 3188 non

92 3219 204 3298 potest
221 3211 306 3292 (cide
316 3229 420 3292 supra,
436 3229 517 3271 num.
534 3207 620 3290 578),
636 3214 668 3271 91
679 3208 805 3289 proinde
818 3208 866 3271 991
880 3207 914 3270 19
924 3225 1030 3271 causas
1041 3208 1108 3289 9199
1123 3215 1198 3273 sunt
1209 3215 1377 3292 eroganda),

95 3305 146 3367 991
161 3303 266 3367 etiam
278 3319 296 3362 a
310 3316 478 3379 possessore
497 3296 622 3360 retineri
633 3303 772 3377 possunt.
790 3297 821 3359 Si
840 3314 910 3359 9999
925 3297 1006 3359 mala
1020 3295 1093 3373 fide,
1109 3316 1261 3379 possessor
1278 3300 1332 3362 tali
1346 3319 1379 3362 re

93 3391 238 3457 omnino
253 3407 284 3450 se
304 3387 469 3468 exspoliare
488 3387 592 3462 debet,
613 3391 704 3467 atque
720 3385 754 3447 in
768 3403 856 3466 99999
872 3385 924 3466 919
941 3390 995 3448 991
1012 3385 1172 3449 communi
1197 3386 1275 3450 hono
1290 3387 1380 3450 utilia

93 3479 295 3562 impendere.
317 3475 405 3538 Nefas
426 3475 511 3538 enim
528 3480 573 3538 est
592 3474 745 3538 malitiam
766 3473 827 3539 1991
848 3481 902 3537 991
920 3474 1008 3538 malae
1026 3474 1096 3538 fidei
1124 3475 1287 3555 possessori
1309 3495 1379 3558 pro

92 3571 198 3634 desse.
216 3603 258 3612 -
272 3563 362 3626 Hom.
379 3573 488 3647 apost,
505 3585 537 3626 9.
554 3569 603 3639 ot,
619 3567 669 3628 69.

231 3718 429 3797 Quaesitae.

138 3874 274 3935 7011·-
290 3869 391 3943 0999.
408 3871 439 3928 1ο
457 3864 506 3924 An
520 3863 640 3946 quando
653 3863 786 3926 creditor
804 3872 871 3924 1999
889 3871 1007 3928 roacare
1024 3863 1088 3944 [911
1105 3867 1264 3926 cessionem
1290 3864 1379 3928 bono-

91 3979 167 4024 rum
183 3956 307 4037 facere,
321 3955 383 4036 ipsi
394 3952 442 4016 991
452 3953 518 4035 ejus
528 3952 724 4015 oreditoridae
738 3953 892 4013 restituere
906 3951 1029 4014 deleas?

139 4048 239 4127 Besp.
265 4062 277 4104 .·
300 4041 475 4106 Generatim
498 4042 662 4122 loquendo,
686 4039 827 4104 creditori
856 4047 908 4103 tuo
931 4040 1090 4104 restituere
1113 4059 1176 4103 non
1197 4041 1301 4118 debes,
1328 4044 1381 4106 sed

91 4131 310 4201 creditoribus
331 4134 396 4212 ejus
416 4129 555 4193 debitum
576 4134 667 4192 tuum
689 4133 819 4192 estate
833 4127 1103 4192 manifestandum.
1121 4129 1209 4191 Ratio
1226 4133 1285 4204 est,
1307 4131 1380 4212 quia

91 4227 170 4289 licet
195 4221 360 4284 creditores
379 4218 512 4283 cedentis
530 4218 610 4281 bona
628 4217 803 4280 dominium
821 4216 971 4281 directum
994 4217 1029 4280 in
1045 4215 1128 4279 illius
1145 4216 1226 4280 bona
1245 4236 1307 4283 uon
1324 4220 1379 4282 ha-

89 4315 209 4386 beant,
225 4312 296 4390 jure
310 4316 416 4370 tamen
430 4306 534 4370 9191919
551 4307 704 4386 gaudent,
721 4311 760 4369 91
776 4323 814 4368 ex
831 4305 893 4367 illis
911 4304 1000 4368 bonis
1019 4303 1180 4368 indemnes
1206 4314 1376 4370 serventur.

88 4407 259 4466 Attamen
276 4397 459 4478 quandoque
477 4413 579 4476 posses
598 4399 652 4457 tuo
670 4393 812 4457 creditori
831 4392 1006 4468 restituere,
1023 4413 1053 4457 9.
1070 4411 1128 4473 gn,
1144 4393 1171 4456 91
1184 4395 1324 4458 debitum
1338 4395 1380 4458 sit

89 4491 272 4570 exiguum,
290 4485 316 4548 si
339 4483 452 4566 probus
473 4484 528 4560 sit,
544 4489 574 4546 et
595 4483 697 4554 credas
718 4482 808 4546 illum
831 4501 897 4545 esse
919 4480 1119 4546 creditoribus
1141 4483 1376 4562 restituturum;

193 4599 272 4644 00999.
283 4619 310 4631 -
325 4599 423 4642 19991..
1255 4586 1286 4638 29
