3156 5026
562 209 605 253 na
625 205 790 252 iosrirra
810 207 853 252 ar
873 207 959 254 iuna
1331 194 1400 254 469

121 341 188 403 pue
207 337 279 382 cum
301 317 502 400 pauperibus,
527 319 575 381 vel
595 317 688 380 etiam
707 335 778 379 cum
801 315 840 380 iis
862 319 917 400 qui
937 317 1012 382 alias
1033 317 1192 398 diligenter
1210 319 1343 382 solvunt.
1360 355 1397 365 -

137 410 172 472 V.
186 408 297 484 Casiis,
313 429 344 470 a.
358 412 415 471 751
432 416 461 468 et
475 425 535 489 seq.

630 579 845 643 ARTlGULUS
864 581 890 640 ll

453 742 491 787 lili
511 741 616 787 DAHNO
637 741 798 788 OCCASIONE
819 743 943 790 munla
964 744 1069 789 lause

252 895 475 976 Principia.

169 1055 239 1116 746.
256 1086 296 1096 -
311 1053 335 1113 Ι.
355 1051 404 1112 Ad
421 1047 501 1112 nihil
520 1055 663 1112 tenentur
683 1047 797 1112 milites
818 1049 935 1113 ratione
958 1051 1065 1114 damni
1082 1069 1136 1132 per
1154 1051 1302 1114 actionem
1321 1070 1402 1114 com-

128 1158 257 1203 munem
275 1138 368 1212 illati,
392 1137 454 1200 nisi
473 1137 548 1218 ipsis
563 1139 600 1201 de
614 1137 771 1218 injustitia
788 1138 859 1201 belli
873 1143 1005 1214 constet,
1021 1139 1169 1221 quianon
1188 1147 1262 1203 sunt
1282 1139 1403 1203 damm-

126 1230 264 1292 ficatores
276 1227 449 1308 formaliter
466 1226 587 1308 injusti.
610 1263 649 1272 —
663 1226 767 1289 Recole
781 1227 863 1289 dieta
880 1228 985 1310 quinto
1002 1247 1095 1310 proee.
1111 1228 1269 1309 Deeclopt,
1289 1249 1320 1290 a.
1343 1233 1403 1293 tor

126 1328 199 1381 etse
225 1365 232 1378 .

166 1338 332 1471 llqltlilites
345 1411 450 1468 autem
468 1403 502 1466 in
521 1403 597 1467 bello
616 1403 771 1467 evidenter
789 1405 900 1487 injusto
915 1411 1060 1468 tenentur
1073 1407 1110 1469 de
1123 1405 1245 1470 demnis
1258 1406 1403 1469 omnihus

126 1513 195 1576 quae
209 1493 426 1577 peractionem
441 1493 595 1573 privatam
604 1492 792 1570 intulerunt;
804 1498 988 1557 ettenentur
1000 1492 1114 1574 singuli
1126 1513 1179 1575 pro
1193 1499 1260 1556 rata
1271 1495 1308 1556 de
1318 1495 1403 1558 dam-

126 1585 176 1646 nis
189 1604 208 1646 a
223 1589 287 1646 toto
301 1582 436 1645 exercitu
453 1581 565 1656 illatis,
581 1581 642 1644 nisi
657 1580 732 1644 forte
746 1600 783 1644 ex
798 1582 884 1662 gravi
898 1589 985 1645 metu
1000 1583 1038 1644 ad
1053 1582 1295 1662 belligerandum
1311 1583 1404 1646 coacti

126 1671 253 1736 fuerint.
268 1707 310 1718 —-
333 1670 404 1734 Vide
420 1691 513 1752 supro
529 1669 691 1752 de·iajusto
706 1670 831 1749 mmcd,
847 1691 878 1732 n.
896 1671 956 1735 658
970 1681 1069 1753 etseq.

165 1764 217 1826 Ill.
233 1765 329 1824 Duces
345 1763 448 1823 autem
467 1777 521 1822 seu
540 1757 693 1839 Principes
711 1766 858 1822 tenentur
870 1759 1016 1840 primario
1035 1764 1065 1822 et
1082 1759 1117 1822 in
1137 1758 1270 1823 solidum
1289 1760 1325 1822 de
1340 1765 1405 1823 toto

126 1851 241 1913 damno
250 1868 304 1929 per
317 1847 487 1912 exercitum
501 1847 599 1922 illato,
612 1845 686 1927 quia
702 1855 775 1911 sunt
788 1866 857 1910 vere
868 1848 1063 1924 mandantes;
1080 1848 1128 1911 vel
1143 1847 1192 1910 sin
1204 1847 1309 1910 minus
1319 1847 1403 1910 dam-

126 1957 205 2001 num
217 1937 426 2018 imperarunt,
443 1936 520 1999 illud
533 1942 636 1998 tarnen
647 1953 685 1996 en
697 1935 791 1999 officio
801 1935 949 2018 impedire
964 1937 1160 1999 tenebantur.

250 2108 445 2184 Quaesita.

168 2259 238 2318 747.
252 2289 292 2300 —
306 2257 407 2331 Qonn.
426 2259 455 2318 1⁰
467 2255 519 2316 Aa
536 2253 653 2336 singuli
663 2254 777 2316 milites
789 2257 823 2315 ia
840 2253 971 2316 oliorum
985 2253 1102 2336 desecte
1115 2263 1273 2316 teneantur
1286 2257 1320 2314 ia
1331 2253 1403 2316 soli-

126 2341 198 2404 dum
214 2341 250 2405 de
264 2350 324 2405 toto
339 2343 448 2405 denno
460 2343 497 2404 ob
511 2343 646 2405 exercitu
660 2341 771 2404 illato?

166 2432 259 2514 desp.
274 2431 353 2513 Nep.
367 2429 575 2513 probabilium
595 2430 669 2512 quia
688 2430 802 2512 singuli
823 2449 885 2494 non
903 2431 999 2494 totius
1018 2430 1124 2494 damni
1143 2449 1234 2494 causa
1248 2435 1336 2506 sunt,
1350 2431 1402 2493 sed

125 2519 224 2598 partis
236 2526 372 2582 tantum.
391 2523 542 2583 Caeterum
556 2519 590 2581 in
604 2519 693 2599 praxi
710 2539 746 2582 en
760 2518 942 2600 impotentia
955 2520 1095 2583 absoluta
1110 2519 1209 2583 forent
1224 2517 1399 2582 excusandi.

123 2641 165 2654 -
178 2609 224 2670 Lo
247 2625 345 2670 ocum
358 2606 442 2670 eliis.

164 2629 266 2772 Qumis.
283 2700 317 2758 2⁰
328 2696 381 2758 Act
391 2697 467 2778 quid
481 2705 641 2758 teneantur
653 2694 766 2758 milites
782 2695 948 2778 conscripti
960 2695 1143 2759 desertores?

163 2785 254 2869 neap.
274 2790 305 2849 1ο
328 2805 335 2846 :
352 2787 399 2846 Ex
415 2783 588 2847 obedientia
599 2802 653 2847 seu
667 2802 703 2846 ex
718 2783 844 2865 justitia
857 2785 945 2865 legali
960 2791 1104 2847 tenentur
1122 2784 1161 2848 ad
1179 2787 1276 2848 caera
1291 2783 1399 2848 redire.

122 2909 162 2918 -
179 2874 233 2936 Ita
245 2875 450 2935 communiter.

163 2962 278 3043 Excipe
295 2981 302 3023 :
319 2966 351 3024 l⁰
365 2959 392 3022 si
406 2978 497 3041 grave
516 2958 624 3022 salutis
642 2959 813 3040 periculum
829 2959 1030 3036 offenderent,
1046 2979 1078 3023 v.
1095 2979 1154 3040 gr.,
1176 2961 1203 3024 si
1216 2961 1317 3025 media
1330 2981 1400 3024 con-

122 3049 234 3118 fitendi
256 3069 319 3112 non
337 3055 548 3130 suppeterent,
564 3053 635 3122 etc,
652 3054 689 3111 ut
702 3046 858 3128 aliquibus
876 3047 910 3110 in
928 3046 1001 3110 locis
1016 3048 1137 3111 evenire
1156 3054 1307 3130 potest...;
1323 3055 1357 3113 2⁰
1375 3049 1401 3112 si

122 3141 287 3203 redeuntes
306 3142 418 3211 morte,
440 3136 636 3212 triremibus,
657 3134 764 3200 aliisve
785 3135 975 3217 gravissimis
997 3135 1096 3217 peanis
1114 3137 1261 3218 plectendi
1283 3138 1399 3214 lorent;

123 3231 153 3290 3⁰
168 3228 195 3290 si
209 3227 328 3292 bellum
343 3226 385 3289 sit
398 3225 554 3290 evidenter
567 3225 734 3306 injustum.

161 3316 258 3400 desp.
274 3320 306 3378 2⁰
326 3319 415 3379 Certo
431 3318 534 3377 autem
555 3315 594 3376 ad
612 3313 731 3376 nullam
747 3313 975 3376 restitutionem·
990 3321 1134 3378 tenentur
1147 3316 1329 3389 desertores,
1345 3314 1400 3377 ubi

122 3403 171 3468 lex
184 3406 263 3469 alios
281 3404 420 3486 ipsorum
435 3403 498 3466 loco
514 3421 575 3465 non
598 3401 729 3483 requirit
746 3421 752 3463 :
769 3401 843 3482 quia
861 3401 946 3464 nidlo
963 3403 1053 3466 modo
1069 3402 1222 3484 justitiam
1233 3407 1400 3466 commuta-

125 3491 222 3556 tivam
238 3493 372 3566 laedunt,
391 3509 464 3554 cum
478 3491 556 3553 nulli
570 3490 658 3553 alteri
674 3491 825 3553 damnum
839 3489 982 3553 inferant.

161 3587 234 3648 ¹148.
251 3617 290 3627 -
301 3583 402 3657 Quas.
420 3586 452 3645 3⁰
467 3580 517 3642 Ad
529 3579 606 3662 quid
616 3587 774 3643 teneantur
782 3582 836 3661 qui
849 3599 879 3642 se
894 3579 1064 3643 locaverunt
1076 3601 1132 3663 pro
1146 3579 1232 3658 otiis,
1251 3589 1280 3643 et
1293 3579 1401 3643 deinde

123 3670 268 3734 militiam
282 3671 496 3732 deseruerunt?

164 3757 254 3844 Resp.
276 3757 364 3820 :Per
382 3778 412 3819 se
431 3761 575 3820 tenentur
593 3757 729 3838 pretium
748 3763 905 3837 acceptum
920 3757 1079 3822 restituere
1099 3757 1160 3834 illi,
1176 3775 1269 3838 aquo
1284 3775 1399 3837 aceepe

124 3852 209 3922 runt,
224 3847 298 3928 quia
313 3846 388 3928 ipsis
403 3847 486 3909 deest
500 3845 579 3908 ratio
593 3845 745 3909 retinendi
757 3844 934 3926 pecuniam,
951 3864 1020 3927 quae
1034 3865 1097 3911 non
1111 3846 1172 3910 nisi
1186 3852 1307 3927 propter
1318 3844 1400 3908 mili-

127 3932 177 3996 tia
189 3955 269 3999 onus
284 3940 437 4016 erogatur.

166 4025 311 4088 Attamen
325 4024 382 4087 hoc
391 4022 514 4086 videtur
528 4023 627 4086 valere
640 4026 763 4086 tantum
774 4071 781 4096 ‚
792 4021 848 4086 ubi
859 4023 924 4098 illa,
941 4025 995 4106 qui
1008 4023 1140 4088 militem
1154 4023 1216 4087 loco
1227 4023 1275 4087 sui
1290 4023 1401 4086 condu-

124 4108 187 4184 xit,
204 4113 337 4194 periculo
352 4110 500 4174 militiam
512 4110 664 4174 subeundi
677 4111 850 4193 exponitur.
864 4112 1036 4175 Periculum
1051 4119 1155 4176 autem
1168 4112 1245 4176 illud
1258 4110 1402 4176 inGallia

126 4213 188 4344 ζου
202 4202 302 4277 datare,
321 4218 392 4264 cum
406 4217 444 4262 ex
461 4217 540 4263 nova
551 4199 615 4280 lege
628 4204 667 4264 27
680 4201 740 4264 Jul.
759 4203 837 4264 1872
849 4201 949 4263 omnis
964 4201 1114 4282 ejusmodi
1128 4201 1287 4264 conductio
1298 4198 1401 4280 prohi-

150 4291 246 4352 eatur.

166 4380 237 4440 ree.
251 4414 291 4424 —
304 4381 404 4454 Quas.
418 4377 470 4441 Ad
486 4375 562 4460 quid
576 4386 732 4441 teneantur
747 4387 830 4439 sorte
844 4377 997 4460 designati
1005 4377 1046 4439 od
1059 4377 1218 4460 militiam,
1229 4380 1283 4462 qui
1298 4378 1335 4440 ab
1347 4377 1402 4439 doe

125 4478 156 4522 ae
169 4465 367 4548 subtrahunt,
384 4467 431 4532 vel
442 4471 630 4550 exemptione
643 4467 707 4530 sine
720 4466 798 4530 veris
813 4466 912 4530 causis
926 4466 1083 4531 obtinent?
