3206 5024
168 195 239 256 rec
706 207 911 254 rnecrnros

169 337 234 382 non
246 317 425 382 dissolvitur
436 315 519 397 prior
528 317 686 398 obligatio,
701 320 753 381 sed
764 325 888 381 tantum
899 316 1032 399 suppleri
1041 315 1225 398 supponitur
1234 334 1288 397 per
1297 316 1450 398 aequalem

169 413 226 471 aut
240 407 406 470 meliorem.
422 405 525 468 -Itu
539 411 789 470 communissime.
805 443 846 454 -
859 406 894 468 S.
910 405 981 488 Lip.
999 428 1031 468 n.
1046 409 1117 470 249.

209 498 312 572 Qumn.
328 501 361 558 10
374 496 421 556 Aa
428 542 438 574 ,
453 507 635 557 commutato
650 508 719 559 coto
735 507 901 579 reservato,
916 500 1009 558 etiam
1025 499 1154 558 materia
1172 495 1340 576 subrepam
1353 513 1453 557 reser-

169 583 416 756 calagurim„
433 674 647 756 probabilius,
669 674 742 756 quia
762 674 892 738 materia
914 673 980 750 illa,
1003 693 1071 756 quae
1091 672 1303 748 substituitur,
1320 690 1385 735 non
1402 678 1455 736 αἱ

167 781 229 845 per
243 783 273 824 se
284 768 451 838 reservata,
469 763 613 844 quamvis
627 763 708 826 idem
725 763 884 826 vinculum
898 762 962 826 voti
976 763 1097 826 habeat.
1110 798 1153 808 -
1163 761 1198 825 S.
1216 762 1299 844 Lip„
1320 782 1354 822 η.
1374 765 1452 838 260,

49 845 52 862 ’
170 861 200 914 et
217 852 274 912 ulii
288 856 496 913 communiter.
508 887 549 898 -
569 851 603 915 V.
620 851 775 928 Caroea.
790 857 891 917 33111
907 872 968 936 seq.

212 943 364 1002 ceterum
380 941 483 1003 sedulo
501 940 685 1004 adhortandi
706 947 780 1003 sunt
802 942 917 1018 fideles,
938 941 1107 1024 praesertim
1130 941 1273 1004 mulieres
1296 943 1326 1004 et
1347 941 1454 1004 adole-

170 1035 300 1104 scentes,
317 1035 355 1091 ut
367 1047 530 1110 nunqnam
544 1035 616 1092 vota
629 1030 778 1093 emittant
795 1031 857 1092 nisi
875 1033 912 1094 de
930 1031 1055 1094 consilio
1071 1031 1119 1094 vel
1138 1031 1353 1112 approbatione
1367 1033 1454 1093 Con-

170 1115 304 1192 fessarii;
321 1118 492 1198 presertim
507 1118 584 1181 side
599 1126 669 1181 voto
683 1119 833 1182 castitatis
848 1125 967 1199 agatur.
983 1119 1189 1183 confessarius
1204 1127 1309 1182 autem
1322 1118 1454 1182 veniam

172 1224 227 1268 seu
241 1206 404 1269 consilium
422 1206 582 1271 emittendi
602 1213 710 1270 votum
726 1216 878 1288 perpetuae
897 1208 1048 1271 castitatis
1067 1207 1193 1271 nonnisi
1207 1207 1401 1285 difficillime,
1417 1211 1452 1270 et

170 1295 307 1375 personis
320 1295 374 1358 diu
388 1296 522 1376 probatis
536 1302 628 1378 atque
642 1297 775 1359 maturis
789 1303 893 1374 aetate,
910 1298 1068 1360 concedere
1082 1297 1182 1360 debet.

490 1531 1127 1609 oetltcecttocteccceeio

390 1695 538 1758 Memento
552 1707 587 1758 ut
600 1697 678 1760 diem
693 1699 813 1760 subbati
826 1697 1006 1780 sanctifices.
1029 1697 1125 1759 Exod.
1141 1714 1195 1770 111,
1212 1700 1244 1759 8.

211 1901 282 1960 337.
298 1933 338 1944 -
352 1898 491 1961 Tertium
504 1898 641 1980 Decalogi
658 1907 846 1981 praeceptum
859 1900 998 1963 naturale
1012 1902 1071 1975 est,
1088 1905 1241 1980 quatenus
1260 1897 1396 1979 precipit
1410 1903 1449 1962 ut

172 1985 298 2066 aliquod
311 1993 435 2068 tempus
449 1988 569 2068 publico
581 1988 686 2052 dirino
698 1989 794 2052 cultui
807 1988 976 2064 dedicetur;
991 1996 1144 2069 quatenus
1158 2006 1229 2050 vero
1244 1987 1447 2052 determinate

172 2074 312 2154 designet
326 2076 407 2138 diem
420 2075 555 2152 sabbati,
572 2078 778 2140 ceremoniale
792 2085 857 2151 est,
874 2082 904 2140 et
918 2077 952 2140 in
966 2077 1029 2157 lege
1042 2095 1122 2140 nova
1131 2076 1313 2157 abrogatum
1325 2097 1332 2152 ;
1349 2075 1446 2156 siqui-

171 2163 240 2224 dem
256 2181 310 2242 pro
324 2164 372 2227 die
384 2165 502 2228 sabbati
517 2166 649 2229 Ecclesia
660 2167 742 2229 diem
757 2165 948 2229 Dominicam
966 2165 1001 2228 in
1018 2165 1200 2228 memoriam
1215 2162 1444 2228 resurrectionis

168 2251 293 2314 Domini
303 2254 401 2315 nostri
414 2258 485 2317 lesu
497 2254 611 2316 Christi
625 2255 799 2317 substituit.

212 2344 325 2402 Praeter
348 2342 429 2404 diem
448 2343 639 2406 Dominicam
656 2344 788 2406 Ecclesia
805 2343 946 2406 instituit
964 2342 1040 2406 alios
1054 2341 1117 2405 dies
1132 2341 1222 2404 festos
1237 2344 1275 2405 ad
1288 2343 1447 2406 recolenda

170 2429 399 2510 Redemptionis
416 2436 527 2494 nostrae
541 2432 700 2508 beneficia,
713 2434 760 2496 vel
774 2435 955 2495 Sanctorum
969 2431 1080 2494 merita
1091 2437 1122 2493 et
1133 2433 1286 2512 exempla,
1299 2433 1446 2494 mandat-

171 2535 231 2598 que
245 2525 281 2580 ut
295 2519 354 2595 illi,
369 2539 431 2583 non
446 2539 533 2582 secus
547 2540 581 2583 ac
592 2521 657 2584 dies
667 2521 840 2595 Dominioa,
857 2521 1098 2583 sanctificentur.

212 2611 273 2670 Hoc
286 2616 487 2691 praeceptum,
504 2616 656 2691 quatenus
670 2609 892 2673 affirmativum
907 2615 968 2683 est,
989 2611 1130 2690 quaedam
1144 2627 1229 2690 opera
1242 2606 1393 2688 precipit,
1410 2613 1446 2671 ot

171 2702 323 2776 quatenus
337 2699 531 2779 negativum,
546 2701 686 2780 quaedam
702 2698 761 2760 alia
774 2699 929 2779 prohihet;
943 2698 1016 2760 hinc
1029 2705 1122 2779 caput
1134 2698 1255 2778 duplex.

697 2949 913 3027 CAPUTI

401 3136 447 3186 DE
471 3138 514 3188 us
540 3139 622 3200 QUAE
647 3139 773 3192 DIEBUS
799 3138 918 3190 FESTIS
944 3137 1216 3190 PRAECIPIUNTUR

684 3337 898 3400 ARTIGULUS
917 3337 932 3398 I

344 3488 381 3532 DE
402 3489 442 3534 Its
463 3489 529 3542 ΟΠΞ.
550 3490 724 3538 cosmedim
743 3493 849 3540 omnus
871 3491 972 3538 FESTIS
991 3489 1173 3538 PRAESTANDA
1195 3488 1272 3536 SUNT

291 3641 513 3724 Pmnmmn

212 3780 281 3841 338.
298 3813 338 3823 -
356 3781 379 3840 1.
393 3783 504 3844 Omnes
520 3781 622 3844 fideles
638 3799 732 3844 usum
745 3783 874 3846 rationis
888 3782 1034 3845 habentes
1048 3787 1194 3844 tenentur
1208 3779 1262 3840 sub
1276 3781 1369 3862 pravi
1383 3777 1452 3842 sin-

173 3865 253 3944 gulis
262 3867 429 3931 Dominicis
444 3876 475 3932 et
486 3870 573 3932 festis
588 3869 695 3933 diebus
709 3871 855 3934 interesse
865 3874 968 3948 Sacro,
980 3871 1042 3933 nisi
1051 3874 1138 3953 Justa
1149 3887 1240 3932 causo
1249 3873 1449 3931 excusentur.

172 3955 296 4016 Constat
314 3976 320 4017 :
337 3963 370 4019 1ο
385 3961 430 4020 Ex
445 3958 539 4022 variis
554 3958 637 4021 Juris
649 3977 715 4021 can.
732 3959 819 4034 Iccio,
831 3960 1002 4041 presertim
1016 3979 1054 4022 ex
1069 3981 1095 4021 e.
1112 3960 1225 4023 Missas
1245 3957 1299 4031 61,
1315 3956 1352 4018 de
1367 3956 1451 4018 Con·

172 4053 281 4104 secret.
298 4045 370 4106 dict.
388 4052 421 4124 1;
436 4046 786 4124 11111111110111111163,
806 4051 841 4110 de
856 4049 1000 4113 Conseer.
1015 4049 1088 4112 dist.
1105 4054 1139 4126 1;
1153 4083 1193 4094 -
1204 4051 1238 4109 2⁰
1253 4065 1290 4108 ex
1301 4043 1451 4107 omnihus

171 4131 385 4279 gateehismis,
397 4135 432 4197 in
446 4137 560 4218 quibus
576 4135 743 4200 indubium
755 4146 940 4219 praeceptum
954 4139 991 4201 de
1004 4138 1097 4202 Missa
1111 4137 1160 4200 his
1175 4135 1282 4199 diebus
1295 4132 1451 4196 audienda

191 4221 349 4284 eclaratur.

210 4309 280 4369 Dixi
294 4311 348 4370 sod
361 4317 470 4394 prae&
485 4315 588 4394 agitur
601 4317 684 4379 enim
698 4317 734 4380 de
752 4335 785 4379 re
802 4317 887 4398 gravi
906 4322 974 4379 turn
988 4316 1023 4379 in
1043 4335 1088 4392 se,
1106 4321 1175 4378 tum
1184 4319 1276 4398 juxta
1289 4311 1452 4378 existima-

171 4395 288 4458 tionem
302 4415 497 4464 communem
511 4404 663 4482 fidelium,
680 4413 709 4469 et
724 4407 905 4469 unanimem
919 4422 1102 4468 consensum
1113 4405 1335 4484 theologorum.

213 4487 282 4548 339.
298 4519 339 4532 —-
353 4488 389 4547 11.
407 4493 518 4552 Praeter
532 4492 635 4570 istud,
651 4495 730 4558 nihil
744 4495 843 4571 aliud,
860 4495 968 4557 saltem
981 4494 1036 4557 sub
1049 4496 1154 4576 praui,
1167 4499 1312 4574 prestare
1326 4491 1358 4562 vi
1372 4508 1451 4573 prae-
