<?xml version="1.0" encoding="UTF-8"?>
<!DOCTYPE html PUBLIC "-//W3C//DTD XHTML 1.0 Transitional//EN"
    "http://www.w3.org/TR/xhtml1/DTD/xhtml1-transitional.dtd">
<html xmlns="http://www.w3.org/1999/xhtml" xml:lang="en" lang="en">
 <head>
  <title>
</title>
<meta http-equiv="Content-Type" content="text/html;charset=utf-8" />
  <meta name='ocr-system' content='tesseract 3.04.00' />
  <meta name='ocr-capabilities' content='ocr_page ocr_carea ocr_par ocr_line ocrx_word'/>
</head>
<body>
  <div class='ocr_page' id='page_1' title='image "./compendiumtheol02gurygoog_0507.png"; bbox 0 0 3136 5034; ppageno 0'>
   <div class='ocr_carea' id='block_1_1' title="bbox 205 243 950 446">
    <p class='ocr_par' dir='ltr' id='par_1_1' title="bbox 205 243 950 446">
     <span class='ocr_line' id='line_1_1' title="bbox 205 243 950 306; baseline -0.005 -2"><span class='ocrx_word' id='word_1_1' title='bbox 205 243 275 306; x_wconf 76' lang='lat' dir='ltr'><strong>tue</strong></span> <span class='ocrx_word' id='word_1_2' title='bbox 742 255 950 300; x_wconf 78' lang='lat' dir='ltr'><strong>rnacrarne</strong></span> 
     </span>
     <span class='ocr_line' id='line_1_2' title="bbox 327 367 553 446; baseline -0.013 -13"><span class='ocrx_word' id='word_1_3' title='bbox 327 367 553 446; x_wconf 84' lang='lat' dir='ltr'><strong>Prlnotpta.</strong></span> 
     </span>
    </p>
   </div>
   <div class='ocr_carea' id='block_1_2' title="bbox 204 510 1488 1571">
    <p class='ocr_par' dir='ltr' id='par_1_2' title="bbox 206 510 1488 852">
     <span class='ocr_line' id='line_1_3' title="bbox 246 510 1487 594; baseline -0.003 -18"><span class='ocrx_word' id='word_1_4' title='bbox 246 517 316 578; x_wconf 82' lang='lat' dir='ltr'><strong>ret.</strong></span> <span class='ocrx_word' id='word_1_5' title='bbox 332 549 371 558; x_wconf 92' lang='lat'>-</span> <span class='ocrx_word' id='word_1_6' title='bbox 386 514 408 574; x_wconf 95' lang='lat' dir='ltr'><strong>I.</strong></span> <span class='ocrx_word' id='word_1_7' title='bbox 425 515 606 576; x_wconf 75' lang='lat' dir='ltr'><strong>Contractus</strong></span> <span class='ocrx_word' id='word_1_8' title='bbox 616 513 687 594; x_wconf 85' lang='lat' dir='ltr'><strong>jure</strong></span> <span class='ocrx_word' id='word_1_9' title='bbox 700 515 819 574; x_wconf 78' lang='lat' dir='ltr'><strong>natura</strong></span> <span class='ocrx_word' id='word_1_10' title='bbox 835 511 927 586; x_wconf 79' lang='lat' dir='ltr'><strong>irriti,</strong></span> <span class='ocrx_word' id='word_1_11' title='bbox 938 514 1115 593; x_wconf 85' lang='lat' dir='ltr'><strong>juramento</strong></span> <span class='ocrx_word' id='word_1_12' title='bbox 1128 529 1193 574; x_wconf 89' lang='lat' dir='ltr'><strong>non</strong></span> <span class='ocrx_word' id='word_1_13' title='bbox 1206 510 1386 574; x_wconf 79' lang='lat' dir='ltr'><strong>firmantur.</strong></span> <span class='ocrx_word' id='word_1_14' title='bbox 1398 511 1487 574; x_wconf 71' lang='lat' dir='ltr'><strong>Batia·</strong></span> 
     </span>
     <span class='ocr_line' id='line_1_4' title="bbox 206 598 1488 684; baseline -0.004 -17"><span class='ocrx_word' id='word_1_15' title='bbox 206 609 263 677; x_wconf 87' lang='lat' dir='ltr'><strong>est,</strong></span> <span class='ocrx_word' id='word_1_16' title='bbox 277 601 351 684; x_wconf 90' lang='lat' dir='ltr'><strong>quia</strong></span> <span class='ocrx_word' id='word_1_17' title='bbox 358 603 573 684; x_wconf 85' lang='lat' dir='ltr'><strong>juramentum</strong></span> <span class='ocrx_word' id='word_1_18' title='bbox 587 605 635 663; x_wconf 90' lang='lat' dir='ltr'><strong>est</strong></span> <span class='ocrx_word' id='word_1_19' title='bbox 647 606 733 663; x_wconf 86' lang='lat' dir='ltr'><strong>aetus</strong></span> <span class='ocrx_word' id='word_1_20' title='bbox 752 601 880 662; x_wconf 88' lang='lat' dir='ltr'><strong>omnino</strong></span> <span class='ocrx_word' id='word_1_21' title='bbox 898 599 1086 672; x_wconf 73' lang='lat' dir='ltr'><strong>extrinsecus</strong></span> <span class='ocrx_word' id='word_1_22' title='bbox 1106 599 1292 672; x_wconf 87' lang='lat' dir='ltr'><strong>eontraotui,</strong></span> <span class='ocrx_word' id='word_1_23' title='bbox 1305 604 1337 661; x_wconf 88' lang='lat' dir='ltr'><strong>et</strong></span> <span class='ocrx_word' id='word_1_24' title='bbox 1354 598 1488 679; x_wconf 80' lang='lat' dir='ltr'><strong>proinde</strong></span> 
     </span>
     <span class='ocr_line' id='line_1_5' title="bbox 206 687 1487 774; baseline -0.005 -19"><span class='ocrx_word' id='word_1_25' title='bbox 206 695 271 774; x_wconf 84' lang='lat' dir='ltr'><strong>ejus</strong></span> <span class='ocrx_word' id='word_1_26' title='bbox 289 689 355 755; x_wconf 79' lang='lat' dir='ltr'><strong>vim</strong></span> <span class='ocrx_word' id='word_1_27' title='bbox 376 689 515 770; x_wconf 86' lang='lat' dir='ltr'><strong>supplere</strong></span> <span class='ocrx_word' id='word_1_28' title='bbox 535 687 710 752; x_wconf 86' lang='lat' dir='ltr'><strong>nullatenus</strong></span> <span class='ocrx_word' id='word_1_29' title='bbox 729 693 837 770; x_wconf 88' lang='lat' dir='ltr'><strong>potest.</strong></span> <span class='ocrx_word' id='word_1_30' title='bbox 859 688 938 754; x_wconf 88' lang='lat' dir='ltr'><strong>Hine</strong></span> <span class='ocrx_word' id='word_1_31' title='bbox 960 687 1080 751; x_wconf 81' lang='lat' dir='ltr'><strong>axioma</strong></span> <span class='ocrx_word' id='word_1_32' title='bbox 1092 707 1100 749; x_wconf 92' lang='lat'>:</span> <span class='ocrx_word' id='word_1_33' title='bbox 1114 687 1327 750; x_wconf 76' lang='lat' dir='ltr'><strong>loramentum</strong></span> <span class='ocrx_word' id='word_1_34' title='bbox 1345 691 1487 770; x_wconf 77' lang='lat' dir='ltr'><strong>sequitur</strong></span> 
     </span>
     <span class='ocr_line' id='line_1_6' title="bbox 206 775 937 852; baseline -0.004 -10"><span class='ocrx_word' id='word_1_35' title='bbox 206 789 348 842; x_wconf 82' lang='lat' dir='ltr'><strong>naturam</strong></span> <span class='ocrx_word' id='word_1_36' title='bbox 360 787 455 842; x_wconf 82' lang='lat' dir='ltr'><strong>octus.</strong></span> <span class='ocrx_word' id='word_1_37' title='bbox 468 812 508 824; x_wconf 93' lang='lat'>—</span> <span class='ocrx_word' id='word_1_38' title='bbox 520 777 670 838; x_wconf 84' lang='lat' dir='ltr'><strong>Billuart.</strong></span> <span class='ocrx_word' id='word_1_39' title='bbox 688 815 727 822; x_wconf 95' lang='lat'>-</span> <span class='ocrx_word' id='word_1_40' title='bbox 740 777 863 852; x_wconf 79' lang='lat' dir='ltr'><strong>Reater,</strong></span> <span class='ocrx_word' id='word_1_41' title='bbox 879 775 937 840; x_wconf 86' lang='lat' dir='ltr'><strong>ete.</strong></span> 
     </span>
    </p>

    <p class='ocr_par' dir='ltr' id='par_1_3' title="bbox 204 865 1486 1284">
     <span class='ocr_line' id='line_1_7' title="bbox 245 865 1483 948; baseline -0.004 -17"><span class='ocrx_word' id='word_1_42' title='bbox 245 869 282 930; x_wconf 90' lang='grc' dir='ltr'><strong>Π.</strong></span> <span class='ocrx_word' id='word_1_43' title='bbox 298 871 358 931; x_wconf 88' lang='lat' dir='ltr'><strong>Neo</strong></span> <span class='ocrx_word' id='word_1_44' title='bbox 372 866 537 929; x_wconf 88' lang='lat' dir='ltr'><strong>firmantur</strong></span> <span class='ocrx_word' id='word_1_45' title='bbox 547 869 723 948; x_wconf 85' lang='lat' dir='ltr'><strong>juramento</strong></span> <span class='ocrx_word' id='word_1_46' title='bbox 738 873 910 929; x_wconf 88' lang='lat' dir='ltr'><strong>eontraetus</strong></span> <span class='ocrx_word' id='word_1_47' title='bbox 926 867 994 948; x_wconf 86' lang='lat' dir='ltr'><strong>ipso</strong></span> <span class='ocrx_word' id='word_1_48' title='bbox 1013 865 1089 928; x_wconf 87' lang='lat' dir='ltr'><strong>faeto</strong></span> <span class='ocrx_word' id='word_1_49' title='bbox 1107 868 1198 927; x_wconf 72' lang='lat' dir='ltr'><strong>irriti</strong></span> <span class='ocrx_word' id='word_1_50' title='bbox 1209 866 1246 928; x_wconf 87' lang='lat' dir='ltr'><strong>de</strong></span> <span class='ocrx_word' id='word_1_51' title='bbox 1254 869 1325 946; x_wconf 84' lang='lat' dir='ltr'><strong>jure</strong></span> <span class='ocrx_word' id='word_1_52' title='bbox 1337 865 1483 946; x_wconf 72' lang='lat' dir='ltr'><strong>positivo.</strong></span> 
     </span>
     <span class='ocr_line' id='line_1_8' title="bbox 204 953 1485 1036; baseline -0.003 -14"><span class='ocrx_word' id='word_1_53' title='bbox 204 954 293 1022; x_wconf 87' lang='lat' dir='ltr'><strong>Ratio</strong></span> <span class='ocrx_word' id='word_1_54' title='bbox 305 963 367 1032; x_wconf 86' lang='lat' dir='ltr'><strong>est,</strong></span> <span class='ocrx_word' id='word_1_55' title='bbox 381 955 455 1036; x_wconf 85' lang='lat' dir='ltr'><strong>quia</strong></span> <span class='ocrx_word' id='word_1_56' title='bbox 469 955 518 1018; x_wconf 84' lang='lat' dir='ltr'><strong>lex</strong></span> <span class='ocrx_word' id='word_1_57' title='bbox 533 954 660 1018; x_wconf 83' lang='lat' dir='ltr'><strong>irritans</strong></span> <span class='ocrx_word' id='word_1_58' title='bbox 677 953 827 1018; x_wconf 78' lang='lat' dir='ltr'><strong>imaititnr</strong></span> <span class='ocrx_word' id='word_1_59' title='bbox 845 955 963 1017; x_wconf 87' lang='lat' dir='ltr'><strong>motivo</strong></span> <span class='ocrx_word' id='word_1_60' title='bbox 981 955 1056 1017; x_wconf 89' lang='lat' dir='ltr'><strong>boni</strong></span> <span class='ocrx_word' id='word_1_61' title='bbox 1071 955 1244 1017; x_wconf 88' lang='lat' dir='ltr'><strong>eommunis</strong></span> <span class='ocrx_word' id='word_1_62' title='bbox 1256 961 1352 1034; x_wconf 81' lang='lat' dir='ltr'><strong>atque</strong></span> <span class='ocrx_word' id='word_1_63' title='bbox 1365 956 1485 1018; x_wconf 77' lang='lat' dir='ltr'>ordinis</span> 
     </span>
     <span class='ocr_line' id='line_1_9' title="bbox 205 1043 1485 1127; baseline -0.002 -19"><span class='ocrx_word' id='word_1_64' title='bbox 205 1044 334 1127; x_wconf 86' lang='lat' dir='ltr'><strong>publioi;</strong></span> <span class='ocrx_word' id='word_1_65' title='bbox 345 1047 561 1126; x_wconf 85' lang='lat' dir='ltr'><strong>juramentum</strong></span> <span class='ocrx_word' id='word_1_66' title='bbox 573 1043 672 1124; x_wconf 81' lang='lat' dir='ltr'><strong>igitur</strong></span> <span class='ocrx_word' id='word_1_67' title='bbox 687 1043 766 1106; x_wconf 87' lang='lat' dir='ltr'><strong>foret</strong></span> <span class='ocrx_word' id='word_1_68' title='bbox 782 1051 888 1108; x_wconf 85' lang='lat' dir='ltr'><strong>eontra</strong></span> <span class='ocrx_word' id='word_1_69' title='bbox 901 1043 1019 1107; x_wconf 88' lang='lat' dir='ltr'><strong>bonnm</strong></span> <span class='ocrx_word' id='word_1_70' title='bbox 1034 1061 1211 1118; x_wconf 80' lang='lat' dir='ltr'><strong>commune,</strong></span> <span class='ocrx_word' id='word_1_71' title='bbox 1225 1049 1258 1106; x_wconf 90' lang='lat' dir='ltr'><strong>et</strong></span> <span class='ocrx_word' id='word_1_72' title='bbox 1271 1043 1401 1122; x_wconf 79' lang='lat' dir='ltr'>proinde</span> <span class='ocrx_word' id='word_1_73' title='bbox 1416 1045 1485 1107; x_wconf 74' lang='lat' dir='ltr'><strong>rin-</strong></span> 
     </span>
     <span class='ocr_line' id='line_1_10' title="bbox 205 1131 1486 1212; baseline -0.002 -15"><span class='ocrx_word' id='word_1_74' title='bbox 205 1131 310 1197; x_wconf 85' lang='lat' dir='ltr'><strong>ouium</strong></span> <span class='ocrx_word' id='word_1_75' title='bbox 323 1133 497 1206; x_wconf 88' lang='lat' dir='ltr'><strong>immorale,</strong></span> <span class='ocrx_word' id='word_1_76' title='bbox 514 1132 596 1212; x_wconf 88' lang='lat' dir='ltr'><strong>quod</strong></span> <span class='ocrx_word' id='word_1_77' title='bbox 614 1135 709 1208; x_wconf 82' lang='lat' dir='ltr'><strong>oeus,</strong></span> <span class='ocrx_word' id='word_1_78' title='bbox 727 1131 881 1196; x_wconf 80' lang='lat' dir='ltr'><strong>societatis</strong></span> <span class='ocrx_word' id='word_1_79' title='bbox 899 1139 1015 1207; x_wconf 78' lang='lat' dir='ltr'><strong>auctor,</strong></span> <span class='ocrx_word' id='word_1_80' title='bbox 1032 1132 1148 1195; x_wconf 89' lang='lat' dir='ltr'><strong>saneire</strong></span> <span class='ocrx_word' id='word_1_81' title='bbox 1171 1149 1236 1196; x_wconf 89' lang='lat' dir='ltr'><strong>non</strong></span> <span class='ocrx_word' id='word_1_82' title='bbox 1247 1137 1360 1212; x_wconf 85' lang='lat' dir='ltr'><strong>potest.</strong></span> <span class='ocrx_word' id='word_1_83' title='bbox 1378 1134 1486 1196; x_wconf 85' lang='lat' dir='ltr'><strong>—Ita</strong></span> 
     </span>
     <span class='ocr_line' id='line_1_11' title="bbox 205 1220 634 1284; baseline -0.007 -1"><span class='ocrx_word' id='word_1_84' title='bbox 205 1225 472 1284; x_wconf 73' lang='lat' dir='ltr'><strong>communitatum</strong></span> <span class='ocrx_word' id='word_1_85' title='bbox 486 1220 634 1283; x_wconf 83' lang='lat' dir='ltr'><strong>Billuurt.</strong></span> 
     </span>
    </p>

    <p class='ocr_par' dir='ltr' id='par_1_4' title="bbox 206 1308 1484 1571">
     <span class='ocr_line' id='line_1_12' title="bbox 245 1308 1484 1392; baseline -0.001 -19"><span class='ocrx_word' id='word_1_86' title='bbox 245 1313 296 1373; x_wconf 88' lang='grc' dir='ltr'><strong>ΠΙ.</strong></span> <span class='ocrx_word' id='word_1_87' title='bbox 319 1314 537 1373; x_wconf 73' lang='lat' dir='ltr'><strong>iuramentum</strong></span> <span class='ocrx_word' id='word_1_88' title='bbox 558 1329 677 1391; x_wconf 82' lang='lat' dir='ltr'><strong>semper</strong></span> <span class='ocrx_word' id='word_1_89' title='bbox 702 1318 748 1374; x_wconf 91' lang='lat' dir='ltr'><strong>est</strong></span> <span class='ocrx_word' id='word_1_90' title='bbox 769 1311 959 1388; x_wconf 80' lang='lat' dir='ltr'><strong>invalidmn,</strong></span> <span class='ocrx_word' id='word_1_91' title='bbox 980 1309 1099 1392; x_wconf 85' lang='lat' dir='ltr'><strong>quoties</strong></span> <span class='ocrx_word' id='word_1_92' title='bbox 1122 1308 1186 1373; x_wconf 90' lang='lat' dir='ltr'><strong>sine</strong></span> <span class='ocrx_word' id='word_1_93' title='bbox 1204 1311 1344 1391; x_wconf 88' lang='lat' dir='ltr'><strong>jurantis</strong></span> <span class='ocrx_word' id='word_1_94' title='bbox 1362 1319 1484 1391; x_wconf 77' lang='lat' dir='ltr'><strong>peceato</strong></span> 
     </span>
     <span class='ocr_line' id='line_1_13' title="bbox 206 1399 1484 1482; baseline 0 -20"><span class='ocrx_word' id='word_1_95' title='bbox 206 1399 322 1464; x_wconf 80' lang='lat' dir='ltr'><strong>servari</strong></span> <span class='ocrx_word' id='word_1_96' title='bbox 335 1414 396 1462; x_wconf 82' lang='lat' dir='ltr'><strong>nou</strong></span> <span class='ocrx_word' id='word_1_97' title='bbox 413 1405 523 1480; x_wconf 84' lang='lat' dir='ltr'><strong>potest.</strong></span> <span class='ocrx_word' id='word_1_98' title='bbox 540 1401 629 1464; x_wconf 86' lang='lat' dir='ltr'><strong>Ratio</strong></span> <span class='ocrx_word' id='word_1_99' title='bbox 646 1408 710 1476; x_wconf 85' lang='lat' dir='ltr'><strong>est,</strong></span> <span class='ocrx_word' id='word_1_100' title='bbox 729 1399 803 1480; x_wconf 90' lang='lat' dir='ltr'><strong>quia</strong></span> <span class='ocrx_word' id='word_1_101' title='bbox 813 1403 1028 1482; x_wconf 86' lang='lat' dir='ltr'><strong>juramentum</strong></span> <span class='ocrx_word' id='word_1_102' title='bbox 1042 1399 1153 1480; x_wconf 86' lang='lat' dir='ltr'><strong>nequit</strong></span> <span class='ocrx_word' id='word_1_103' title='bbox 1165 1417 1230 1462; x_wconf 84' lang='lat' dir='ltr'><strong>esse</strong></span> <span class='ocrx_word' id='word_1_104' title='bbox 1244 1399 1409 1462; x_wconf 79' lang='lat' dir='ltr'><strong>vinculum</strong></span> <span class='ocrx_word' id='word_1_105' title='bbox 1419 1399 1484 1462; x_wconf 89' lang='lat' dir='ltr'><strong>ini-</strong></span> 
     </span>
     <span class='ocr_line' id='line_1_14' title="bbox 206 1487 1411 1571; baseline -0.003 -17"><span class='ocrx_word' id='word_1_106' title='bbox 206 1487 350 1570; x_wconf 72' lang='lat' dir='ltr'><strong>quintis,</strong></span> <span class='ocrx_word' id='word_1_107' title='bbox 366 1506 422 1551; x_wconf 88' lang='lat' dir='ltr'><strong>nee</strong></span> <span class='ocrx_word' id='word_1_108' title='bbox 435 1496 542 1552; x_wconf 86' lang='lat' dir='ltr'><strong>contra</strong></span> <span class='ocrx_word' id='word_1_109' title='bbox 554 1487 649 1552; x_wconf 89' lang='lat' dir='ltr'><strong>honos</strong></span> <span class='ocrx_word' id='word_1_110' title='bbox 661 1507 761 1554; x_wconf 87' lang='lat' dir='ltr'><strong>mores</strong></span> <span class='ocrx_word' id='word_1_111' title='bbox 772 1489 904 1569; x_wconf 77' lang='lat' dir='ltr'><strong>obligare</strong></span> <span class='ocrx_word' id='word_1_112' title='bbox 919 1488 1010 1552; x_wconf 83' lang='lat' dir='ltr'><strong>valet.</strong></span> <span class='ocrx_word' id='word_1_113' title='bbox 1027 1489 1133 1550; x_wconf 85' lang='lat' dir='ltr'><strong>—Ita</strong></span> <span class='ocrx_word' id='word_1_114' title='bbox 1146 1508 1245 1551; x_wconf 82' lang='lat' dir='ltr'><strong>omnes</strong></span> <span class='ocrx_word' id='word_1_115' title='bbox 1262 1488 1411 1571; x_wconf 72' lang='lat' dir='ltr'><strong>theotoqi.</strong></span> 
     </span>
    </p>
   </div>
   <div class='ocr_carea' id='block_1_3' title="bbox 328 1644 527 1721">
    <p class='ocr_par' dir='ltr' id='par_1_5' title="bbox 328 1644 527 1721">
     <span class='ocr_line' id='line_1_15' title="bbox 328 1644 527 1721; baseline -0.005 -13"><span class='ocrx_word' id='word_1_116' title='bbox 328 1644 527 1721; x_wconf 83' lang='lat' dir='ltr'><strong>Quaeslta.</strong></span> 
     </span>
    </p>
   </div>
   <div class='ocr_carea' id='block_1_4' title="bbox 202 1787 1488 4093">
    <p class='ocr_par' dir='ltr' id='par_1_6' title="bbox 202 1787 1485 1961">
     <span class='ocr_line' id='line_1_16' title="bbox 245 1787 1485 1872; baseline -0.001 -20"><span class='ocrx_word' id='word_1_117' title='bbox 245 1793 317 1853; x_wconf 71' lang='lat'><strong>792.</strong></span> <span class='ocrx_word' id='word_1_118' title='bbox 334 1823 375 1835; x_wconf 90' lang='grc'><strong>--</strong></span> <span class='ocrx_word' id='word_1_119' title='bbox 389 1791 494 1865; x_wconf 74' lang='lat' dir='ltr'><strong>Quam.</strong></span> <span class='ocrx_word' id='word_1_120' title='bbox 515 1789 548 1851; x_wconf 83' lang='lat'><strong>1⁰</strong></span> <span class='ocrx_word' id='word_1_121' title='bbox 568 1789 616 1850; x_wconf 84' lang='lat' dir='ltr'><strong>Aa</strong></span> <span class='ocrx_word' id='word_1_122' title='bbox 633 1791 847 1872; x_wconf 80' lang='lat' dir='ltr'><strong>juramentum</strong></span> <span class='ocrx_word' id='word_1_123' title='bbox 866 1789 970 1871; x_wconf 74' lang='lat' dir='ltr'><strong>firmet</strong></span> <span class='ocrx_word' id='word_1_124' title='bbox 989 1797 1177 1866; x_wconf 75' lang='lat' dir='ltr'><strong>contractus,</strong></span> <span class='ocrx_word' id='word_1_125' title='bbox 1196 1807 1259 1850; x_wconf 79' lang='lat' dir='ltr'><strong>ooo</strong></span> <span class='ocrx_word' id='word_1_126' title='bbox 1279 1789 1397 1870; x_wconf 79' lang='lat' dir='ltr'><strong>quidem</strong></span> <span class='ocrx_word' id='word_1_127' title='bbox 1415 1787 1485 1870; x_wconf 61' lang='grc' dir='ltr'><strong>ἔαρι·</strong></span> 
     </span>
     <span class='ocr_line' id='line_1_17' title="bbox 202 1878 917 1961; baseline 0.001 -22"><span class='ocrx_word' id='word_1_128' title='bbox 202 1880 342 1961; x_wconf 77' lang='lat' dir='ltr'><strong>peritton</strong></span> <span class='ocrx_word' id='word_1_129' title='bbox 355 1879 477 1953; x_wconf 79' lang='lat' dir='ltr'><strong>irritos,</strong></span> <span class='ocrx_word' id='word_1_130' title='bbox 492 1878 545 1939; x_wconf 80' lang='lat' dir='ltr'><strong>aed</strong></span> <span class='ocrx_word' id='word_1_131' title='bbox 557 1878 762 1942; x_wconf 79' lang='lat' dir='ltr'><strong>rescindibitee</strong></span> <span class='ocrx_word' id='word_1_132' title='bbox 779 1881 917 1941; x_wconf 76' lang='lat' dir='ltr'><strong>tautum?</strong></span> 
     </span>
    </p>

    <p class='ocr_par' dir='ltr' id='par_1_7' title="bbox 206 1966 1483 2406">
     <span class='ocr_line' id='line_1_18' title="bbox 246 1966 1482 2050; baseline 0.001 -21"><span class='ocrx_word' id='word_1_133' title='bbox 246 1968 338 2050; x_wconf 77' lang='lat' dir='ltr'><strong>Reap.</strong></span> <span class='ocrx_word' id='word_1_134' title='bbox 360 1973 394 2030; x_wconf 73' lang='lat'><strong>{⁰</strong></span> <span class='ocrx_word' id='word_1_135' title='bbox 411 1967 491 2049; x_wconf 75' lang='lat' dir='ltr'><strong>Neq.</strong></span> <span class='ocrx_word' id='word_1_136' title='bbox 509 1967 717 2050; x_wconf 78' lang='lat' dir='ltr'><strong><em>probabilius,</em></strong></span> <span class='ocrx_word' id='word_1_137' title='bbox 734 1969 856 2050; x_wconf 67' lang='lat' dir='ltr'><strong>mrando</strong></span> <span class='ocrx_word' id='word_1_138' title='bbox 875 1968 1111 2032; x_wconf 81' lang='lat' dir='ltr'><strong>rescindihilitas</strong></span> <span class='ocrx_word' id='word_1_139' title='bbox 1131 1967 1255 2031; x_wconf 84' lang='lat' dir='ltr'><strong>intuitu</strong></span> <span class='ocrx_word' id='word_1_140' title='bbox 1270 1967 1347 2030; x_wconf 87' lang='lat' dir='ltr'><strong>boni</strong></span> <span class='ocrx_word' id='word_1_141' title='bbox 1367 1966 1482 2048; x_wconf 75' lang='lat' dir='ltr'>publici</span> 
     </span>
     <span class='ocr_line' id='line_1_19' title="bbox 206 2055 1482 2138; baseline -0.002 -18"><span class='ocrx_word' id='word_1_142' title='bbox 206 2057 377 2121; x_wconf 70' lang='lat' dir='ltr'><strong>inducitur.</strong></span> <span class='ocrx_word' id='word_1_143' title='bbox 387 2055 477 2121; x_wconf 81' lang='lat' dir='ltr'>Ratio</span> <span class='ocrx_word' id='word_1_144' title='bbox 489 2063 574 2137; x_wconf 88' lang='lat' dir='ltr'><strong>patet</strong></span> <span class='ocrx_word' id='word_1_145' title='bbox 588 2075 626 2118; x_wconf 78' lang='lat' dir='ltr'><strong>er</strong></span> <span class='ocrx_word' id='word_1_146' title='bbox 639 2055 740 2120; x_wconf 85' lang='lat' dir='ltr'><strong>dietis.</strong></span> <span class='ocrx_word' id='word_1_147' title='bbox 750 2057 828 2120; x_wconf 91' lang='lat' dir='ltr'><strong>Hino</strong></span> <span class='ocrx_word' id='word_1_148' title='bbox 840 2077 903 2120; x_wconf 90' lang='lat' dir='ltr'><strong>non</strong></span> <span class='ocrx_word' id='word_1_149' title='bbox 919 2059 1020 2121; x_wconf 84' lang='lat' dir='ltr'><strong>valent</strong></span> <span class='ocrx_word' id='word_1_150' title='bbox 1030 2060 1209 2138; x_wconf 69' lang='lat' dir='ltr'><strong>juramenta</strong></span> <span class='ocrx_word' id='word_1_151' title='bbox 1220 2056 1482 2128; x_wconf 66' lang='lat' dir='ltr'><strong>minorarmrxa</strong></span> 
     </span>
     <span class='ocr_line' id='line_1_20' title="bbox 207 2145 1481 2226; baseline -0.003 -16"><span class='ocrx_word' id='word_1_152' title='bbox 207 2165 279 2210; x_wconf 84' lang='lat' dir='ltr'><strong>rum</strong></span> <span class='ocrx_word' id='word_1_153' title='bbox 291 2152 324 2208; x_wconf 91' lang='lat' dir='ltr'><strong>et</strong></span> <span class='ocrx_word' id='word_1_154' title='bbox 334 2145 491 2210; x_wconf 79' lang='lat' dir='ltr'><strong>similium</strong></span> <span class='ocrx_word' id='word_1_155' title='bbox 503 2148 543 2209; x_wconf 86' lang='lat' dir='ltr'><strong>ad</strong></span> <span class='ocrx_word' id='word_1_156' title='bbox 557 2147 724 2210; x_wconf 86' lang='lat' dir='ltr'><strong>firmandos</strong></span> <span class='ocrx_word' id='word_1_157' title='bbox 743 2153 917 2210; x_wconf 77' lang='lat' dir='ltr'><strong>contractus</strong></span> <span class='ocrx_word' id='word_1_158' title='bbox 930 2147 995 2226; x_wconf 84' lang='lat' dir='ltr'><strong>tege</strong></span> <span class='ocrx_word' id='word_1_159' title='bbox 1010 2146 1131 2220; x_wconf 84' lang='lat' dir='ltr'><strong>irritos,</strong></span> <span class='ocrx_word' id='word_1_160' title='bbox 1147 2146 1207 2209; x_wconf 80' lang='lat' dir='ltr'><strong>etsi</strong></span> <span class='ocrx_word' id='word_1_161' title='bbox 1224 2147 1275 2208; x_wconf 82' lang='lat' dir='ltr'><strong>lex</strong></span> <span class='ocrx_word' id='word_1_162' title='bbox 1291 2145 1327 2207; x_wconf 87' lang='lat' dir='ltr'><strong>in</strong></span> <span class='ocrx_word' id='word_1_163' title='bbox 1342 2145 1481 2224; x_wconf 77' lang='lat' dir='ltr'><strong>ipsorum</strong></span> 
     </span>
     <span class='ocr_line' id='line_1_21' title="bbox 207 2233 1483 2317; baseline -0.002 -20"><span class='ocrx_word' id='word_1_164' title='bbox 207 2234 377 2298; x_wconf 78' lang='lat' dir='ltr'><strong>utiiitutem</strong></span> <span class='ocrx_word' id='word_1_165' title='bbox 392 2233 436 2298; x_wconf 83' lang='lat' dir='ltr'><strong>eit</strong></span> <span class='ocrx_word' id='word_1_166' title='bbox 453 2235 638 2311; x_wconf 85' lang='lat' dir='ltr'><strong>eonstituta;</strong></span> <span class='ocrx_word' id='word_1_167' title='bbox 652 2235 765 2316; x_wconf 90' lang='lat' dir='ltr'><strong>quippe</strong></span> <span class='ocrx_word' id='word_1_168' title='bbox 779 2236 914 2316; x_wconf 77' lang='lat' dir='ltr'><strong>perversi</strong></span> <span class='ocrx_word' id='word_1_169' title='bbox 927 2234 1067 2298; x_wconf 78' lang='lat' dir='ltr'><strong>homines</strong></span> <span class='ocrx_word' id='word_1_170' title='bbox 1082 2253 1202 2316; x_wconf 78' lang='lat' dir='ltr'><strong>semper</strong></span> <span class='ocrx_word' id='word_1_171' title='bbox 1212 2238 1429 2317; x_wconf 79' lang='lat' dir='ltr'><strong>jurameutum</strong></span> <span class='ocrx_word' id='word_1_172' title='bbox 1442 2233 1483 2294; x_wconf 76' lang='lat' dir='ltr'><strong>ab</strong></span> 
     </span>
     <span class='ocr_line' id='line_1_22' title="bbox 206 2323 1119 2406; baseline 0.002 -22"><span class='ocrx_word' id='word_1_173' title='bbox 206 2323 246 2384; x_wconf 90' lang='lat' dir='ltr'><strong>iis</strong></span> <span class='ocrx_word' id='word_1_174' title='bbox 260 2323 430 2403; x_wconf 81' lang='lat' dir='ltr'><strong>exigerent,</strong></span> <span class='ocrx_word' id='word_1_175' title='bbox 447 2327 529 2406; x_wconf 86' lang='lat' dir='ltr'><strong>quod</strong></span> <span class='ocrx_word' id='word_1_176' title='bbox 541 2323 577 2387; x_wconf 89' lang='lat' dir='ltr'><strong>in</strong></span> <span class='ocrx_word' id='word_1_177' title='bbox 590 2325 814 2388; x_wconf 73' lang='lat' dir='ltr'><strong>detrimentum</strong></span> <span class='ocrx_word' id='word_1_178' title='bbox 828 2325 980 2388; x_wconf 82' lang='lat' dir='ltr'><strong>societatis</strong></span> <span class='ocrx_word' id='word_1_179' title='bbox 991 2324 1119 2387; x_wconf 78' lang='lat' dir='ltr'><strong>eederet</strong></span> 
     </span>
    </p>

    <p class='ocr_par' dir='ltr' id='par_1_8' title="bbox 207 2411 1487 3027">
     <span class='ocr_line' id='line_1_23' title="bbox 247 2411 1487 2494; baseline -0.001 -20"><span class='ocrx_word' id='word_1_180' title='bbox 247 2411 338 2493; x_wconf 72' lang='lat' dir='ltr'><strong>aeep.</strong></span> <span class='ocrx_word' id='word_1_181' title='bbox 351 2417 385 2476; x_wconf 77' lang='lat'><strong>2⁰</strong></span> <span class='ocrx_word' id='word_1_182' title='bbox 399 2413 617 2476; x_wconf 75' lang='lat' dir='ltr'><strong>:Probabilius</strong></span> <span class='ocrx_word' id='word_1_183' title='bbox 628 2422 733 2478; x_wconf 87' lang='lat' dir='ltr'><strong>autem</strong></span> <span class='ocrx_word' id='word_1_184' title='bbox 739 2417 954 2494; x_wconf 86' lang='lat' dir='ltr'><strong>juramentum</strong></span> <span class='ocrx_word' id='word_1_185' title='bbox 962 2413 1058 2489; x_wconf 76' lang='lat' dir='ltr'><strong>valet,</strong></span> <span class='ocrx_word' id='word_1_186' title='bbox 1068 2413 1099 2476; x_wconf 91' lang='lat' dir='ltr'><strong>si</strong></span> <span class='ocrx_word' id='word_1_187' title='bbox 1108 2411 1346 2476; x_wconf 80' lang='lat' dir='ltr'><strong>resciudihilitas</strong></span> <span class='ocrx_word' id='word_1_188' title='bbox 1355 2412 1487 2475; x_wconf 84' lang='lat' dir='ltr'><strong>iadueta</strong></span> 
     </span>
     <span class='ocr_line' id='line_1_24' title="bbox 207 2498 1487 2583; baseline 0.001 -23"><span class='ocrx_word' id='word_1_189' title='bbox 207 2498 303 2561; x_wconf 86' lang='lat' dir='ltr'><strong>fuerit</strong></span> <span class='ocrx_word' id='word_1_190' title='bbox 316 2499 350 2562; x_wconf 92' lang='lat' dir='ltr'><strong>in</strong></span> <span class='ocrx_word' id='word_1_191' title='bbox 362 2501 517 2580; x_wconf 82' lang='lat' dir='ltr'><strong>privatam</strong></span> <span class='ocrx_word' id='word_1_192' title='bbox 528 2503 777 2566; x_wconf 69' lang='lat' dir='ltr'><strong>contrahentium</strong></span> <span class='ocrx_word' id='word_1_193' title='bbox 791 2502 975 2578; x_wconf 68' lang='lat' dir='ltr'><strong>utilitatem</strong></span> <span class='ocrx_word' id='word_1_194' title='bbox 989 2502 1064 2582; x_wconf 82' lang='lat' dir='ltr'><strong>quia</strong></span> <span class='ocrx_word' id='word_1_195' title='bbox 1076 2501 1286 2583; x_wconf 76' lang='lat' dir='ltr'><strong>imusquiaque</strong></span> <span class='ocrx_word' id='word_1_196' title='bbox 1297 2499 1487 2562; x_wconf 80' lang='lat' dir='ltr'><strong>renuntiare</strong></span> 
     </span>
     <span class='ocr_line' id='line_1_25' title="bbox 207 2587 1485 2672; baseline -0.001 -23"><span class='ocrx_word' id='word_1_197' title='bbox 207 2593 307 2668; x_wconf 86' lang='lat' dir='ltr'><strong>potest</strong></span> <span class='ocrx_word' id='word_1_198' title='bbox 318 2587 461 2652; x_wconf 79' lang='lat' dir='ltr'><strong>beneficio</strong></span> <span class='ocrx_word' id='word_1_199' title='bbox 478 2590 513 2652; x_wconf 92' lang='lat' dir='ltr'><strong>in</strong></span> <span class='ocrx_word' id='word_1_200' title='bbox 527 2591 577 2654; x_wconf 87' lang='lat' dir='ltr'><strong>sui</strong></span> <span class='ocrx_word' id='word_1_201' title='bbox 590 2592 721 2672; x_wconf 86' lang='lat' dir='ltr'><strong>gratiam</strong></span> <span class='ocrx_word' id='word_1_202' title='bbox 734 2591 902 2654; x_wconf 82' lang='lat' dir='ltr'><strong>constituto</strong></span> <span class='ocrx_word' id='word_1_203' title='bbox 919 2611 926 2652; x_wconf 93' lang='lat'><strong>:</strong></span> <span class='ocrx_word' id='word_1_204' title='bbox 937 2591 1109 2672; x_wconf 86' lang='lat' dir='ltr'><strong>juramenti</strong></span> <span class='ocrx_word' id='word_1_205' title='bbox 1121 2596 1218 2654; x_wconf 89' lang='lat' dir='ltr'><strong>autem</strong></span> <span class='ocrx_word' id='word_1_206' title='bbox 1230 2587 1428 2668; x_wconf 81' lang='lat' dir='ltr'><strong>interpositio</strong></span> <span class='ocrx_word' id='word_1_207' title='bbox 1444 2587 1485 2649; x_wconf 92' lang='lat' dir='ltr'><strong>in</strong></span> 
     </span>
     <span class='ocr_line' id='line_1_26' title="bbox 208 2675 1485 2760; baseline -0.002 -22"><span class='ocrx_word' id='word_1_208' title='bbox 208 2695 242 2738; x_wconf 89' lang='lat' dir='ltr'><strong>eo</strong></span> <span class='ocrx_word' id='word_1_209' title='bbox 256 2693 329 2740; x_wconf 87' lang='lat' dir='ltr'><strong>easu</strong></span> <span class='ocrx_word' id='word_1_210' title='bbox 342 2683 390 2738; x_wconf 89' lang='lat' dir='ltr'><strong>est</strong></span> <span class='ocrx_word' id='word_1_211' title='bbox 403 2680 545 2760; x_wconf 74' lang='lat' dir='ltr'><strong>quedam</strong></span> <span class='ocrx_word' id='word_1_212' title='bbox 565 2680 752 2744; x_wconf 86' lang='lat' dir='ltr'><strong>renuntiatio</strong></span> <span class='ocrx_word' id='word_1_213' title='bbox 773 2679 917 2754; x_wconf 78' lang='lat' dir='ltr'><strong>beneficio</strong></span> <span class='ocrx_word' id='word_1_214' title='bbox 938 2679 1143 2755; x_wconf 76' lang='lat' dir='ltr'><strong>reseissioniS‚</strong></span> <span class='ocrx_word' id='word_1_215' title='bbox 1157 2679 1189 2742; x_wconf 90' lang='lat' dir='ltr'><strong>in</strong></span> <span class='ocrx_word' id='word_1_216' title='bbox 1206 2675 1333 2757; x_wconf 79' lang='lat' dir='ltr'><strong>gretiam</strong></span> <span class='ocrx_word' id='word_1_217' title='bbox 1351 2681 1485 2738; x_wconf 82' lang='lat' dir='ltr'><strong>eontra-</strong></span> 
     </span>
     <span class='ocr_line' id='line_1_27' title="bbox 208 2763 1485 2850; baseline -0.002 -23"><span class='ocrx_word' id='word_1_218' title='bbox 208 2764 310 2828; x_wconf 86' lang='lat' dir='ltr'><strong>hentis</strong></span> <span class='ocrx_word' id='word_1_219' title='bbox 330 2767 466 2830; x_wconf 83' lang='lat' dir='ltr'><strong>inducto.</strong></span> <span class='ocrx_word' id='word_1_220' title='bbox 482 2768 560 2831; x_wconf 87' lang='lat' dir='ltr'><strong>Hine</strong></span> <span class='ocrx_word' id='word_1_221' title='bbox 579 2768 701 2831; x_wconf 87' lang='lat' dir='ltr'><strong>videtur</strong></span> <span class='ocrx_word' id='word_1_222' title='bbox 720 2775 801 2831; x_wconf 86' lang='lat' dir='ltr'><strong>stare</strong></span> <span class='ocrx_word' id='word_1_223' title='bbox 817 2771 1108 2850; x_wconf 82' lang='lat' dir='ltr'><strong>juramentumque</strong></span> <span class='ocrx_word' id='word_1_224' title='bbox 1127 2768 1195 2849; x_wconf 87' lang='lat' dir='ltr'><strong>quis</strong></span> <span class='ocrx_word' id='word_1_225' title='bbox 1210 2765 1363 2847; x_wconf 71' lang='lat' dir='ltr'><strong>ammittit</strong></span> <span class='ocrx_word' id='word_1_226' title='bbox 1382 2763 1485 2826; x_wconf 80' lang='lat' dir='ltr'><strong>iibere</strong></span> 
     </span>
     <span class='ocr_line' id='line_1_28' title="bbox 209 2853 1487 2938; baseline -0.002 -22"><span class='ocrx_word' id='word_1_227' title='bbox 209 2855 311 2928; x_wconf 87' lang='lat' dir='ltr'><strong>alteri,</strong></span> <span class='ocrx_word' id='word_1_228' title='bbox 335 2873 367 2917; x_wconf 89' lang='lat' dir='ltr'><strong>se</strong></span> <span class='ocrx_word' id='word_1_229' title='bbox 389 2874 452 2918; x_wconf 93' lang='lat' dir='ltr'><strong>non</strong></span> <span class='ocrx_word' id='word_1_230' title='bbox 474 2862 688 2920; x_wconf 80' lang='lat' dir='ltr'><strong>revocaturum</strong></span> <span class='ocrx_word' id='word_1_231' title='bbox 710 2863 932 2921; x_wconf 87' lang='lat' dir='ltr'><strong>testamentum</strong></span> <span class='ocrx_word' id='word_1_232' title='bbox 955 2857 1002 2920; x_wconf 81' lang='lat' dir='ltr'><strong>rel</strong></span> <span class='ocrx_word' id='word_1_233' title='bbox 1025 2857 1160 2938; x_wconf 85' lang='lat' dir='ltr'><strong>legatum</strong></span> <span class='ocrx_word' id='word_1_234' title='bbox 1176 2856 1212 2919; x_wconf 92' lang='lat' dir='ltr'><strong>in</strong></span> <span class='ocrx_word' id='word_1_235' title='bbox 1226 2853 1325 2936; x_wconf 84' lang='lat' dir='ltr'><strong>ipsius</strong></span> <span class='ocrx_word' id='word_1_236' title='bbox 1344 2853 1487 2916; x_wconf 82' lang='lat' dir='ltr'><strong>ieronem</strong></span> 
     </span>
     <span class='ocr_line' id='line_1_29' title="bbox 208 2939 1482 3027; baseline -0.001 -25"><span class='ocrx_word' id='word_1_237' title='bbox 208 2939 335 3016; x_wconf 81' lang='lat' dir='ltr'><strong>fantum,</strong></span> <span class='ocrx_word' id='word_1_238' title='bbox 346 2943 421 3023; x_wconf 88' lang='lat' dir='ltr'><strong>quia</strong></span> <span class='ocrx_word' id='word_1_239' title='bbox 424 2946 534 3025; x_wconf 84' lang='lat' dir='ltr'><strong>jurans</strong></span> <span class='ocrx_word' id='word_1_240' title='bbox 543 2964 560 3008; x_wconf 91' lang='lat' dir='ltr'><strong>e</strong></span> <span class='ocrx_word' id='word_1_241' title='bbox 566 2948 635 3027; x_wconf 88' lang='lat' dir='ltr'><strong>jure</strong></span> <span class='ocrx_word' id='word_1_242' title='bbox 645 2964 700 3008; x_wconf 87' lang='lat' dir='ltr'><strong>suo</strong></span> <span class='ocrx_word' id='word_1_243' title='bbox 710 2945 814 3008; x_wconf 86' lang='lat' dir='ltr'><strong>eedere</strong></span> <span class='ocrx_word' id='word_1_244' title='bbox 824 2952 933 3026; x_wconf 85' lang='lat' dir='ltr'><strong>potest.</strong></span> <span class='ocrx_word' id='word_1_245' title='bbox 948 2981 988 2991; x_wconf 91' lang='lat'><em>-</em></span> <span class='ocrx_word' id='word_1_246' title='bbox 1001 2946 1052 3008; x_wconf 83' lang='lat' dir='ltr'><strong>Ita</strong></span> <span class='ocrx_word' id='word_1_247' title='bbox 1061 2949 1253 3008; x_wconf 79' lang='lat' dir='ltr'><strong>eommemtus.</strong></span> <span class='ocrx_word' id='word_1_248' title='bbox 1267 2979 1307 2988; x_wconf 96' lang='lat'>—</span> <span class='ocrx_word' id='word_1_249' title='bbox 1318 2943 1414 3023; x_wconf 65' lang='lat' dir='ltr'><strong>Leon,</strong></span> <span class='ocrx_word' id='word_1_250' title='bbox 1425 2947 1482 3003; x_wconf 87' lang='lat' dir='ltr'><strong>etr.</strong></span> 
     </span>
    </p>

    <p class='ocr_par' dir='ltr' id='par_1_9' title="bbox 210 3031 1487 3204">
     <span class='ocr_line' id='line_1_30' title="bbox 249 3031 1487 3116; baseline 0.002 -25"><span class='ocrx_word' id='word_1_251' title='bbox 249 3033 319 3094; x_wconf 81' lang='lat'>793.</span> <span class='ocrx_word' id='word_1_252' title='bbox 333 3067 373 3076; x_wconf 92' lang='lat'>-</span> <span class='ocrx_word' id='word_1_253' title='bbox 386 3034 486 3107; x_wconf 74' lang='lat' dir='ltr'><strong>Quaen.</strong></span> <span class='ocrx_word' id='word_1_254' title='bbox 499 3039 533 3096; x_wconf 73' lang='lat'><strong>2⁰</strong></span> <span class='ocrx_word' id='word_1_255' title='bbox 552 3033 601 3095; x_wconf 84' lang='lat' dir='ltr'><strong>Ao</strong></span> <span class='ocrx_word' id='word_1_256' title='bbox 615 3033 735 3096; x_wconf 79' lang='lat' dir='ltr'><strong>ualeant</strong></span> <span class='ocrx_word' id='word_1_257' title='bbox 745 3036 925 3116; x_wconf 83' lang='lat' dir='ltr'><strong>juramento</strong></span> <span class='ocrx_word' id='word_1_258' title='bbox 943 3043 1020 3097; x_wconf 80' lang='lat' dir='ltr'><strong>oeetu</strong></span> <span class='ocrx_word' id='word_1_259' title='bbox 1039 3045 1161 3097; x_wconf 73' lang='lat' dir='ltr'><strong>extorto</strong></span> <span class='ocrx_word' id='word_1_260' title='bbox 1178 3034 1222 3096; x_wconf 84' lang='lat' dir='ltr'><strong>ad</strong></span> <span class='ocrx_word' id='word_1_261' title='bbox 1232 3031 1402 3115; x_wconf 77' lang='lat' dir='ltr'><strong>firmandos</strong></span> <span class='ocrx_word' id='word_1_262' title='bbox 1417 3050 1487 3093; x_wconf 77' lang='lat' dir='ltr'><strong>cou-</strong></span> 
     </span>
     <span class='ocr_line' id='line_1_31' title="bbox 210 3121 794 3204; baseline 0.009 -24"><span class='ocrx_word' id='word_1_263' title='bbox 210 3128 325 3182; x_wconf 70' lang='lat' dir='ltr'><strong>tractus</strong></span> <span class='ocrx_word' id='word_1_264' title='bbox 340 3121 376 3182; x_wconf 78' lang='lat' dir='ltr'><strong>ob</strong></span> <span class='ocrx_word' id='word_1_265' title='bbox 390 3131 502 3184; x_wconf 69' lang='lat' dir='ltr'><strong>metum</strong></span> <span class='ocrx_word' id='word_1_266' title='bbox 511 3143 567 3204; x_wconf 74' lang='lat' dir='ltr'><strong>per</strong></span> <span class='ocrx_word' id='word_1_267' title='bbox 578 3142 608 3184; x_wconf 83' lang='lat' dir='ltr'><strong>ee</strong></span> <span class='ocrx_word' id='word_1_268' title='bbox 619 3123 794 3186; x_wconf 73' lang='lat' dir='ltr'><strong>inualidos?</strong></span> 
     </span>
    </p>

    <p class='ocr_par' dir='ltr' id='par_1_10' title="bbox 248 3205 968 3295">
     <span class='ocr_line' id='line_1_32' title="bbox 248 3205 968 3295; baseline 0.008 -25"><span class='ocrx_word' id='word_1_269' title='bbox 248 3205 339 3291; x_wconf 57' lang='grc' dir='ltr'><strong>πεπρ.</strong></span> <span class='ocrx_word' id='word_1_270' title='bbox 354 3211 494 3292; x_wconf 76' lang='lat' dir='ltr'><strong>:ituplea</strong></span> <span class='ocrx_word' id='word_1_271' title='bbox 506 3213 661 3276; x_wconf 77' lang='lat' dir='ltr'><strong>sententie</strong></span> <span class='ocrx_word' id='word_1_272' title='bbox 671 3213 765 3275; x_wconf 72' lang='lat' dir='ltr'><strong>&lt;tutan</strong></span> <span class='ocrx_word' id='word_1_273' title='bbox 778 3213 943 3295; x_wconf 82' lang='lat' dir='ltr'><strong>probabitis</strong></span> <span class='ocrx_word' id='word_1_274' title='bbox 960 3231 968 3276; x_wconf 74' lang='grc' dir='ltr'><strong><em>ε</em></strong></span> 
     </span>
    </p>

    <p class='ocr_par' dir='ltr' id='par_1_11' title="bbox 210 3297 1487 3560">
     <span class='ocr_line' id='line_1_33' title="bbox 249 3297 1487 3384; baseline 0.001 -25"><span class='ocrx_word' id='word_1_275' title='bbox 249 3297 281 3359; x_wconf 73' lang='lat'><strong>1⁶</strong></span> <span class='ocrx_word' id='word_1_276' title='bbox 291 3297 455 3362; x_wconf 71' lang='lat' dir='ltr'><strong>Sententea</strong></span> <span class='ocrx_word' id='word_1_277' title='bbox 464 3301 954 3384; x_wconf 53' lang='lat' dir='ltr'><strong>mannasfimaefflaex</strong></span> <span class='ocrx_word' id='word_1_278' title='bbox 964 3304 1083 3367; x_wconf 71' lang='lat' dir='ltr'><strong>motivo</strong></span> <span class='ocrx_word' id='word_1_279' title='bbox 1093 3299 1260 3383; x_wconf 72' lang='lat' dir='ltr'><strong>Religionis</strong></span> <span class='ocrx_word' id='word_1_280' title='bbox 1267 3303 1487 3382; x_wconf 79' lang='lat' dir='ltr'><strong>juramentum</strong></span> 
     </span>
     <span class='ocr_line' id='line_1_34' title="bbox 210 3387 1487 3474; baseline 0 -24"><span class='ocrx_word' id='word_1_281' title='bbox 210 3387 327 3452; x_wconf 86' lang='lat' dir='ltr'><strong>servari</strong></span> <span class='ocrx_word' id='word_1_282' title='bbox 340 3388 443 3466; x_wconf 87' lang='lat' dir='ltr'><strong>debet,</strong></span> <span class='ocrx_word' id='word_1_283' title='bbox 459 3390 578 3470; x_wconf 85' lang='lat' dir='ltr'><strong>quoties</strong></span> <span class='ocrx_word' id='word_1_284' title='bbox 598 3389 664 3454; x_wconf 89' lang='lat' dir='ltr'><strong>sine</strong></span> <span class='ocrx_word' id='word_1_285' title='bbox 677 3397 797 3472; x_wconf 81' lang='lat' dir='ltr'><strong>peceato</strong></span> <span class='ocrx_word' id='word_1_286' title='bbox 817 3391 932 3457; x_wconf 88' lang='lat' dir='ltr'><strong>servari</strong></span> <span class='ocrx_word' id='word_1_287' title='bbox 950 3399 1060 3474; x_wconf 88' lang='lat' dir='ltr'><strong>potest.</strong></span> <span class='ocrx_word' id='word_1_288' title='bbox 1077 3429 1117 3438; x_wconf 97' lang='lat'><em>-</em></span> <span class='ocrx_word' id='word_1_289' title='bbox 1134 3390 1169 3453; x_wconf 88' lang='lat' dir='ltr'><strong>S.</strong></span> <span class='ocrx_word' id='word_1_290' title='bbox 1190 3390 1275 3472; x_wconf 52' lang='lat'><strong>1259„</strong></span> <span class='ocrx_word' id='word_1_291' title='bbox 1296 3389 1334 3452; x_wconf 73' lang='lat' dir='ltr'><strong>de</strong></span> <span class='ocrx_word' id='word_1_292' title='bbox 1350 3389 1487 3465; x_wconf 64' lang='lat' dir='ltr'><strong>larua,</strong></span> 
     </span>
     <span class='ocr_line' id='line_1_35' title="bbox 210 3478 660 3560; baseline 0.013 -24"><span class='ocrx_word' id='word_1_293' title='bbox 210 3497 241 3538; x_wconf 80' lang='lat' dir='ltr'><strong>a.</strong></span> <span class='ocrx_word' id='word_1_294' title='bbox 256 3481 328 3542; x_wconf 73' lang='lat' dir='ltr'><strong>art.</strong></span> <span class='ocrx_word' id='word_1_295' title='bbox 343 3513 383 3524; x_wconf 89' lang='lat'><em>-</em></span> <span class='ocrx_word' id='word_1_296' title='bbox 395 3478 479 3560; x_wconf 65' lang='lat' dir='ltr'><strong>hoyo</strong></span> <span class='ocrx_word' id='word_1_297' title='bbox 486 3527 496 3558; x_wconf 93' lang='lat'><em>,</em></span> <span class='ocrx_word' id='word_1_298' title='bbox 512 3478 660 3543; x_wconf 67' lang='lat' dir='ltr'><strong>uiuunt.</strong></span> 
     </span>
    </p>

    <p class='ocr_par' dir='ltr' id='par_1_12' title="bbox 208 3565 1488 4093">
     <span class='ocr_line' id='line_1_36' title="bbox 250 3565 1488 3653; baseline 0.003 -27"><span class='ocrx_word' id='word_1_299' title='bbox 250 3565 300 3626; x_wconf 57' lang='grc' dir='ltr'><strong>ΙΙ(ι</strong></span> <span class='ocrx_word' id='word_1_300' title='bbox 318 3568 481 3629; x_wconf 79' lang='lat' dir='ltr'><strong>Sententia</strong></span> <span class='ocrx_word' id='word_1_301' title='bbox 498 3567 667 3651; x_wconf 64' lang='lat' dir='ltr'><strong>probabilia</strong></span> <span class='ocrx_word' id='word_1_302' title='bbox 690 3589 771 3653; x_wconf 57' lang='lat' dir='ltr'><strong>neo,</strong></span> <span class='ocrx_word' id='word_1_303' title='bbox 793 3571 867 3652; x_wconf 73' lang='lat' dir='ltr'><strong>qaia</strong></span> <span class='ocrx_word' id='word_1_304' title='bbox 883 3575 1096 3652; x_wconf 79' lang='lat' dir='ltr'><strong>jar-amentum</strong></span> <span class='ocrx_word' id='word_1_305' title='bbox 1119 3577 1265 3633; x_wconf 81' lang='lat' dir='ltr'><strong>naturam</strong></span> <span class='ocrx_word' id='word_1_306' title='bbox 1288 3575 1377 3631; x_wconf 80' lang='lat' dir='ltr'><strong>aetus</strong></span> <span class='ocrx_word' id='word_1_307' title='bbox 1395 3566 1488 3646; x_wconf 79' lang='lat' dir='ltr'><strong>aequi</strong></span> 
     </span>
     <span class='ocr_line' id='line_1_37' title="bbox 211 3653 1488 3738; baseline 0.001 -22"><span class='ocrx_word' id='word_1_308' title='bbox 211 3653 314 3730; x_wconf 87' lang='lat' dir='ltr'><strong>debet;</strong></span> <span class='ocrx_word' id='word_1_309' title='bbox 326 3657 539 3736; x_wconf 77' lang='lat' dir='ltr'><strong>Juramentum</strong></span> <span class='ocrx_word' id='word_1_310' title='bbox 553 3657 637 3720; x_wconf 91' lang='lat' dir='ltr'><strong>enim</strong></span> <span class='ocrx_word' id='word_1_311' title='bbox 653 3665 757 3723; x_wconf 88' lang='lat' dir='ltr'><strong>aetum</strong></span> <span class='ocrx_word' id='word_1_312' title='bbox 770 3661 805 3723; x_wconf 91' lang='lat' dir='ltr'><strong>de</strong></span> <span class='ocrx_word' id='word_1_313' title='bbox 819 3667 933 3723; x_wconf 86' lang='lat' dir='ltr'><strong>natura</strong></span> <span class='ocrx_word' id='word_1_314' title='bbox 946 3661 1069 3724; x_wconf 92' lang='lat' dir='ltr'><strong>nullum</strong></span> <span class='ocrx_word' id='word_1_315' title='bbox 1081 3660 1261 3723; x_wconf 83' lang='lat' dir='ltr'><strong>confirmare</strong></span> <span class='ocrx_word' id='word_1_316' title='bbox 1275 3656 1397 3738; x_wconf 83' lang='lat' dir='ltr'><strong>nequit.</strong></span> <span class='ocrx_word' id='word_1_317' title='bbox 1406 3660 1488 3719; x_wconf 59' lang='lat' dir='ltr'><strong>Pru</strong></span> 
     </span>
     <span class='ocr_line' id='line_1_38' title="bbox 210 3744 1485 3830; baseline 0.005 -26"><span class='ocrx_word' id='word_1_318' title='bbox 210 3745 291 3805; x_wconf 88' lang='lat' dir='ltr'><strong>terea</strong></span> <span class='ocrx_word' id='word_1_319' title='bbox 299 3744 513 3823; x_wconf 85' lang='lat' dir='ltr'><strong>juramentum</strong></span> <span class='ocrx_word' id='word_1_320' title='bbox 528 3753 605 3809; x_wconf 87' lang='lat' dir='ltr'><strong>esset</strong></span> <span class='ocrx_word' id='word_1_321' title='bbox 620 3752 705 3812; x_wconf 90' lang='lat' dir='ltr'><strong>aetus</strong></span> <span class='ocrx_word' id='word_1_322' title='bbox 718 3767 842 3830; x_wconf 87' lang='lat' dir='ltr'><strong>prorsus</strong></span> <span class='ocrx_word' id='word_1_323' title='bbox 856 3748 994 3824; x_wconf 85' lang='lat' dir='ltr'><strong>inutilis,</strong></span> <span class='ocrx_word' id='word_1_324' title='bbox 1008 3748 1072 3812; x_wconf 90' lang='lat' dir='ltr'><strong>imo</strong></span> <span class='ocrx_word' id='word_1_325' title='bbox 1089 3747 1248 3811; x_wconf 84' lang='lat' dir='ltr'><strong>ridiculus.</strong></span> <span class='ocrx_word' id='word_1_326' title='bbox 1265 3751 1362 3820; x_wconf 85' lang='lat' dir='ltr'><strong>Nam,</strong></span> <span class='ocrx_word' id='word_1_327' title='bbox 1377 3765 1408 3807; x_wconf 84' lang='lat' dir='ltr'><strong>r.</strong></span> <span class='ocrx_word' id='word_1_328' title='bbox 1424 3763 1485 3824; x_wconf 81' lang='lat' dir='ltr'><strong>gr..</strong></span> 
     </span>
     <span class='ocr_line' id='line_1_39' title="bbox 209 3831 1488 3919; baseline 0.002 -25"><span class='ocrx_word' id='word_1_329' title='bbox 209 3837 278 3912; x_wconf 88' lang='lat' dir='ltr'><strong>post</strong></span> <span class='ocrx_word' id='word_1_330' title='bbox 287 3831 423 3912; x_wconf 75' lang='lat' dir='ltr'><strong>pecunie</strong></span> <span class='ocrx_word' id='word_1_331' title='bbox 437 3833 633 3898; x_wconf 85' lang='lat' dir='ltr'><strong>traditionem</strong></span> <span class='ocrx_word' id='word_1_332' title='bbox 646 3856 664 3899; x_wconf 91' lang='lat' dir='ltr'><strong>a</strong></span> <span class='ocrx_word' id='word_1_333' title='bbox 678 3844 708 3900; x_wconf 90' lang='lat' dir='ltr'><strong>te</strong></span> <span class='ocrx_word' id='word_1_334' title='bbox 726 3838 759 3900; x_wconf 86' lang='lat' dir='ltr'><strong>vi</strong></span> <span class='ocrx_word' id='word_1_335' title='bbox 767 3837 938 3919; x_wconf 85' lang='lat' dir='ltr'><strong>juramenti</strong></span> <span class='ocrx_word' id='word_1_336' title='bbox 959 3837 1069 3900; x_wconf 82' lang='lat' dir='ltr'><strong>saetam</strong></span> <span class='ocrx_word' id='word_1_337' title='bbox 1088 3837 1214 3912; x_wconf 82' lang='lat' dir='ltr'><strong>latroni,</strong></span> <span class='ocrx_word' id='word_1_338' title='bbox 1235 3836 1379 3898; x_wconf 89' lang='lat' dir='ltr'><strong>eamdem</strong></span> <span class='ocrx_word' id='word_1_339' title='bbox 1396 3851 1488 3915; x_wconf 87' lang='lat' dir='ltr'><strong>pecu-</strong></span> 
     </span>
     <span class='ocr_line' id='line_1_40' title="bbox 209 3920 1487 4008; baseline 0.001 -26"><span class='ocrx_word' id='word_1_340' title='bbox 209 3920 296 3982; x_wconf 87' lang='lat' dir='ltr'><strong>niam</strong></span> <span class='ocrx_word' id='word_1_341' title='bbox 309 3920 414 3984; x_wconf 84' lang='lat' dir='ltr'><strong>statim</strong></span> <span class='ocrx_word' id='word_1_342' title='bbox 428 3939 446 3982; x_wconf 88' lang='lat' dir='ltr'><strong>a</strong></span> <span class='ocrx_word' id='word_1_343' title='bbox 460 3921 589 4000; x_wconf 83' lang='lat' dir='ltr'><strong>latrone,</strong></span> <span class='ocrx_word' id='word_1_344' title='bbox 603 3925 698 3988; x_wconf 87' lang='lat' dir='ltr'><strong>etiam</strong></span> <span class='ocrx_word' id='word_1_345' title='bbox 712 3925 745 3990; x_wconf 79' lang='lat' dir='ltr'><strong>ri</strong></span> <span class='ocrx_word' id='word_1_346' title='bbox 762 3925 916 4003; x_wconf 83' lang='lat' dir='ltr'><strong>adhibita,</strong></span> <span class='ocrx_word' id='word_1_347' title='bbox 930 3943 1108 4007; x_wconf 77' lang='lat' dir='ltr'><strong>recuperare</strong></span> <span class='ocrx_word' id='word_1_348' title='bbox 1124 3943 1241 4008; x_wconf 88' lang='lat' dir='ltr'><strong>posses;</strong></span> <span class='ocrx_word' id='word_1_349' title='bbox 1258 3924 1342 4005; x_wconf 89' lang='lat' dir='ltr'><strong>quod</strong></span> <span class='ocrx_word' id='word_1_350' title='bbox 1361 3941 1487 4005; x_wconf 69' lang='lat' dir='ltr'><strong>prorsus</strong></span> 
     </span>
     <span class='ocr_line' id='line_1_41' title="bbox 208 4005 1069 4093; baseline 0.01 -24"><span class='ocrx_word' id='word_1_351' title='bbox 208 4005 382 4072; x_wconf 83' lang='lat' dir='ltr'><strong>illusorium</strong></span> <span class='ocrx_word' id='word_1_352' title='bbox 393 4009 480 4075; x_wconf 83' lang='lat' dir='ltr'><strong>foret.</strong></span> <span class='ocrx_word' id='word_1_353' title='bbox 495 4011 578 4077; x_wconf 92' lang='lat' dir='ltr'><strong>—S.</strong></span> <span class='ocrx_word' id='word_1_354' title='bbox 596 4014 778 4078; x_wconf 77' lang='lat' dir='ltr'><strong>Antoninus.</strong></span> <span class='ocrx_word' id='word_1_355' title='bbox 794 4050 834 4061; x_wconf 87' lang='lat'><em>-</em></span> <span class='ocrx_word' id='word_1_356' title='bbox 847 4013 999 4093; x_wconf 79' lang='lat' dir='ltr'><strong>Saaetez,</strong></span> <span class='ocrx_word' id='word_1_357' title='bbox 1012 4019 1069 4079; x_wconf 84' lang='lat' dir='ltr'><strong>ete.</strong></span> 
     </span>
    </p>
   </div>
   <div class='ocr_carea' id='block_1_5' title="bbox 713 4177 977 4242">
    <p class='ocr_par' dir='ltr' id='par_1_13' title="bbox 713 4177 977 4242">
     <span class='ocr_line' id='line_1_42' title="bbox 713 4177 977 4242; baseline -0.008 0"><span class='ocrx_word' id='word_1_358' title='bbox 713 4177 929 4242; x_wconf 77' lang='lat' dir='ltr'><strong>aurluuaus</strong></span> <span class='ocrx_word' id='word_1_359' title='bbox 949 4179 977 4240; x_wconf 86' lang='grc' dir='ltr'><strong>Π</strong></span> 
     </span>
    </p>
   </div>
   <div class='ocr_carea' id='block_1_6' title="bbox 569 4333 1117 4381">
    <p class='ocr_par' dir='ltr' id='par_1_14' title="bbox 569 4333 1117 4381">
     <span class='ocr_line' id='line_1_43' title="bbox 569 4333 1117 4381; baseline 0.004 -3"><span class='ocrx_word' id='word_1_360' title='bbox 569 4333 606 4378; x_wconf 80' lang='grc' dir='ltr'><strong>ΒΕ</strong></span> <span class='ocrx_word' id='word_1_361' title='bbox 625 4333 718 4381; x_wconf 73' lang='lat' dir='ltr'><strong>rioms</strong></span> <span class='ocrx_word' id='word_1_362' title='bbox 738 4333 922 4380; x_wconf 69' lang='lat' dir='ltr'>GONTRACTUI</span> <span class='ocrx_word' id='word_1_363' title='bbox 942 4333 1117 4380; x_wconf 70' lang='lat' dir='ltr'><strong>nummulus</strong></span> 
     </span>
    </p>
   </div>
   <div class='ocr_carea' id='block_1_7' title="bbox 209 4449 1491 4624">
    <p class='ocr_par' dir='ltr' id='par_1_15' title="bbox 209 4449 1491 4624">
     <span class='ocr_line' id='line_1_44' title="bbox 249 4449 1491 4538; baseline 0.005 -28"><span class='ocrx_word' id='word_1_364' title='bbox 249 4449 319 4512; x_wconf 81' lang='lat' dir='ltr'><strong>ret.</strong></span> <span class='ocrx_word' id='word_1_365' title='bbox 341 4485 381 4500; x_wconf 87' lang='lat'>-</span> <span class='ocrx_word' id='word_1_366' title='bbox 394 4453 501 4516; x_wconf 78' lang='lat' dir='ltr'><strong>Modus</strong></span> <span class='ocrx_word' id='word_1_367' title='bbox 519 4461 566 4518; x_wconf 82' lang='lat' dir='ltr'><strong>eet</strong></span> <span class='ocrx_word' id='word_1_368' title='bbox 584 4454 716 4538; x_wconf 78' lang='lat' dir='ltr'><strong>qualitas</strong></span> <span class='ocrx_word' id='word_1_369' title='bbox 731 4455 859 4538; x_wconf 72' lang='lat' dir='ltr'><strong>adjuta,</strong></span> <span class='ocrx_word' id='word_1_370' title='bbox 877 4454 1059 4538; x_wconf 83' lang='lat' dir='ltr'><strong>plerumque</strong></span> <span class='ocrx_word' id='word_1_371' title='bbox 1076 4471 1140 4518; x_wconf 90' lang='lat' dir='ltr'><strong>non</strong></span> <span class='ocrx_word' id='word_1_372' title='bbox 1156 4454 1348 4534; x_wconf 74' lang='lat' dir='ltr'><strong>suspendens</strong></span> <span class='ocrx_word' id='word_1_373' title='bbox 1368 4458 1491 4517; x_wconf 71' lang='lat' dir='ltr'><strong>eom·</strong></span> 
     </span>
     <span class='ocr_line' id='line_1_45' title="bbox 209 4537 1366 4624; baseline 0.008 -27"><span class='ocrx_word' id='word_1_374' title='bbox 209 4537 310 4611; x_wconf 88' lang='lat' dir='ltr'><strong>otum,</strong></span> <span class='ocrx_word' id='word_1_375' title='bbox 327 4541 378 4602; x_wconf 79' lang='lat' dir='ltr'><strong>red</strong></span> <span class='ocrx_word' id='word_1_376' title='bbox 391 4541 506 4606; x_wconf 75' lang='lat' dir='ltr'><strong>audens</strong></span> <span class='ocrx_word' id='word_1_377' title='bbox 520 4541 637 4624; x_wconf 79' lang='lat' dir='ltr'><strong>aliquid</strong></span> <span class='ocrx_word' id='word_1_378' title='bbox 649 4541 685 4606; x_wconf 93' lang='lat' dir='ltr'><strong>in</strong></span> <span class='ocrx_word' id='word_1_379' title='bbox 696 4561 775 4608; x_wconf 86' lang='lat' dir='ltr'><strong>onus</strong></span> <span class='ocrx_word' id='word_1_380' title='bbox 788 4551 844 4608; x_wconf 85' lang='lat' dir='ltr'><strong>aut</strong></span> <span class='ocrx_word' id='word_1_381' title='bbox 857 4543 992 4609; x_wconf 80' lang='lat' dir='ltr'><strong>favorem</strong></span> <span class='ocrx_word' id='word_1_382' title='bbox 1004 4543 1099 4610; x_wconf 75' lang='lat' dir='ltr'><strong>unius</strong></span> <span class='ocrx_word' id='word_1_383' title='bbox 1108 4541 1366 4609; x_wconf 66' lang='lat' dir='ltr'><strong>aeromantiam.</strong></span> 
     </span>
    </p>
   </div>
   <div class='ocr_carea' id='block_1_8' title="bbox 0 0 1576 5028">
    <p class='ocr_par' dir='ltr' id='par_1_16' title="bbox 0 0 1576 5028">
     <span class='ocr_line' id='line_1_46' title="bbox 0 0 1576 5028; baseline 0 0"><span class='ocrx_word' id='word_1_384' title='bbox 0 0 1576 5028; x_wconf 95' lang='lat' dir='ltr'><strong> </strong></span> 
     </span>
    </p>
   </div>
  </div>
 </body>
</html>
