3156 5026
249 402 443 482 Quaesitae.

164 547 406 628 tes.·-Quns.
423 557 1083 657 irremotumteneanraueerepnett.v
1123 654 1130 665 Ἴ,
1224 573 1254 602 ”²
1339 573 1395 659 ⁴..

123 639 265 702 missione
278 643 489 706 matrimonii?

162 723 274 809 Hesp:
289 727 323 792 1⁰
336 729 496 796 Sententia
514 737 664 819 affimant.
689 743 778 807 Ratio
800 753 861 823 est,
887 753 960 832 quia
983 765 1156 828 contractus
1179 767 1394 846 innominatus

121 813 186 890 Do,
202 823 238 877 nt
255 815 319 892 eles,
337 817 406 896 etc,
422 825 496 886 tuno
510 825 674 906 perficitur,
695 834 817 910 quando
831 836 866 898 iit
883 839 927 903 rei
941 841 1066 912 traditio
1081 869 1135 916 seu
1149 857 1247 937 operis
1267 878 1394 945 pinsin-

118 901 178 980 iio,
194 909 225 967 et
239 905 312 969 ωηο
323 911 419 971 cessat
431 911 510 975 ratio
527 915 557 975 et
570 915 617 977 vis
632 916 734 997 legum
749 939 816 1002 qum
830 933 917 1006 panta
931 933 1035 1014 turpia
1048 935 1186 1022 inimum
1198 966 1296 1032 neque
1308 959 1391 1029 enim

118 989 277 1072 obligatio,
299 1010 367 1076 qua
388 1001 463 1061 ωηο
486 1004 677 1068 contrahitur
695 1007 734 1070 ab
755 1011 850 1076 altera
869 1023 970 1096 parte,
992 1026 1092 1106 turpis
1114 1039 1175 1110 est,
1196 1045 1251 1102 ant
1269 1045 1308 1106 ad
1326 1065 1391 1112 rem

115 1077 241 1161 trupem
259 1081 367 1164 adigit.
380 1115 421 1134 ι-
433 1085 468 1149 S.
485 1087 567 1173 Lip„
586 1111 617 1154 n.
634 1097 708 1174 dii,
726 1107 756 1160 et
769 1099 829 1161 otii
843 1110 1089 1179 commentitiae.

155 1169 208 1232 11⁰
226 1171 403 1255 Sententia,
419 1193 488 1257 qua
501 1197 669 1260 pancorum
683 1190 743 1262 est,
758 1201 849 1271 negot
861 1212 899 1256 ex
912 1201 1045 1276 generali
1058 1207 1207 1293 principio
1221 1218 1257 1281 de
1272 1233 1391 1290 contra-

115 1255 219 1320 ctibus
236 1261 275 1322 ob
294 1263 500 1329 conditionem
517 1275 640 1351 turpem
662 1273 822 1354 invalidis,
844 1282 881 1344 de
900 1286 1013 1365 quihus
1031 1293 1112 1360 infra
1130 1300 1258 1384 dicetur,
1279 1313 1333 1377 ubi
1353 1319 1389 1381 de

115 1348 323 1413 contractibus
337 1351 371 1414 in
386 1371 493 1432 genere
506 1356 678 1439 loquemur.

154 1435 261 1500 Prima
270 1441 422 1504 sententia
436 1449 609 1511 cummunis
621 1456 669 1512 est
680 1457 711 1514 et
724 1457 851 1522 omnino
865 1465 1011 1543 tenenda;
1023 1470 1124 1550 piures
1136 1481 1239 1546 nmen
1248 1490 1389 1559 admittit

113 1523 320 1605 exceptiones,
337 1530 373 1592 de
390 1531 504 1612 quibus
518 1535 642 1600 disserit
655 1539 692 1602 S.
708 1541 793 1625 Liq„
807 1565 838 1606 n.
855 1553 914 1614 613
929 1563 958 1615 et
973 1575 1034 1640 seq.
1050 1563 1153 1628 —Sic
1167 1570 1261 1636 eximi
1276 1579 1388 1646 dicitur

112 1611 246 1678 molatur
264 1616 302 1679 ab
319 1617 503 1700 obligatione
520 1626 653 1705 puellam
671 1631 820 1710 ducendi,
841 1637 867 1700 si
886 1643 1039 1722 pessimus
1057 1667 1095 1713 ex
1116 1656 1170 1718 tali
1190 1665 1387 1735 matrimonio

109 1698 259 1765 timeatur
272 1705 388 1783 exitus,
402 1711 457 1770 aut
469 1725 619 1794 magnum
633 1715 762 1784 dedecus
773 1723 980 1794 obventurum
997 1735 1038 1798 sit
1051 1735 1175 1808 familia
1189 1747 1249 1813 viri
1265 1767 1387 1840 propter

110 1787 267 1873 disparem
282 1795 503 1876 conditionem,
520 1807 576 1865 etc.
594 1805 651 1868 Sed
666 1813 740 1872 tunc
753 1810 819 1894 ipse
838 1815 991 1898 obligatur
1008 1826 1046 1888 ad
1062 1828 1225 1900 dotandum
1239 1846 1383 1921 puellam,

151 1879 254 1954 Qatnu.
270 1883 303 1944 it>
314 1883 364 1944 An
378 1886 508 1950 violator
521 1890 564 1952 ad
574 1891 694 1976 aliquid
707 1905 844 1962 teneatur
858 1923 932 1988 erqo
948 1925 1090 1992 ponentes
1104 1923 1231 2005 originis
1245 1933 1382 2018 violatae,

106 1968 136 2026 si
153 1967 221 2048 ipso
235 1967 326 2033 litere
340 1975 374 2033 in
386 1986 541 2056 peecatum
554 1989 759 2050 consenserit?

150 2055 242 2138 Resp.
257 2055 335 2141 Nep.
348 2063 539 2142 probabilius
543 2093 556 2140 ,·
571 2070 644 2150 quia
659 2075 782 2139 nullum
796 2093 903 2146 eorum
915 2087 969 2166 jus
983 2091 1123 2161 strictum
1140 2098 1290 2172 violatum
1306 2112 1381 2192 fuit;

106 2160 166 2206 neo
177 2144 326 2226 impedire
337 2160 467 2231 possunt
478 2155 574 2220 filiam
584 2205 591 2235 ,
603 2163 769 2240 quominus
780 2169 816 2230 de
823 2172 894 2249 jure
906 2193 962 2238 suo
973 2185 1074 2260 moad
1083 2190 1261 2272 temporalia
1271 2199 1383 2267 damna

106 2233 213 2296 cedere
226 2233 330 2314 possit.
347 2274 388 2286 —-
403 2239 439 2302 S.
454 2244 526 2325 Liq.
542 2266 572 2307 n.
588 2251 658 2312 etr.
670 2287 711 2298 -
721 2249 870 2320 Bittuort.
883 2297 924 2308 —-
938 2265 1036 2350 Lago.

148 2325 220 2385 730.
237 2359 277 2370 -
291 2327 391 2401 Quian.
408 2335 441 2394 3⁰
454 2332 507 2394 Aa
519 2335 593 2416 quid
609 2347 745 2403 tenentur
759 2345 893 2411 violator
912 2373 985 2436 erqo
993 2361 1111 2439 protem
1124 2374 1284 2449 spaniam?

146 2405 242 2492 Resp.
261 2418 293 2476 1ο
308 2434 315 2476 :
333 2415 364 2478 Si
382 2424 514 2484 matrem
533 2422 565 2486 vi
587 2431 781 2506 oppresserit,
803 2435 841 2496 ad
860 2453 966 2505 omnes
987 2463 1131 2529 expensas
1152 2461 1334 2531 nutritionis
1353 2479 1383 2534 et

103 2495 298 2563 educationis
317 2509 447 2570 tenetur.
468 2509 556 2574 Ratio
573 2521 658 2594 putet
676 2533 713 2580 ex
731 2517 832 2585 dictis.
849 2527 994 2596 Attamen
1013 2535 1046 2601 in
1065 2543 1130 2620 eJus
1147 2545 1264 2616 deiectu
1284 2565 1383 2623 mater

103 2602 214 2648 euram
229 2588 285 2650 tilii
299 2593 451 2675 suscipere
465 2599 570 2678 debet,
586 2602 655 2666 licet
667 2607 786 2672 nullam
801 2614 922 2695 culpam
937 2622 1112 2708 admiserit,
1129 2641 1202 2716 qnia
1216 2653 1311 2706 mater
1325 2658 1379 2710 est.

101 2673 162 2736 Sed
177 2680 254 2739 tunc
268 2697 427 2745 recursum
442 2694 542 2755 servat
556 2689 590 2752 iu
605 2703 827 2776 corruptorem,
844 2706 899 2784 qui
913 2725 1019 2776 ornnes
1030 2734 1192 2802 expensas,
1209 2748 1286 2812 quas
1300 2753 1381 2799 oeca-

101 2761 190 2826 sione
205 2765 297 2844 prolis
311 2768 365 2832 illa
378 2769 465 2850 iecit,
479 2773 540 2856 ipsi
554 2795 747 2862 compensare
761 2789 892 2856 tenetur.

141 2851 237 2934 Resp.
252 2857 303 2920 ωε
321 2858 353 2920 Si
364 2877 435 2923 vero
448 2863 561 2928 mulier
572 2865 606 2930 in
620 2879 777 2950 peccatum
790 2885 998 2951 consenserit:

141 2945 174 3004 1⁰
196 2941 344 3008 Extare
362 2946 517 3030 Romano,
540 2961 639 3019 mater
656 2961 778 3024 tenetur
795 2966 874 3030 alere
892 2969 1043 3040 ἰηωηωη]
1064 2999 1118 3064 per
1138 2993 1200 3056 tres
1218 3015 1331 3082 annos,
1350 3013 1380 3070 et

96 3037 209 3110 postca
223 3032 250 3096 ei
263 3039 351 3115 pater
366 3037 524 3118 providere
538 3042 636 3107 debet.

138 3123 173 3182 2⁰
195 3119 253 3183 Ee
265 3123 341 3185 lare
354 3119 470 3188 Gallico
480 3125 560 3192 nibil
570 3150 708 3213 expresse
723 3137 880 3207 statuitur.
894 3145 1071 3234 iurisperiti
1082 3164 1184 3230 tamen
1196 3187 1365 3254 agnoscunt

94 3209 243 3292 parentes
257 3229 342 3292 aeque
358 3219 389 3276 et
406 3213 586 3282 insolidum
600 3222 728 3306 obligari
743 3229 853 3295 saltem
870 3237 910 3299 ad
927 3239 1050 3308 alendos
1065 3256 1096 3312 et
1113 3252 1284 3330 educandos
1299 3270 1360 3334 titio

96 3295 246 3380 legaliter
263 3299 442 3381 recognitos.
461 3307 522 3369 Hoc
542 3326 580 3372 ex
598 3321 659 3374 art.
675 3315 734 3379 203
753 3327 878 3385 eruunt.
897 3327 964 3390 Etsi
982 3339 1086 3399 autem
1103 3339 1158 3406 filii
1180 3366 1243 3413 non
1261 3353 1376 3424 inerint

94 3385 264 3468 recogniti,
283 3393 419 3456 attamen
437 3395 506 3475 jure
524 3401 658 3463 naturali
677 3405 783 3469 eadem
803 3409 947 3494 obligatio
967 3419 1043 3502 ipsis
1061 3427 1226 3500 incumbit.

93 3475 192 3552 mire,
212 3497 244 3536 n.
257 3481 345 3542 1371.
360 3516 401 3527 -
414 3481 550 3558 Gousset,
568 3507 599 3550 n.
614 3493 704 3554 1016.
721 3529 762 3542 -
782 3495 814 3560 V.
833 3497 944 3586 casas,
961 3529 992 3571 n.
1007 3516 1066 3578 737
1079 3528 1181 3606 etseq.

1368 3233 1374 3260 i

1362 3293 1376 3335 S

1242 3477 1283 3488 —
1299 3445 1374 3510 Cor-

598 3701 812 3772 ARTIGULUS
831 3712 872 3774 III

417 3837 455 3886 ns
475 3841 691 3894 nesrmumonn
711 3851 842 3901 rnorrsn
861 3859 1054 3917 murmanus

133 3979 342 4059 obligationes
356 3984 518 4068 utriusque
533 3989 664 4054 adulteri
681 4001 850 4076 spectanda
865 4014 939 4070 sunt
949 4013 1041 4091 juxta
1054 4020 1154 4085 varias
1168 4024 1368 4101 circumstan-

90 4066 170 4143 tias,
186 4076 280 4149 prout
290 4071 402 4135 scilicet
415 4075 601 4140 adulterium
612 4077 721 4160 tuerit,
734 4103 788 4150 nee
801 4105 841 4153 ne
851 4141 858 4169 ,
869 4095 956 4174 plene
970 4119 1007 4165 ex
1022 4107 1150 4189 utraque
1162 4121 1248 4194 parte
1261 4123 1367 4189 volun-

91 4155 231 4232 tarium,
246 4177 325 4222 num
338 4160 462 4226 familie
475 4165 675 4245 damnosum,
691 4174 739 4235 vel
752 4194 826 4240 non.

218 4305 441 4390 Principia.

129 4432 205 4496 731.
221 4465 260 4479 -
276 4435 299 4496 l.
316 4437 449 4519 Uterque
467 4439 587 4505 adulter
604 4448 728 4511 tenetur
740 4449 775 4514 in
789 4451 921 4521 solidum
939 4461 978 4526 ad
993 4469 1097 4534 omnia
1112 4475 1226 4544 damna
1238 4479 1363 4554 inmitia

86 4524 276 4602 reparanda,
290 4524 316 4587 si
326 4539 364 4588 ex
377 4531 508 4610 utraque
522 4538 606 4611 parte
619 4535 735 4601 odmen
746 4541 955 4613 voluntarium
967 4552 1074 4635 fuerit,
1086 4564 1159 4645 quia
1172 4575 1272 4636 totum
1285 4578 1362 4640 utri·
