3216 5020
215 221 282 282 l88
748 233 954 280 runcandus

214 345 400 420 virtutibnS,
416 347 578 426 repetenda
592 346 647 420 sit,
665 352 810 409 statuunt
823 346 1027 408 communiter
1043 346 1173 426 theologi
1185 349 1260 409 duas
1275 349 1347 410 alias
1360 351 1469 428 regulas

215 434 377 508 faciliores,
395 442 425 496 et
439 435 477 496 ad
491 435 612 514 praxim
626 435 724 515 magis
738 435 988 498 accommodatas.

334 579 517 661 Requlae.

255 713 324 772 157.
339 745 378 754 -
392 707 424 768 1⁰
440 707 567 790 Reputo.
586 707 765 770 Desumitur
782 707 938 770 distinctio
956 707 1091 788 specifica
1109 716 1299 788 peccatorem]
1314 729 1350 772 ex
1363 711 1470 791 opposi-

214 797 297 860 tione
310 797 348 859 ad
363 797 498 860 diversas
512 795 659 872 virtutes,
676 815 794 859 necnon
811 815 849 859 ex
867 796 1059 859 deformitate
1075 797 1231 861 moraliter
1244 798 1363 861 diversa
1376 806 1471 861 contra

214 886 353 948 eamdem
367 885 527 948 virtutem.

254 975 342 1039 Ratio
357 979 384 1036 l¹
398 981 497 1055 patet,
515 975 589 1056 quia
601 973 729 1054 singule
744 975 875 1038 rirtutes
890 974 1005 1037 habent
1019 993 1107 1037 suam
1120 975 1291 1038 bonitatem
1305 975 1469 1057 specialem,

213 1063 383 1126 etcmnino
400 1063 600 1126 distinctam:
615 1082 684 1142 ergo
703 1063 797 1126 etiam
815 1070 935 1144 peccota
954 1064 1028 1143 ipsis
1048 1064 1184 1145 opposita
1202 1065 1359 1145 specialem
1381 1065 1471 1144 turpi-

213 1152 354 1215 tudinem
368 1153 536 1215 necessario
551 1151 748 1216 contrahunt.
765 1151 813 1214 Sic
828 1151 949 1232 negatio
967 1153 1107 1215 veritatis
1126 1154 1280 1228 revelatae,
1298 1152 1469 1234 desperatio,

213 1241 319 1303 odium
335 1239 401 1317 Dei,
417 1241 499 1303 inter
518 1259 548 1304 se
566 1241 662 1322 specie
681 1240 838 1303 differunt.
857 1243 976 1316 Quare?
995 1240 1068 1321 qiua
1086 1241 1187 1304 tribus
1201 1242 1371 1305 virtutibus
1385 1239 1472 1321 specie

213 1329 342 1392 diversis
356 1336 563 1412 opponuntur,
581 1329 694 1390 scilicet
708 1329 808 1402 Fidei,
825 1329 908 1410 Spei,
928 1337 959 1391 et
977 1329 1115 1392 caritati.

253 1419 341 1482 Ratio
365 1423 392 1480 2¹
416 1426 478 1492 est,
504 1418 593 1499 qiua,
616 1417 671 1480 arbi
694 1417 814 1480 malitia
836 1425 883 1480 est
902 1418 1059 1480 moraliter
1080 1418 1200 1481 diversa
1220 1425 1325 1481 contra
1347 1419 1472 1499 aliquam

213 1507 377 1582 virtutem,
399 1507 498 1570 eidem
517 1506 638 1587 speciali
657 1507 746 1569 modo
767 1514 933 1586 repugnat,
954 1514 986 1569 et
1004 1525 1116 1570 novam
1134 1507 1262 1569 classem
1280 1505 1471 1570 deformitatis

213 1595 385 1658 constituit.
409 1599 464 1658 Est
484 1602 589 1658 autem
612 1595 768 1658 moraliter
791 1595 912 1658 diversa
932 1595 996 1658 baec
1015 1593 1151 1670 malitia,
1177 1597 1301 1675 quaudo
1320 1595 1473 1676 opponitur

213 1683 307 1746 variis
319 1683 423 1746 officiis
438 1685 573 1766 ejusdem
586 1684 727 1758 virtutis,
741 1685 789 1746 rel
803 1683 892 1746 modo
904 1684 1030 1746 omnino
1044 1683 1198 1764 disparato
1212 1691 1244 1746 et
1259 1684 1392 1765 opposito
1402 1683 1473 1744 lianc

213 1771 362 1834 m‘rtutem
372 1773 465 1835 laedit.
478 1773 527 1835 Sic
536 1772 748 1844 homicidium,
763 1770 893 1846 furtum,
908 1772 1065 1848 detractio,
1081 1772 1177 1852 specie
1189 1771 1272 1835 inter
1283 1793 1314 1836 se
1324 1772 1471 1843 differunt,

213 1860 283 1924 licet
298 1861 397 1924 eidem
408 1862 534 1937 virtuti,
547 1861 678 1943 justitiae
692 1860 820 1936 scilicet,
837 1862 1048 1935 adversentur,
1064 1861 1138 1942 quia
1147 1868 1345 1941 opponuntur
1355 1857 1473 1924 dirersis

214 1949 319 2012 officiis
334 1953 399 2030 ejus
418 1951 560 2025 virtutis,
581 1969 650 2032 quoe
659 1951 748 2030 jubet
764 1956 801 2013 ut
817 1967 906 2013 nemo
925 1951 1054 2012 laedatur
1072 1949 1136 2012 sive
1154 1949 1188 2011 in
1203 1951 1295 2013 bonis
1311 1950 1395 2022 vitre,
1415 1947 1472 2008 sire

212 2038 247 2100 in
265 2039 355 2102 bonis
374 2040 518 2112 fortunae,
540 2039 660 2102 sivein
681 2039 769 2100 bonis
790 2037 893 2114 leme;
914 2038 1111 2118 praesumptio
1132 2045 1163 2100 et
1184 2039 1353 2120 desperatio
1370 2035 1474 2118 pariter

212 2126 295 2189 inter
305 2148 336 2190 se
351 2128 447 2209 specie
458 2129 620 2202 differunt,
637 2127 710 2208 quia
724 2147 787 2190 una
799 2145 852 2207 per
867 2145 1039 2202 excessum,
1052 2128 1147 2190 altera
1155 2145 1209 2207 per
1221 2127 1374 2192 defectum
1385 2125 1473 2188 eidem

215 2215 327 2279 virtuti
340 2216 408 2297 Spei
421 2218 634 2280 adversantur.
648 2253 688 2261 —
705 2217 741 2278 S.
755 2217 827 2298 Lr'p.
843 2237 873 2278 n.
892 2221 941 2279 31.

255 2310 322 2368 l58.
340 2341 379 2350 -
396 2305 443 2367 Ila
457 2306 586 2387 Reputo.
608 2305 750 2386 specifica
763 2312 954 2384 peccatorruu
972 2303 1129 2368 distinctio
1149 2305 1325 2369 desumitur
1338 2305 1473 2378 etimnex

213 2392 376 2456 dolatione
392 2402 610 2475 praeceptcrrmi
631 2394 789 2455 rnoroliter
805 2393 1008 2456 diuersorum.

253 2486 411 2544 Peccatum
430 2484 514 2546 enim
534 2490 581 2546 est
600 2483 675 2562 legis
698 2501 751 2544 seu
773 2481 914 2562 precepti
937 2481 1150 2561 transgressio;
1173 2501 1243 2562 ergo
1264 2483 1319 2546 ubi
1338 2484 1474 2562 praecepta

213 2571 309 2650 specie
323 2571 431 2634 morali
445 2572 526 2635 inter
541 2591 572 2636 se
586 2571 749 2646 differmrt,
765 2571 860 2633 etiam
876 2579 996 2650 peccata
1014 2571 1088 2650 ipsis
1102 2571 1240 2651 opposita
1256 2572 1352 2653 specie
1363 2567 1473 2632 differre

213 2659 334 2722 debent.
362 2661 410 2722 Sic
434 2661 558 2726 omisn'o
581 2661 679 2726 uisse
703 2660 751 2724 die
774 2659 864 2733 leste,
893 2660 1017 2722 omissio
1039 2658 1151 2741 jeJunii
1173 2660 1332 2742 precepti,
1358 2654 1472 2719 omissio

213 2748 409 2810 confessionis
423 2769 534 2814 annuae
553 2751 601 2812 vel
619 2748 851 2813 communionis
868 2747 1036 2824 PaschaliS,
1058 2747 1156 2829 specie
1173 2749 1256 2812 inter
1276 2747 1473 2813 sedifferunt.

211 2836 363 2898 [licuntur
387 2845 492 2900 entem
519 2845 667 2919 praecepta
694 2838 851 2900 moraliter
873 2837 1009 2913 diversa,
1039 2837 1157 2918 quoties
1185 2837 1345 2901 diversum
1368 2835 1474 2898 bahent

212 2924 378 3006 objectum,
396 2933 432 2989 ut
442 2927 613 3008 jejunium,
630 2925 748 2988 auditio
762 2926 876 3000 Missa,
894 2925 1081 2988 abstinentia
1095 2945 1113 2987 a
1127 2925 1288 3002 carnibus;
1306 2927 1352 2989 rel
1363 2921 1473 3005 quoties

211 3013 365 3076 motivum
380 3013 582 3077 intrinsecum
601 3013 741 3096 precepti
755 3021 802 3076 est
821 3013 993 3086 diversum,
1010 3014 1080 3076 lieet
1098 3015 1251 3095 objectum
1266 3016 1350 3078 idem
1364 3014 1412 3075 sit.
1430 3009 1473 3070 Sic

211 3103 322 3182 duplex
346 3109 504 3183 peccatum
529 3103 626 3184 specie
650 3102 808 3166 diversum
827 3109 944 3183 patrat,
970 3102 1080 3184 quiin
1102 3103 1341 3182 Quadragesima
1363 3097 1473 3164 omittit

207 3191 382 3271 jejunium,
410 3192 449 3253 ad
473 3193 555 3272 quod
582 3191 706 3255 aliunde
729 3192 847 3254 ratione
871 3191 1061 3271 poenitentia
1089 3192 1318 3256 sacramentalis
1347 3196 1471 3253 tenetur.

210 3283 321 3342 Contra
341 3299 412 3343 vero
432 3279 550 3342 hirtum
574 3287 620 3343 est
643 3279 771 3342 unicum
796 3285 970 3360 peccatum,
994 3279 1064 3342 licet
1083 3279 1189 3342 divina
1208 3285 1237 3342 et
1259 3281 1396 3343 bumana
1416 3277 1473 3354 lege

210 3369 417 3449 prohibeatur,
442 3369 515 3448 quia
536 3369 641 3431 eadem
658 3376 704 3432 est
724 3368 803 3430 ratio
822 3368 1049 3449 prohibitionis.
1069 3404 1108 3413 -
1128 3369 1163 3432 S.
1184 3370 1257 3450 Lip.
1274 3392 1307 3432 o.
1328 3375 1376 3434 33.
1395 3402 1431 3411 -
1444 3363 1473 3425 Si

210 3457 280 3536 quis
291 3464 396 3520 autem
406 3464 485 3518 recte
495 3459 648 3526 attendat,
660 3457 820 3538 perspiciet
832 3457 910 3519 hanc
919 3458 1083 3520 secundam
1092 3458 1228 3536 regulam
1239 3460 1287 3521 vel
1297 3460 1335 3521 ad
1348 3456 1473 3537 primam

209 3546 359 3620 revocari,
382 3545 430 3608 vel
454 3545 562 3608 saltem
586 3565 648 3608 non
669 3564 755 3626 posse
779 3547 840 3608 ullo
863 3545 953 3607 modo
975 3546 1040 3608 sine
1064 3544 1165 3626 prima
1187 3546 1221 3608 in
1242 3566 1338 3610 usum
1360 3541 1470 3608 deduci.

209 3634 331 3716 Objecta
342 3635 426 3696 euim
442 3633 599 3697 rariorum
613 3643 833 3716 preceptorum
850 3635 916 3698 ideo
931 3640 1056 3697 tentum
1069 3634 1105 3695 in
1120 3653 1228 3714 genere
1247 3636 1343 3698 moris
1361 3634 1473 3696 diversa

210 3729 299 3797 sunt,
318 3723 392 3804 quia
405 3722 562 3802 pertinent
576 3724 614 3784 ad
629 3724 763 3785 diversas
778 3723 924 3797 virtutes,
945 3729 1001 3786 aut
1016 3723 1054 3784 ad
1068 3723 1188 3785 diversa
1203 3725 1339 3805 ejusdem
1354 3717 1472 3785 virtutis

210 3809 322 3886 officia,
348 3810 502 3874 motivum
530 3830 599 3874 vero
624 3810 828 3873 intrinsecum
849 3811 1091 3892 uniuscujusque
1114 3813 1255 3893 praecepti
1280 3820 1327 3876 est
1350 3811 1473 3891 ipsamet

210 3897 311 3961 virtus
325 3907 381 3962 aut
395 3897 528 3962 officium
544 3899 671 3962 virtutis
686 3900 724 3961 ad
738 3900 820 3978 quod
833 3905 1020 3980 preceptum
1035 3898 1176 3963 refertur.

250 3990 415 4064 Ceterum,
436 4007 504 4069 quae
523 3988 558 4049 in
574 3995 703 4068 utraque
722 3987 826 4066 regula
844 3987 1052 4062 continentur,
1070 3996 1230 4069 sequentes
1249 3987 1395 4052 exhibent
1412 4003 1473 4047 rer·

211 4071 321 4136 siculi:

424 4175 536 4242 Virtus,
553 4173 740 4248 praeceptum,
756 4171 871 4230 diversa
884 4173 1009 4246 objecta,
1025 4173 1184 4248 modusque

423 4255 498 4311 Dant
510 4255 636 4328 speciem
651 4253 790 4327 peccatis,
806 4253 1006 4327 diversumque
1020 4255 1140 4311 reatum.

332 4377 542 4448 Resolves.

252 4503 714 4584 159.-l0Quatuordire1-sa
734 4515 852 4593 peccata
871 4509 1052 4585 committit,
1070 4510 1142 4592 qui,
1164 4511 1277 4592 ligatus
1298 4515 1368 4573 roto
1387 4503 1472 4570 casti-
