3206 5024
479 251 523 296 ne
542 250 745 296 raeaarrrs
764 251 943 298 accurare
1284 240 1351 300 357

123 368 156 427 3⁰
177 360 296 428 Famuli
310 366 341 424 at
352 360 406 424 alii
417 379 523 426 omnes
537 362 626 444 quasi
640 361 829 425 domicilium
845 363 992 426 habentes
1006 363 1111 426 eadem
1124 364 1187 442 lage
1203 381 1236 425 ac
1247 363 1352 428 incole

84 451 138 516 loci
153 451 298 532 ligantur.

122 542 221 616 Quen.
237 544 270 604 8⁰
281 541 333 602 An
346 547 483 602 teneatur
495 543 603 602 iterum
620 543 842 602 communicare
855 543 889 600 in
901 543 1050 622 paroecia,
1066 544 1120 623 qai
1137 540 1247 603 ibidem
1260 545 1352 604 sacri-

85 629 147 710 iepe
161 628 411 690 communicavit?

119 717 208 800 Reep.
223 716 315 800 Nep,
334 717 407 798 quia
423 717 604 798 adimplevit
620 718 714 780 finem
728 717 869 799 precepti
887 717 988 797 quoad
1001 717 1266 780 circumstantiam
1278 719 1348 796 loci;

83 805 191 869 sufficit
208 805 305 886 igitur
323 812 359 868 ut
378 805 491 869 abcubi
509 807 715 870 communicet
729 808 769 869 ad
783 804 1031 868 satislbcieudum
1045 813 1192 887 precepto
1210 810 1352 871 Commu-

82 895 180 958 nionis
196 893 364 971 paschalis,
379 896 460 976 quod
479 913 542 958 non
561 894 741 974 adimplevit
755 913 807 975 per
820 895 1075 958 communionem
1092 895 1276 975 sacrilegam.
1294 899 1352 960 Nec

81 990 198 1047 tenetur
212 983 250 1046 ad
267 983 523 1047 communionem
539 983 713 1047 Pasobalem
727 983 761 1046 in
778 982 908 1064 paroecia
926 986 1123 1059 seuneudam,
1142 983 1169 1047 si
1188 985 1259 1064 quis
1276 990 1352 1049 tem-

82 1091 147 1154 pore
167 1072 305 1136 Pasobali
327 1091 447 1136 sacrum
468 1071 623 1135 viaticum
644 1071 791 1152 suscepit3
810 1090 884 1134 nam
906 1071 978 1134 finis
997 1073 1070 1154 legis
1089 1073 1149 1137 fuit
1169 1073 1352 1138 sufficienter

82 1161 273 1242 adimpletus.
290 1197 331 1208 -
353 1161 386 1225 V.
404 1160 513 1240 Cares,
530 1181 562 1222 a.
579 1165 649 1224 aaa.

126 1251 194 1314 Vide
205 1251 301 1334 piare
314 1250 351 1314 de
367 1250 582 1314 Commaoione
597 1253 630 1312 in
644 1257 777 1312 tractatu
791 1249 829 1312 de
842 1248 903 1312 SS.
917 1249 1125 1314 Eucharistiae
1139 1251 1348 1316 Sacramenta.

410 1500 463 1575 ῠΕ
488 1501 508 1574 l
537 1498 760 1576 EGGlESiAE
787 1499 1021 1576 PRAEGEPTO

686 1703 743 1740 SEU

244 1837 295 1893 DE
318 1835 599 1893 ABSTINENTIA
622 1834 646 1891 A
671 1833 805 1892 CARNE
827 1834 964 1892 EXTllA
987 1835 1186 1894 JEJUNIUM

201 2014 426 2094 Principia.

116 2163 188 2224 485.
206 2194 247 2204 -
267 2162 292 2221 I.
312 2161 421 2221 Exstat
439 2164 624 2238 preceptum
646 2155 881 2220 ecclesiasticum
900 2157 1045 2220 omnibus
1065 2155 1205 2220 fidelibus
1225 2155 1351 2238 imposi·
1456 2187 1458 2192 ·

80 2250 161 2322 tum,
178 2246 270 2330 certis
286 2245 394 2308 diebus
410 2263 429 2308 a
445 2245 589 2308 carnibus
605 2245 790 2309 abstinendi.
805 2248 931 2309 Constat
947 2263 984 2307 ex
1000 2245 1094 2308 variis
1109 2247 1158 2308 SS.
1170 2246 1351 2309 Pontiberun

78 2334 370 2410 constitutionibus,
398 2333 612 2409 CateobismiS,
639 2339 670 2397 et
698 2333 865 2397 universali
893 2333 1127 2409 consuetudine,
1153 2341 1184 2396 et
1210 2335 1351 2398 omnium

79 2420 287 2501 theologorum
301 2440 460 2485 consensu.
474 2422 539 2483 Imo
555 2427 740 2502 preceptum
759 2421 954 2484 abstinentie
965 2421 1163 2502 apostolicum
1177 2429 1348 2503 reputatur,

80 2527 139 2571 non
154 2528 243 2572 secus
264 2529 298 2573 ao
313 2517 499 2591 preceptum
513 2510 640 2592 jejunii,
657 2529 675 2572 a
690 2528 750 2592 quo
768 2509 877 2590 primis
894 2509 1031 2572 Ecclesiae
1049 2509 1166 2572 seculis
1186 2529 1249 2574 non
1267 2529 1350 2593 sepa·

81 2597 213 2661 rebatur.

117 2689 152 2748 ll.
176 2691 366 2769 Praeceptum
384 2689 456 2768 boo,
475 2694 584 2770 preter
601 2694 725 2768 tempus
740 2686 852 2769 jejunii
868 2691 956 2767 urget
973 2706 980 2748 :
998 2693 1029 2748 1⁰
1045 2686 1094 2750 die
1107 2689 1233 2751 Veneris
1249 2693 1349 2771 cujus-

80 2772 151 2836 libet
169 2775 368 2840 hebdomade
389 2776 423 2839 in
444 2777 588 2840 universo
607 2777 678 2839 orbe
699 2775 880 2849 christiano,
899 2774 962 2837 nisi
982 2774 1015 2837 in
1033 2775 1113 2838 hanc
1133 2776 1214 2840 diem
1235 2777 1351 2842 incidat

81 2861 224 2927 Nativitas
248 2865 385 2943 Domini;
411 2871 444 2928 2⁰
469 2865 517 2928 die
540 2864 680 2941 sabbati,
704 2863 765 2926 nisi
788 2863 925 2943 legitima
951 2865 1136 2928 consuetudo
1162 2866 1274 2930 alicubi
1296 2885 1350 2948 per

81 2949 198 3031 aliquod
219 2954 294 3016 anni
315 2960 436 3034 tempus
458 2953 546 3016 aliter
566 2952 794 3034 praescripserit.

116 3040 151 3101 In
169 3042 323 3124 plerisque
342 3048 446 3105 autem
462 3042 564 3108 Gallie
583 3040 779 3116 dioecesibus,
797 3040 941 3122 peculiari
960 3059 998 3103 ex
1014 3043 1247 3118 consuetudine,
1267 3044 1349 3125 viget

81 3125 218 3207 obligatio
232 3130 426 3195 abstinentia
443 3131 542 3194 tribus
553 3130 758 3210 Rogatianum
773 3129 880 3192 diebus
895 3148 930 3192 ac
941 3129 1047 3210 vigilia
1061 3131 1090 3192 S.
1104 3131 1206 3196 Marci.
1217 3134 1349 3196 Attouda

81 3209 170 3292 igitur
187 3221 227 3282 ad
242 3219 402 3300 specialem
419 3219 554 3282 locorum
569 3218 832 3282 consuetudinem.
981 3225 983 3230 ’

116 3305 163 3366 ΙΠ.
188 3311 377 3388 preceptum
397 3307 591 3371 abstinentie
607 3306 721 3387 obligat
735 3327 794 3389 per
811 3325 841 3368 se
862 3307 920 3368 sub
938 3307 1039 3387 gravi,
1060 3308 1134 3390 quia
1151 3309 1281 3372 materia
1300 3314 1347 3370 est

77 3407 130 3467 per
149 3413 178 3456 ae
196 3397 314 3477 gravis3
335 3396 368 3458 in
385 3415 419 3459 eo
439 3403 558 3471 tamen,
575 3399 667 3478 Juxta
689 3413 884 3458 communem
910 3396 1120 3477 theologorum
1142 3397 1345 3472 sententiam,

81 3479 251 3547 admittitur
266 3485 402 3548 materie
418 3484 564 3565 parvitas.
579 3519 618 3528 —
632 3483 669 3546 S.
684 3484 756 3566 Lip.
773 3505 803 3544 n.
819 3487 909 3548 1029.

118 3571 381 3644 Quemadmodum
395 3579 500 3636 autem
512 3573 549 3635 ab
564 3573 632 3635 aliis
645 3571 785 3652 positivis
798 3571 931 3652 legibue,
944 3572 987 3636 sic
1003 3573 1096 3635 ctiam
1110 3573 1147 3635 ab
1165 3571 1347 3651 obligatione

83 3651 136 3718 ista
151 3659 266 3725 dantur
281 3681 380 3726 cause
393 3667 581 3735 excusantes
598 3661 710 3724 scilicet
721 3660 915 3742 impotentia,
930 3666 997 3724 tum
1008 3661 1147 3744 physico,
1165 3668 1234 3722 tum
1249 3681 1346 3722 morc-

83 3739 130 3824 tie,
155 3765 209 3814 seu
234 3769 346 3830 magna
364 3751 542 3825 difficrdtas,
569 3768 638 3830 que
657 3749 692 3811 in
711 3749 785 3831 legis
811 3748 1019 3812 observatione
1044 3748 1205 3830 reperitur.
1231 3748 1347 3811 -Ite

82 3847 173 3898 omnes
185 3839 395 3923 theologicum
408 3839 442 3902 S.
458 3840 543 3922 Lep,
560 3838 637 3901 ibid.

195 4001 389 4079 Quaeslta.

117 4151 185 4255 485.
201 4191 240 4202 -
259 4160 361 4233 Quen.
384 4161 416 4219 1⁰
436 4156 488 4217 Ao
507 4154 645 4236 pereatis
661 4154 776 4236 possiet
796 4152 867 4216 dari
883 4172 989 4216 earnes
1012 4149 1076 4213 itta
1097 4150 1213 4230 diebus,
1238 4152 1345 4234 quibua

80 4237 371 4416 ProIAlAApeAtArszirm,
394 4331 421 4396 si
443 4351 535 4396 usum
555 4331 683 4394 rationis
703 4349 765 4394 non
788 4331 851 4394 sint
868 4329 986 4410 adepti;
1010 4345 1115 4404 secus,
1141 4349 1226 4412 nepo.
1250 4365 1290 4375 -
1313 4329 1344 4393 si

84 4411 178 4480 lamen
192 4440 252 4486 usu
269 4421 397 4488 rationis
410 4421 569 4502 potiantur
582 4425 653 4484 ante
670 4419 882 4500 septennium,
896 4421 1127 4480 controvertitur
1131 4443 1145 4490 ,·
1158 4417 1344 4500 probabilius

84 4516 169 4582 ”teat
190 4509 228 4575 S.
243 4511 327 4595 Lip,
351 4511 387 4573 de
407 4511 493 4592 Lep„
515 4531 546 4572 o.
573 4513 642 4575 155.
663 4508 793 4590 Expedit
806 4513 911 4573 autem
924 4511 961 4570 ut
976 4506 1064 4589 pueri
1082 4507 1231 4590 ejusmodi
1249 4507 1343 4571 absti-
