3136 5034
560 298 603 342 nn
624 296 895 343 consororinos
1295 285 1364 350 483

95 411 267 494 participat,
283 410 360 472 alter
379 408 577 481 contrahens,
594 408 683 488 pauci
701 407 829 488 quidam
847 414 1011 473 senserunt
1024 411 1094 490 jure
1112 415 1246 486 natura,
1262 409 1364 493 pluas

88 505 156 582 jure
168 500 276 566 saltem
290 498 421 580 positivo
436 497 620 579 (Romano),
636 503 827 560 contractum
846 495 973 566 irritum
992 514 1074 574 esse;
1090 503 1123 560 at
1140 497 1313 570 communis
1329 517 1365 572 aa

96 586 277 669 probabilior
299 585 451 653 sentemia
472 586 557 649 docet
577 585 682 668 ipsum
705 592 837 670 utroque
854 588 926 668 jure
945 592 1025 656 esset
1046 585 1200 662 validum,
1222 589 1365 668 quamuis

95 677 223 745 rescindi
236 674 333 757 possit
349 673 387 740 ab
402 693 436 737 eo
449 673 504 756 qui
516 675 659 755 deceptus
673 679 719 738 est
733 694 740 737 :
757 692 820 744 uon
834 673 932 742 deaut
946 673 1029 742 enirn
1047 674 1259 748 substantialis
1272 681 1366 760 atque

94 765 285 831 voluntarius
304 781 483 837 consensus
505 768 535 826 et
554 762 679 826 aliunde
698 768 820 828 tenetur
839 763 978 844 deceptor
996 761 1114 834 auterre
1130 763 1280 846 irrjminm
1296 783 1317 830 a
1333 783 1366 828 se

95 853 225 929 illatam,
245 853 327 933 quod
341 851 408 914 lieri
425 870 488 915 non
507 857 622 932 potest,
638 850 701 918 nisi
714 869 762 914 res
780 852 816 918 in
835 850 993 933 integrum
1009 851 1148 930 restitui,
1166 871 1221 922 seu
1240 859 1367 938 paudum

94 942 216 1008 dissolvi
229 947 330 1022 queat.
346 977 385 986 -
401 939 437 1004 S.
453 939 547 1022 alpe.
556 987 566 1018 ,
584 941 716 1014 Masius,
736 939 890 1016 Sunobez,
909 941 1011 1022 Lupo,
1027 937 1190 1018 Sounoua,
1209 948 1317 1012 1111-
1334 942 1365 1004 Si

94 1031 178 1096 dolus
192 1049 211 1094 a
225 1030 358 1112 quodam
379 1028 483 1104 tertio,
506 1027 572 1090 sine
591 1027 653 1091 ulle
674 1028 800 1092 alterius
821 1028 1029 1097 contrahentis
1048 1029 1150 1110 olipa,
1172 1025 1380 1106 adhibeatur,

94 1125 171 1182 certo
185 1118 305 1182 ualidus
317 1125 363 1182 est
378 1122 551 1180 contractus
566 1137 573 1177 :
590 1118 643 1180 sed
657 1117 721 1192 alii,
735 1135 806 1180 cum
821 1117 932 1192 Lessio,
948 1117 1097 1198 Sarabos,
1114 1117 1241 1196 Bonae,
1257 1120 1367 1192 volunt

94 1208 192 1272 adhuc
206 1226 269 1270 esse
283 1205 526 1280 resonantem,
542 1205 596 1268 alii
610 1205 719 1268 dicunt
733 1205 865 1268 rescindi
877 1224 940 1268 non
954 1224 1055 1288 posse,
1073 1207 1141 1273 uari
1157 1213 1260 1272 umen
1274 1207 1367 1282 actio

96 1315 165 1360 nem
183 1297 305 1378 decepto
323 1297 469 1360 adversus
489 1295 678 1376 deceptorem
701 1313 755 1376 pro
776 1295 965 1376 reparatione
982 1295 1168 1360 damnorum
1187 1296 1364 1370 obtinenda.

93 1421 132 1430 -
147 1385 195 1446 Lu
217 1405 248 1463 o,
265 1405 295 1447 o.
312 1389 363 1448 al.
1360 1395 1363 1401 '

133 1407 221 1556 doeg.
242 1477 296 1536 2⁰:
313 1475 415 1548 Quoad
435 1477 608 1536 contractus
628 1473 781 1555 proturbes
805 1472 921 1554 offitio.
941 1472 1145 1554 probabilius.
1170 1472 1271 1548 Ratio,
1293 1460 1367 1554 quia

94 1563 167 1625 tales
185 1569 358 1625 contractus
378 1580 414 1623 ex
428 1569 540 1626 natura
559 1580 616 1623 sua
630 1561 756 1641 plenum
774 1560 987 1624 voluntarium
1005 1568 1036 1624 et
1050 1560 1260 1624 omnimodam
1275 1580 1366 1641 spon-

96 1651 273 1714 taneitatem
288 1650 468 1732 requirunt;
485 1649 573 1732 atqui
588 1650 653 1712 haec
666 1651 754 1732 plane
769 1648 881 1724 deluit,
899 1650 1021 1730 quando
1034 1667 1125 1712 causa
1136 1649 1175 1711 ad
1188 1649 1367 1713 donandum

94 1759 218 1803 movens
233 1742 334 1802 deesse
354 1739 547 1820 supponitur.
562 1775 602 1784 —
619 1737 669 1800 Ito
689 1739 893 1818 communiter,
910 1745 1015 1801 contra
1033 1737 1205 1810 nonnullos,
1222 1737 1277 1820 qui
1294 1757 1367 1800 cum

94 1829 276 1910 caemroquin
299 1826 481 1902 admittant,
502 1827 590 1892 hosce
614 1833 789 1892 contractus
809 1828 849 1892 nd
870 1831 984 1890 nutum
1007 1825 1163 1893 donatoris
1186 1827 1230 1888 sic
1250 1827 1367 1907 decepti

95 1935 157 1982 esse
171 1916 394 1992 rescindibiles,
407 1917 506 1997 quoad
521 1916 644 1996 praxim
656 1917 693 1980 ab
709 1917 803 1980 altera
817 1915 970 1979 sententia
984 1933 1049 1978 non
1059 1915 1197 1983 multum
1209 1916 1364 1987 recedunt.

99 2005 165 2070 Vid.
183 2006 219 2070 S.
236 2005 344 2087 Alpa,
360 2025 390 2066 o.
409 2009 482 2080 711,
500 2009 576 2082 715ς
592 2005 684 2069 Hom.
701 2015 808 2086 oport„
823 2025 854 2066 o.
872 2008 947 2081 lm,
963 2008 1033 2071 lue.

131 2098 233 2174 Quae.
248 2099 281 2157 10
295 2094 346 2156 Ao
362 2113 448 2158 erum
461 2092 510 2156 oet
521 2093 606 2156 dotus
618 2097 701 2156 circo
713 2113 874 2176 personum
890 2103 1080 2156 contractum
1095 2091 1267 2156 inuolidet?

132 2184 223 2266 Rosp.
241 2189 272 2246 10
287 2181 368 2264 Nep.
389 2183 557 2263 praerutilo
576 2183 737 2264 loquendo,
757 2183 857 2262 quoad
874 2188 1047 2246 contractus
1066 2201 1225 2258 onerosos,
1246 2181 1320 2262 quio
1332 2180 1367 2254 ip

91 2271 142 2334 his
155 2290 239 2334 error
251 2270 431 2352 hujusmodi
445 2276 490 2332 est
505 2289 587 2333 mere
601 2270 814 2342 occidentalis·
831 2276 861 2333 et
879 2269 967 2350 parvi
981 2288 1054 2332 sane
1065 2269 1195 2332 interest
1208 2275 1278 2332 tum
1293 2286 1367 2332 ven-

92 2360 216 2433 ditoris,
239 2359 363 2422 cuinam
382 2377 448 2420 rem
463 2360 591 2433 vendat,
616 2359 783 2421 dummodo
801 2376 973 2438 congruum
991 2357 1127 2438 pretium
1140 2356 1282 2437 mourut,
1298 2359 1367 2419 tum

91 2447 248 2528 emptoris,
265 2465 430 2528 aquonam
441 2451 539 2522 emat,
556 2447 581 2510 si
595 2466 643 2508 res
655 2446 715 2527 ipsi
730 2446 901 2510 conveniat.
912 2445 1117 2526 Excipiendus
1130 2452 1178 2508 est
1193 2452 1367 2522 contractus

90 2534 298 2610 matrimonii,
314 2534 349 2596 in
363 2553 424 2618 qno
438 2553 603 2604 consensus
618 2534 782 2616 ipsammet
796 2533 889 2597 afficit
902 2552 1079 2618 personam,
1097 2551 1165 2616 qrrae
1181 2535 1217 2596 fit
1231 2533 1325 2596 simul
1339 2538 1369 2596 et

89 2643 161 2706 pars
176 2623 358 2688 contrahens
374 2630 405 2686 et
418 2623 517 2704 ipsius
531 2630 705 2689 contractus
720 2624 883 2709 objectum.

129 2713 220 2796 arcp.
235 2717 267 2776 2⁰
278 2713 408 2794 Affirm.
424 2713 604 2794 plerumque
618 2713 716 2794 quoad
733 2719 905 2784 contractus
919 2718 1082 2796 prutuitos,
1100 2713 1174 2794 quia
1187 2714 1221 2776 in
1235 2713 1285 2786 his
1299 2731 1367 2794 per-

89 2821 166 2866 sona
186 2802 338 2866 donatarii
358 2821 375 2864 a
397 2802 541 2863 donatore
559 2801 729 2880 specialiter
743 2800 865 2870 intendi
883 2800 968 2870 solet.
987 2804 1156 2888 spectanda
1175 2807 1248 2864 sunt
1261 2809 1368 2872 tamen

88 2909 196 2956 rerum
209 2891 366 2976 adjuncta,
381 2909 397 2950 e
411 2889 525 2969 qrribus
538 2888 736 2952 benefactoris
750 2887 892 2950 voluntas
907 2888 1043 2970 dignosci
1059 2889 1170 2954 melius
1184 2896 1294 2972 potest.
1329 2915 1331 2920 ’

131 2984 200 3044 778.
218 3015 259 3027 -
280 2983 381 3055 Quas.
404 2983 436 3042 30
455 2978 505 3037 Ao
529 2985 714 3046 contractum
735 2975 884 3042 invalidet
908 2997 994 3041 error
1020 2979 1069 3039 vel
1090 2977 1176 3041 dotus
1197 2982 1277 3042 circu
1301 2997 1366 3046 mo·

89 3067 210 3131 ticum?

132 3157 223 3240 Hesp.
242 3162 272 3222 10
286 3155 424 3239 Aspim„
443 3154 470 3218 si
481 3172 565 3220 error
577 3155 666 3216 cadat
678 3153 714 3218 in
729 3154 884 3217 motivum
897 3153 992 3238 fiante
1002 3173 1014 3214 .·
1026 3173 1058 3216 v.
1074 3173 1134 3235 gc,
1149 3153 1176 3218 si
1190 3157 1277 3239 dares
1292 3158 1365 3226 elee-

88 3264 254 3328 mosynam
275 3244 369 3323 Titio,
388 3244 461 3326 quia
480 3243 569 3305 illum
589 3259 754 3323 pauperem
773 3248 912 3330 rapotae,
929 3260 1000 3310 cum
1019 3241 1104 3313 diras
1123 3243 1178 3318 sit,
1194 3248 1268 3308 tuus
1282 3245 1367 3308 enim

88 3353 256 3398 consensus
270 3335 371 3416 quoad
385 3333 485 3415 ipsam
493 3331 543 3395 rei
558 3331 766 3400 substantiam
780 3331 891 3394 deficit.

130 3424 219 3508 Resp.
241 3427 275 3486 10
295 3423 388 3504 Nep,
412 3421 438 3484 si
458 3439 541 3484 error
558 3421 644 3483 cadat
663 3420 763 3484 solum
783 3420 818 3482 in
836 3420 990 3483 motivum
1016 3420 1184 3504 ampolloni,
1207 3439 1239 3485 v.
1262 3441 1319 3505 gr„
1339 3421 1367 3484 si

87 3513 315 3596 eleemosynam
337 3511 423 3580 dares
447 3510 541 3571 Petro
563 3508 706 3594 pauperi,
729 3525 821 3592 quiem
842 3509 928 3575 valde
950 3510 1081 3592 probum
1100 3509 1215 3588 credis,
1236 3527 1307 3576 curn
1326 3509 1367 3574 sit

88 3601 198 3664 minus
215 3600 347 3682 probus;
368 3600 419 3663 hic
440 3617 524 3664 error
541 3598 626 3662 enim
646 3615 729 3660 mere
747 3597 941 3663 accidentalis
958 3605 1014 3662 est.
1032 3635 1071 3645 -
1091 3597 1125 3662 S.
1139 3599 1223 3682 Lip,
1239 3619 1270 3661 n.
1288 3605 1364 3677 7373

84 3688 182 3752 Hom.
198 3699 307 3771 apost,
323 3709 353 3752 n.
369 3693 438 3752 137.

212 3819 423 3886 Rosolves.

131 3952 202 4012 779.
216 3983 257 3995 —
272 3953 304 4012 l⁰
318 3946 351 4010 si
363 3947 499 4010 sacerdos
513 3946 571 4010 sub
586 3951 674 4010 nocte
690 3951 774 4008 emat
787 3963 841 4025 pro
860 3964 891 4008 se
906 3963 1060 4026 pannum,
1074 3953 1189 4028 putans
1205 3963 1269 4008 esse
1283 3944 1367 4025 nigri

88 4037 215 4112 coloris,
232 4039 307 4100 dum
322 4035 431 4098 viridis
446 4041 500 4099 aut
516 4033 639 4097 violacei
654 4039 715 4110 est,
732 4052 794 4098 non
811 4033 891 4098 valet
909 4040 1099 4110 contractus,
1119 4036 1146 4100 si
1160 4052 1299 4115 expresse
1315 4035 1365 4103 dc·

87 4126 253 4189 claraverit
272 4143 304 4186 se
325 4121 406 4203 nigri
427 4122 532 4186 coloris
555 4141 694 4205 pannum
714 4123 804 4200 vello;
828 4123 898 4186 licet
915 4122 1001 4186 enim
1020 4122 1099 4187 color
1116 4123 1152 4188 in
1172 4123 1265 4186 sesit
1281 4141 1367 4188 mera

88 4214 241 4296 qualitas
256 4213 290 4276 in
302 4213 359 4276 hoc
373 4229 446 4274 casu
463 4211 576 4274 transm
589 4212 624 4274 in
642 4210 864 4286 substantiam,
881 4211 1069 4292 proindeque
1082 4230 1165 4276 eamr
1176 4210 1279 4277 euadu
1293 4211 1366 4276 sub-

87 4301 255 4370 sontium.
1254 4367 1257 4374 .

130 4397 165 4454 2⁰
178 4390 212 4456 Si
233 4390 290 4456 tihi
310 4389 425 4454 nolenti
444 4405 544 4454 emere
561 4389 673 4454 ninum
693 4388 925 4469 Burdigalense,
946 4389 1187 4468 Burgundiuum
1208 4390 1364 4466 offeratur,

87 4483 175 4546 valet
194 4485 368 4548 contractus
385 4499 441 4562 per
461 4499 505 4552 se,
524 4497 587 4547 uon
607 4479 748 4542 obstante
766 4495 866 4542 errore
881 4478 929 4540 vel
947 4478 1030 4554 dolo,
1049 4477 1122 4559 quiin
1140 4497 1224 4542 error
1242 4497 1306 4550 non
1319 4485 1367 4544 est

89 4569 315 4636 substantiatis.
340 4569 397 4636 Sed
415 4567 542 4652 justitia
565 4566 687 4634 leditur
715 4566 949 4645 accidentaliter,
975 4566 1001 4629 si
1024 4567 1240 4648 Burdigalouse
1264 4567 1365 4632 carius
