3156 5026
546 313 589 358 nn
609 313 776 361 susurru
796 317 839 361 nr
860 318 949 362 suna
1320 305 1386 366 tlt

113 425 220 490 silium
236 425 274 488 ab
289 426 366 506 ipsis
384 424 540 507 petierint.
557 426 704 489 Attamen
719 432 864 490 tenentur
880 445 951 507 erga
968 427 1057 502 alios,
1073 425 1186 507 quibus
1201 425 1389 507 exipsorum

113 513 238 578 consilio
250 515 400 578 damnum
414 514 537 576 illatum
548 520 611 589 est,
625 514 652 576 si
666 515 817 577 damnum
827 514 910 578 istud
926 514 1110 578 sufficienter
1120 515 1332 596 praevideam&
1344 519 1390 584 roi

113 602 198 666 enim
213 609 298 678 sunt,
314 602 400 678 dum,
416 603 578 666 temeraria
591 604 697 666 dantes
710 602 837 666 consilia
845 603 880 666 in
892 602 931 666 iis
943 621 1013 685 qua
1025 603 1179 684 ignorant,
1192 623 1223 666 se
1232 613 1390 685 exponunt

113 691 246 772 periculo
259 691 452 756 innocentem
462 691 598 754 invitum
612 691 807 755 laedendi-
821 690 855 752 S.
874 692 958 773 Liq„
976 691 1050 754 ibid.

155 785 188 844 2⁰
210 779 242 844 si
265 780 406 843 suasione
429 780 476 843 vel
496 778 622 842 hortatu
645 797 736 843 carrea
756 779 868 855 fueris,
890 787 926 843 ut
947 784 1048 862 majus
1067 781 1218 843 damnum
1239 781 1390 845 inferatur

114 885 209 950 quam
222 867 358 949 alioquin
372 867 495 932 illatum
509 875 603 944 esset,
617 867 731 930 teneris
742 873 867 931 tantum
877 868 914 932 de
924 868 1030 932 damni
1042 887 1177 932 excessu.
1189 871 1275 935 Unde
1288 871 1313 934 si
1328 871 1390 934 luri

109 977 169 1040 per
181 977 211 1019 se
225 962 330 1038 parato
347 957 386 1020 ad
407 956 638 1037 surripiendum
655 961 714 1020 100
727 975 850 1031 sorece,
871 957 1051 1038 persuasisti
1073 962 1109 1020 ut
1129 961 1189 1023 600
1207 959 1387 1040 surriperet,

113 1044 301 1127 probabilius
316 1044 470 1108 contrahis
484 1051 609 1108 tantum
624 1044 840 1126 obligationem
853 1049 914 1110 106
925 1045 1119 1109 restituendi.

153 1138 187 1198 3⁰
210 1133 241 1196 Si
260 1134 321 1196 duo
344 1132 438 1196 simul
457 1134 617 1196 consulant
636 1133 756 1196 lantum
775 1133 882 1213 Petro,
898 1132 953 1215 qui
974 1152 1082 1198 eorum
1101 1133 1225 1198 consilio
1243 1134 1389 1200 inductus

113 1222 244 1298 fruetur,
261 1228 390 1304 uterque
406 1227 530 1284 tenetur
547 1223 586 1284 acl
607 1221 851 1299 restitutionem;
868 1240 942 1285 nam
960 1223 1031 1286 licet
1045 1223 1141 1287 etism
1157 1223 1250 1286 altero
1265 1231 1389 1288 tantum

113 1311 287 1374 consulente
307 1310 417 1373 Petne
439 1310 558 1374 furatus
581 1309 705 1386 luisset,
735 1311 772 1374 de
796 1311 876 1375 facto
899 1317 1004 1375 tamen
1030 1318 1158 1393 uterque
1183 1312 1308 1376 consilio
1334 1332 1389 1376 sno

113 1399 255 1475 influxit,
275 1405 307 1462 et
322 1417 357 1463 eo
374 1399 441 1482 ipso
461 1405 591 1481 uterque
603 1417 695 1462 causa
713 1398 774 1461 fuit
793 1398 879 1462 furti.
896 1435 936 1446 -
949 1399 986 1464 S.
1003 1400 1074 1482 Lip.
1094 1420 1126 1462 n.
1140 1404 1210 1464 56l.
1228 1436 1268 1446 -
1284 1401 1387 1484 Lupo,

117 1488 147 1550 d.
165 1507 231 1562 xix,
247 1509 279 1550 n.
295 1492 326 1552 2.

154 1579 189 1640 l⁰
209 1577 241 1640 Si
264 1576 314 1640 fur
329 1576 437 1658 jubeat
455 1576 574 1640 ostendi
595 1576 656 1641 sibi
673 1577 853 1640 thesaurum
873 1595 995 1653 meum,
1017 1583 1049 1641 et
1069 1595 1123 1658 ego
1144 1578 1301 1641 ostendam
1322 1577 1389 1641 the-

114 1683 242 1728 saurum
263 1665 404 1740 alterius,
429 1671 532 1728 teneor
548 1665 724 1742 restituere,
741 1665 815 1747 quia
833 1685 904 1730 sum
917 1685 1009 1730 causa
1023 1666 1145 1742 damni;
1159 1665 1209 1728 tur
1224 1665 1309 1730 enirn
1327 1686 1390 1730 non

113 1753 207 1816 habet
225 1753 461 1816 determinatam
476 1753 665 1817 voluntatem
686 1755 725 1817 ad
739 1755 920 1818 thesaurum
938 1754 1065 1818 alterim
1087 1754 1329 1835 surripiendum.
1349 1789 1391 1803 ·-

114 1841 149 1904 S.
165 1843 236 1924 Lep.
251 1862 284 1904 n.
300 1845 370 1906 565.

155 1935 190 1994 5⁰
203 1931 370 1994 Consulens
389 1949 451 1994 non
469 1929 618 1994 eximitur
632 1932 670 1993 ab
683 1931 865 2012 obligatione
881 1930 1041 2013 reparandi
1057 1932 1208 1994 damnum
1222 1932 1303 2013 quod
1319 1950 1389 1994 con·

115 2019 225 2093 sciuit,
240 2018 267 2081 si
281 2025 448 2095 exsecutor,
460 2037 553 2100 quem
564 2020 687 2082 monuit
697 2021 735 2082 acl
747 2019 988 2095 restituendum,
1001 2037 1063 2082 non
1072 2021 1230 2096 restituat;
1245 2019 1389 2101 6616616-

114 2106 224 2170 caciter
239 2106 274 2168 in
295 2107 446 2169 damnum
460 2112 634 2188 cooperatus
653 2113 713 2185 est;
734 2109 900 2190 cooperans
919 2116 1024 2172 autem
1045 2107 1148 2172 efficax
1167 2108 1390 2190 reparationem

114 2195 263 2258 efficacem
275 2195 443 2258 necessario
458 2194 562 2276 exigit.
576 2195 795 2260 Damnilicatus
806 2195 890 2260 enirn
902 2197 1028 2260 omnino
1042 2196 1196 2262 indemnis
1211 2197 1277 2260 fieri
1288 2197 1387 2259 debet.

121 2283 156 2346 V.
175 2283 288 2363 Casus,
303 2305 335 2346 n.
352 2288 411 2348 662
424 2295 452 2346 et
467 2288 537 2349 666.

541 2469 557 2558 §
577 2470 640 2539 lll.
658 2470 704 2538 Dc
717 2472 954 2540 consentiente.

236 2613 461 2696 Prlnclpla.

156 2762 226 2822 681.
242 2793 282 2804 -
293 2760 317 2821 Ι.
334 2759 534 2822 Consentiens
548 2760 586 2821 ad
600 2759 826 2823 restitutionem
846 2767 979 2835 tenetur,
996 2761 1248 2842 quotiescumque
1262 2760 1390 2824 scienter

115 2865 150 2909 ac
161 2846 255 2909 bbere
267 2847 384 2909 emittit
398 2847 582 2926 suffragium
595 2848 641 2910 vel
653 2847 839 2910 sententiam
851 2867 888 2910 en
899 2849 1013 2928 quibus
1025 2849 1136 2911 directe
1145 2849 1257 2929 pendet
1269 2848 1390 2912 tiolatio

111 2934 193 3016 juris
203 2935 345 3011 alterius,
362 2935 394 2997 id
408 2940 469 3010 est,
484 2934 604 3015 quoties
616 2936 668 2998 dat
679 2953 862 2998 consensum
874 2935 1023 2999 efficacem
1032 2937 1067 2998 in
1079 2938 1227 2999 damnum
1243 2955 1296 3000 seu
1310 2937 1390 3019 inju-

115 3023 195 3086 riam
216 3023 361 3103 proximi.
382 3023 451 3085 Dixi
472 3042 648 3086 consensum
669 3023 838 3106 efficacem
860 3024 934 3105 quia
958 3024 984 3086 si
998 3042 1163 3087 consensus
1181 3025 1339 3090 efficaciter
1357 3026 1388 3088 in

113 3110 265 3192 injuriam
280 3130 341 3174 non
356 3110 515 3185 influeret,
531 3129 594 3173 666
610 3115 765 3174 teneretur
778 3112 816 3174 acl
829 3111 1069 3186 restitutionem,
1084 3130 1156 3174 oum
1170 3113 1307 3176 affective
1321 3113 1389 3195 qni-

113 3200 201 3275 dem,
218 3200 271 3262 scd
289 3217 352 3262 non
373 3199 509 3262 effective
528 3199 561 3262 in
584 3204 806 3262 nocumentum
829 3199 1035 3263 consentiret:
1058 3199 1192 3281 itemque
1210 3201 1251 3276 si,
1276 3203 1390 3264 seclusa

112 3287 221 3350 fraude
235 3294 291 3351 aut
303 3295 390 3369 pacto
409 3287 545 3368 speciali,
562 3287 692 3350 aliuma
710 3287 920 3351 consecutione
935 3288 1022 3364 boni,
1041 3289 1080 3352 ad
1100 3290 1180 3370 quod
1201 3289 1322 3352 nullum
1337 3293 1390 3370 jus

111 3376 256 3450 haberet,
273 3376 417 3457 suffragio
432 3393 486 3439 suo
505 3376 678 3457 impediret.

155 3466 192 3526 Il.
209 3467 277 3526 Non
289 3469 411 3527 tenetur
432 3466 469 3528 de
489 3465 616 3540 alamno,
633 3465 687 3546 qui
705 3465 888 3528 sententiam
906 3471 962 3528 aut
981 3465 1163 3546 suffragium
1178 3465 1265 3547 prius
1281 3466 1389 3528 datum
1474 3527 1478 3534 ,

111 3552 291 3616 authentice
318 3560 454 3629 revocat,
478 3561 644 3635 antequam
667 3561 898 3617 consummetur
919 3553 1071 3635 nequitia;
1095 3571 1193 3635 neque
1216 3553 1387 3636 suffragans

111 3643 196 3704 bona
209 3641 284 3716 ilde,
299 3642 460 3723 quamvis,
477 3641 592 3705 detecto
606 3660 722 3718 errore,
739 3648 880 3705 teneatur
898 3661 935 3706 ex
949 3642 1095 3718 Caritate,
1112 3641 1176 3704 imo
1197 3659 1234 3704 ex
1248 3643 1386 3723 justitia,

112 3735 225 3792 votum
237 3747 331 3792 suum
344 3749 498 3806 revocare,
515 3731 541 3794 si
554 3749 607 3812 per
622 3737 743 3812 tempus
754 3731 787 3794 id
800 3730 860 3812 ipsi
873 3731 969 3794 liceat.

237 3891 432 3968 Qnaeslta.

156 4039 226 4100 682.
249 4071 289 4082 -
308 4038 409 4112 Quae.
438 4041 470 4100 10
493 4037 545 4100 An
573 4047 710 4101 teneatur
730 4038 771 4101 cd
793 4039 1013 4101 restitutionem
1035 4039 1231 4117 consentiens,
1259 4041 1313 4120 qui
1338 4036 1392 4099 dot

110 4124 261 4206 injustum
282 4125 481 4206 suffr-opium,
505 4129 533 4187 si
557 4145 615 4188 non
639 4127 738 4189 desint
764 4125 828 4188 olio
848 4128 999 4209 suffraqia
1014 4127 1082 4208 jem
1103 4126 1143 4188 ud
1161 4127 1305 4188 domnum
1328 4127 1391 4206 sus·

108 4212 259 4295 ficerctio?

156 4302 246 4384 Hesp.
262 4309 295 4368 10
312 4323 319 4366 :
334 4307 459 4368 Certum
473 4311 520 4366 est
530 4303 753 4368 consentientes
764 4323 871 4367 omnes
883 4321 967 4384 sque
979 4303 1017 4365 ad
1031 4302 1261 4366 restitutionem
1276 4303 1387 4380 teneri,

109 4389 194 4453 side
209 4392 347 4456 condicto
359 4390 505 4473 suffragia
519 4392 674 4468 dederint,
689 4411 760 4455 cum
769 4393 849 4456 inita
861 4391 1081 4472 conspiratione
1090 4391 1232 4454 omnium
1244 4391 1287 4454 sit
1299 4390 1390 4456 unica

106 4477 340 4543 actiomoralis.

158 4567 245 4651 Hesp.
261 4573 311 4632 2⁰:
324 4571 448 4633 Certum
458 4576 504 4633 ost
514 4570 619 4646 etiam,
631 4587 738 4641 omnes
750 4569 972 4634 consentientes
988 4568 1163 4634 contrahere
1173 4570 1390 4651 obligationem
