3202 5020
580 269 623 312 aa
647 266 890 313 consererem
1308 265 1372 323 tit

133 385 248 468 Opinio
261 400 338 446 rero
344 378 527 464 probabilis,
542 396 596 441 sen
609 379 755 440 sententia
765 377 947 458 probabilis,
964 384 1010 460 est
1019 380 1173 461 judicium
1187 384 1290 450 nitens
1305 407 1370 452 mo-

87 475 156 539 tivo
169 471 271 554 mavi,
288 470 359 532 lieet
372 488 443 532 cnm
456 467 621 530 formidine
632 468 669 530 de
682 467 828 548 opposito.
844 503 884 512 -
898 467 1009 548 Opinio
1021 487 1091 532 vero
1106 471 1313 550 improbabilis
1325 487 1372 542 est

86 562 248 645 judicium
263 560 344 641 qnod
359 558 475 620 motivo
490 556 584 618 solido
597 556 788 618 destituitur.

133 657 184 715 52.
201 686 242 696 -
255 653 375 712 Duram
384 645 626 730 probabilitatis.
644 644 694 706 Dis
700 644 852 724 tinguitur
866 644 1062 726 probabilitas
1079 667 1087 710 τ

133 747 165 805 1⁰
186 739 372 814 Intrinseca,
387 736 435 800 vel
446 735 626 810 eatrimeca,
641 740 734 816 prout
748 734 795 796 vel
811 734 984 798 rationibus
999 755 1035 798 en
1049 743 1161 801 natura
1175 742 1219 804 rei
1233 744 1370 808 deductis

94 829 143 894 sel
156 826 335 892 auctoritati
355 824 515 887 innititur.
528 827 663 903 Utraque
677 825 785 903 major,
802 823 849 885 vel
863 823 1045 887 minorasse
1058 833 1168 906 potest.

132 923 167 981 2⁰
186 917 289 994 laris,
305 915 354 978 vel
368 914 461 995 facti,
477 918 570 992 prout
587 911 664 974 circa
678 911 759 992 juris
779 910 1005 990 exsistentiam,
1022 917 1125 995 ejusve
1138 919 1372 1000 applicationem

92 1008 144 1071 rel
158 1008 235 1070 circa
249 1004 374 1085 aliquod
387 1003 503 1066 sactum
518 1005 668 1064 versatur.
1242 1004 1244 1008 ⁴
1286 1008 1288 1014 ’

52 1143 57 1152 .
135 1100 168 1160 3ο
186 1093 399 1178 Speculatioa,
416 1091 463 1153 vel
473 1089 623 1172 practica,
642 1086 733 1169 prout
751 1107 817 1151 rem
835 1088 868 1152 in
883 1109 930 1164 se,
953 1091 1156 1158 abstrahendo
1175 1097 1212 1160 ab
1232 1106 1302 1163 actu
1320 1103 1372 1166 bio

93 1193 124 1249 et
138 1204 222 1248 nuno
235 1183 392 1264 ponendo,
408 1180 455 1244 vel
469 1185 574 1242 actum
588 1176 728 1258 proxime
742 1178 919 1258 ponendum
934 1179 1068 1262 respicit.

132 1279 165 1337 4⁰
184 1271 350 1350 Absoluta,
366 1269 414 1334 vel
427 1267 571 1346 relativa,
587 1270 679 1347 prout
692 1265 762 1327 talis
776 1274 903 1347 apparet
915 1269 1059 1332 omnibus
1072 1273 1119 1335 vel
1133 1273 1300 1358 plerisque,
1316 1287 1373 1344 aut

94 1363 291 1428 unitautum
306 1357 482 1440 relpauois.
741 1381 743 1388 ·
1246 1353 1247 1356 ’

136 1456 169 1514 5⁰
189 1449 339 1512 Solitario
346 1494 355 1526 ,
372 1448 421 1511 vel
433 1445 651 1527 comparativa,
665 1451 758 1525 prout
771 1445 842 1507 talis
856 1451 979 1525 apparet
991 1445 1025 1509 in
1040 1450 1146 1513 sescla
1158 1463 1310 1533 spectata,
1324 1460 1371 1521 vol

94 1540 323 1621 comparatione
336 1535 484 1600 instituta
497 1553 568 1597 cum
582 1533 823 1596 contradictorie
838 1535 1052 1614 propositionis
1067 1537 1288 1608 fundamentis.

134 1635 167 1694 6⁰
189 1627 297 1707 Certa,
319 1625 367 1688 vel
390 1624 482 1686 dabie
499 1627 553 1686 aut
578 1623 689 1701 teonis,
711 1627 803 1702 prout
825 1622 976 1685 innititur
998 1625 1123 1688 motivis
1143 1629 1189 1691 vel
1208 1638 1303 1708 certo,
1325 1636 1372 1698 vel

94 1717 188 1781 dubie
200 1721 326 1780 tautum
339 1712 453 1777 solidis.
634 1725 636 1732 ’

135 1805 339 1868 Probabilitas
350 1801 559 1885 comparativa
569 1799 721 1863 dividitur
730 1819 783 1880 per
794 1800 905 1878 gradus
919 1799 953 1862 in
965 1800 1132 1883 triplicem,
1144 1805 1257 1871 scilicet
1273 1829 1281 1872 :
1297 1813 1371 1874 t⁰in

93 1893 337 1978 probabilitatem
350 1892 511 1974 majorem,
527 1894 559 1952 2⁰
573 1895 734 1978 minorem,
748 1891 779 1952 3⁰
794 1888 947 1970 aqualem.
964 1890 1084 1965 Quavis
1104 1894 1189 1956 euim
1206 1900 1374 1980 propositio

93 1989 195 2065 potest
215 2001 280 2046 esse
301 1979 497 2062 probabilior,
520 1979 568 2042 vel
586 1997 687 2060 reque,
707 1977 755 2040 vel
778 1977 883 2039 miuus
905 1977 1085 2057 probabilis,
1102 2001 1198 2062 qnam
1218 1987 1370 2066 opposita,

94 2080 188 2155 prout
210 2071 324 2134 nititur
341 2068 468 2132 motivis
487 2067 697 2142 solidioribus
714 2065 762 2129 rel
776 2085 877 2146 aeque,
893 2066 941 2130 vel
954 2067 1061 2131 nunus
1078 2071 1192 2134 solidis.
1210 2111 1249 2119 -
1263 2075 1373 2155 Opinio

94 2169 202 2226 autem
230 2157 415 2241 probabilior
438 2165 469 2221 et
494 2157 561 2238 ipsa
586 2155 686 2220 varios
710 2155 820 2235 gratim
843 2155 1010 2218 admittit:
1036 2163 1082 2220 est
1105 2159 1189 2222 enim
1212 2163 1302 2242 paulo
1326 2167 1374 2228 vel

94 2249 276 2314 notabiliter
296 2245 490 2329 probabilior,
515 2249 607 2327 prout
628 2247 692 2326 ejus
718 2244 835 2306 motiva
858 2244 949 2326 paulo
970 2244 1017 2308 vel
1039 2247 1214 2312 notabiliter
1234 2255 1375 2330 graviora

93 2347 174 2403 suut
191 2356 257 2418 pra
279 2335 402 2399 motivis
425 2335 580 2417 oppositae.
604 2333 855 2395 Pcobobib‘ssima
878 2333 972 2395 etiam
995 2333 1118 2411 dicitur,
1143 2337 1168 2399 si
1192 2342 1373 2418 gravissimo

94 2427 221 2491 motivo
240 2426 375 2506 gaudeat.
397 2421 645 2488 Probabilissima
664 2428 726 2497 est,
747 2421 791 2484 ait
810 2420 846 2483 S.
868 2422 950 2503 aa,
970 2444 1001 2486 a.
1021 2429 1072 2499 bt),
1094 2445 1160 2507 qam
1175 2429 1285 2491 m'tr'tar
1301 2431 1375 2512 sun.

94 2519 240 2666 ᾰαηιῗηιο
250 2515 424 2596 pravissimo
438 2533 452 2576 .·
466 2521 650 2595 quapropter
663 2512 800 2593 opposita
814 2521 949 2574 censetor
968 2530 1116 2578 ratumne
1129 2515 1177 2578 vel
1195 2537 1286 2581 nouis
1299 2539 1375 2602 pro-

95 2605 172 2668 babi
183 2605 217 2668 is.

136 2697 265 2774 Insuper
280 2691 385 2774 opinio
399 2696 444 2753 est
461 2697 537 2764 tato,
554 2689 600 2751 vel
616 2691 721 2766 tutior,
739 2688 786 2749 vel
795 2691 896 2750 minus
911 2695 985 2765 tato,
998 2697 1090 2770 prout
1104 2689 1283 2773 simpliciter
1294 2696 1376 2761 iavet

94 2783 174 2864 legi,
189 2783 236 2846 vel
250 2781 350 2844 eidem
364 2782 434 2862 plus
449 2779 592 2842 minusve
605 2777 696 2841 lavet.
707 2775 816 2857 Opinio
826 2776 923 2856 igitur
935 2777 1120 2857 probabilior
1129 2801 1191 2844 non
1201 2791 1247 2846 est
1256 2803 1378 2868 semper

95 2871 213 2946 tutior,
230 2869 384 2953 siquidem
397 2865 596 2952 probabilitas
608 2868 706 2954 maior
719 2864 814 2928 etiam
828 2884 882 2946 pro
896 2865 1037 2929 libertate
1051 2873 1131 2930 stare
1145 2875 1254 2950 potest.

367 3083 476 3152 Vmia
493 3087 679 3168 systemata
697 3079 790 3147 meaa
804 3079 1097 3166 probabilitatem.

136 3310 190 3370 53.
202 3341 241 3349 -
253 3309 286 3368 1⁰
305 3302 501 3366 Tutiorismas
513 3298 678 3375 absolutos,
693 3317 747 3362 seu
761 3301 956 3380 riaomsmes,
968 3303 1060 3381 juxta
1074 3319 1166 3382 quem
1180 3322 1251 3384 pars
1266 3305 1376 3380 tutior,

88 3397 127 3458 id
152 3401 201 3457 est
220 3393 280 3474 legi
300 3391 421 3465 lavem,
445 3409 564 3470 semper
586 3388 738 3468 sequenda
757 3393 818 3462 est,
840 3387 901 3448 nisi
920 3388 1000 3450 adsit
1018 3391 1169 3454 certitudo
1189 3394 1221 3455 in
1239 3393 1374 3455 savorem

87 3481 261 3548 libertatis.
279 3485 348 3545 Haeo
362 3479 464 3560 opinio
478 3479 516 3540 ab
531 3475 661 3540 Ecclesia
674 3475 835 3556 reprobata
848 3482 905 3538 est.

136 3576 172 3634 2⁰
191 3571 390 3633 Tutrbrismas
400 3571 557 3648 mitipatas
562 3613 573 3644 ,
581 3568 672 3647 juxta
683 3581 776 3644 quem
786 3563 856 3626 licet
865 3568 990 3627 tantum
1000 3566 1087 3648 sequi
1095 3569 1374 3650 probabilissimam

86 3666 219 3746 partem
231 3657 369 3722 libertati
380 3657 544 3720 faventem.

136 3755 171 3815 3⁰
187 3747 485 3824 Probabib'orismoo,
498 3747 589 3826 juxta
607 3759 700 3824 quem
720 3759 839 3824 sempor
856 3743 986 3806 tenenda
999 3749 1045 3807 est
1060 3745 1161 3827 opinio
1175 3746 1234 3825 legi
1252 3745 1372 3820 favens,

88 3840 162 3905 nisi
176 3837 314 3919 opposita
328 3835 370 3898 sit
384 3833 577 3916 probabilior.

137 3933 174 3992 ιθ
193 3922 541 4008 AEqmprobobitismas,
562 3925 653 4004 juxta
676 3939 770 4004 quem
790 3920 913 3983 licitum
936 3941 999 3985 non
1022 3927 1067 3986 est
1090 3921 1176 4003 sequi
1199 3921 1375 4003 opinionem

88 4017 208 4083 minus
228 4019 345 4092 tutam,
361 4012 423 4076 nisi
443 4012 486 4076 sit
506 4029 593 4094 aeque
611 4009 777 4092 probabilis
798 4028 832 4072 ac
851 4011 1003 4092 opposita,
1015 4013 1063 4076 vel
1080 4011 1141 4074 lere
1161 4029 1247 4092 aque
1267 4011 1375 4094 proba-

137 4201 172 4262 δ’
193 4192 449 4265 Probabilismas‚
469 4193 561 4274 juxta
583 4206 676 4269 quem
695 4187 765 4250 licet
789 4187 876 4270 sequi
898 4187 1073 4270 opinionem
1095 4187 1201 4250 minus
1220 4193 1322 4254 tutam
1345 4195 1376 4254 et

81 4285 207 4354 minus
221 4302 343 4366 quoque
356 4278 558 4363 probabilem,
574 4277 663 4339 modo
678 4294 749 4340 vera
763 4282 794 4338 et
808 4277 903 4338 solida
916 4275 1129 4357 probabilitate
1142 4278 1282 4355 gaudeat.

137 4380 171 4440 6Ω
185 4373 360 4446 meismes,
379 4387 416 4431 ex
429 4386 489 4449 quo
505 4383 623 4446 semper
637 4363 681 4426 ias
695 4370 741 4426 est
759 4363 846 4445 sequi
865 4364 1022 4444 opiniones
1043 4362 1137 4426 etiam
1156 4367 1292 4430 tenuiter
1306 4387 1374 4449 pro-

78 4462 230 4537 babilem
245 4461 297 4522 sed
309 4459 366 4522 hoo
380 4475 501 4538 quoque
514 4461 649 4537 systema
660 4451 719 4514 brit
734 4453 932 4526 damnatum,
948 4457 984 4514 ut
996 4451 1077 4514 infra
1090 4454 1217 4534 patebit.

137 4550 220 4618 Hinc
228 4567 283 4631 pro
292 4546 387 4614 variis
397 4545 476 4609 circa
487 4544 620 4608 valorem
631 4539 855 4623 probabilitatis
868 4539 1064 4620 opinionibus
1077 4542 1208 4626 theologi
1217 4544 1302 4609 varia
1312 4563 1374 4608 sor·
