3168 5002
647 263 770 308 saulus
798 263 1069 309 uuaoucnoulca

761 524 859 580 NUbl.
880 523 952 579 XVI

225 687 454 762 Propositiones
478 688 529 756 85,
549 687 667 763 Synodi
690 691 865 748 ctioecesona
887 690 1104 758 Pistoriensis,
1133 690 1285 749 domnula
1309 709 1329 748 a
1354 691 1413 750 Pio
1445 693 1498 760 Vl,

258 769 478 906 {mimam
493 770 646 826 Auctorem
667 770 762 839 Fidei,
779 777 846 838 cta,
864 769 900 826 28
921 771 1052 843 Aupusti
1073 770 1158 840 list,
1183 787 1249 844 quse
1269 771 1392 845 intepru
1416 773 1500 830 enbi-
1571 805 1572 874 }

221 1010 418 1072 sumserunt
428 1011 557 1068 Domini
569 1011 671 1068 nostri
684 1010 811 1068 Domini
824 1011 876 1068 Pii
885 1011 994 1069 diuino
1007 1012 1205 1070 Prouidentia
1218 1015 1312 1088 Pupee
1324 1013 1406 1071 santi
1418 1014 1502 1072 dam·
1571 1015 1572 1086 ἶ

258 1092 344 1148 natio
358 1091 590 1165 quamplurium
604 1091 853 1166 propositionum
865 1099 1078 1167 sacerplanim
1091 1109 1131 1149 cm
1147 1091 1225 1151 libro
1242 1093 1346 1152 italico
1357 1093 1504 1152 idiomate
1571 1153 1572 1160 ,

258 1169 406 1244 impresso
419 1171 475 1228 sub
491 1170 577 1228 titulo
592 1172 651 1228 Atti
666 1189 683 1228 e
697 1171 805 1228 decreti
819 1172 867 1229 del
881 1172 1008 1230 Concilio
1021 1174 1172 1231 diocesano
1190 1173 1220 1230 di
1237 1174 1347 1232 Pistoia
1359 1174 1503 1232 dell'anno
1571 1173 1572 1176 ’

188 1253 193 1272 “
259 1251 348 1320 1786,
363 1251 394 1308 in
407 1252 574 1324 Pistoiaper
588 1251 653 1308 Atto
667 1251 778 1309 Braceli
790 1253 963 1325 stampatore
977 1253 1118 1310 vescovile
1133 1269 1185 1310 con
1200 1255 1423 1328 approvazione,
1434 1271 1504 1312 ciun
1571 1287 1572 1328 5

257 1323 463 1405 prohibitione
482 1331 616 1404 ejusdem
628 1330 702 1388 libri
715 1340 743 1388 et
756 1330 890 1390 utimum
904 1349 1164 1406 quomnneumque
1176 1334 1211 1392 in
1220 1335 1287 1407 ejus
1297 1335 1505 1408 desermioncm

262 1416 324 1467 tum
338 1412 448 1486 forsan
464 1411 617 1469 editorum
632 1428 725 1486 quum
739 1411 938 1487 inposterum
956 1415 1152 1472 edendorum.

546 1564 632 1634 Pius,
648 1565 822 1640 Episcopus,
838 1566 945 1622 Servus
957 1581 1104 1623 sorvorum
1118 1567 1183 1636 Dei,

349 1652 499 1711 Universis
514 1653 752 1711 christifidelibus
767 1653 891 1710 salutem
904 1656 933 1711 et
945 1655 1131 1728 apostolicam
1147 1655 1385 1714 benedictionem.

263 1808 415 1865 Auctorem
426 1808 520 1877 Fidei,
532 1811 561 1865 ct
573 1811 832 1866 consummatorem
840 1809 855 1864 J
858 1826 939 1867 esum
952 1810 1136 1884 aspicientes,
1146 1811 1287 1885 nosjubet
1295 1811 1453 1887 Apostolus
1465 1814 1507 1892 [a]
1571 1809 1572 1884 ᾗ

229 1888 330 1945 sedulo
351 1888 508 1959 recogitare
529 1889 643 1961 qualem
662 1892 856 1962 quantamque
872 1890 923 1947 ille
947 1892 1087 1948 sustinuit
1105 1907 1122 1948 a
1142 1892 1339 1964 peccatoribus
1356 1893 1508 1951 adversum
1571 1899 1572 1964 ᾗ

229 1969 418 2040 semetipsum
431 1968 697 2038 contradictionem,
714 1970 746 2025 ut
763 1986 799 2026 ne
817 1969 964 2027 laboribus
978 1973 1007 2028 ct
1024 1971 1161 2045 periculis
1176 1971 1325 2044 defatigati
1341 1973 1509 2030 deficiamus
1571 1969 1572 2040 ζ

229 2047 384 2120 aliquando
404 2047 510 2104 animis
533 2049 655 2118 nostris,
680 2065 808 2123 peneque
829 2051 1023 2108 concidamus.
1047 2053 1106 2108 Hac
1128 2050 1316 2109 saluberrima
1338 2054 1510 2125 cogitetione
1571 2069 1572 2096 ÷

230 2127 337 2184 muniri
352 2142 405 2182 nos
418 2142 451 2182 ac
464 2127 542 2184 refici
554 2129 615 2184 tum
624 2129 748 2186 maxime
764 2130 960 2187 necessarium
973 2133 1032 2199 est,
1048 2147 1114 2188 cum
1129 2131 1268 2189 adversus
1283 2148 1387 2207 corpus
1403 2135 1511 2208 ipsum·

230 2206 513 2280 methristi‚quod
522 2213 564 2264 est
574 2206 856 2282 Ecclesiolb)‚dirae
867 2210 951 2266 istius
961 2228 1147 2284 necunquam
1157 2212 1511 2286 desituraeconjurationis
1571 2209 1572 2276 ἐ

230 2287 321 2344 astus
337 2287 433 2343 acrius
450 2287 609 2345 exardescit
628 2305 635 2341 :
654 2291 718 2345 uta
734 2291 854 2346 Domino
870 2291 1036 2362 confortati,
1053 2296 1083 2349 ct
1101 2293 1132 2348 in
1152 2293 1279 2366 potentie
1298 2293 1414 2350 virtutis
1433 2298 1510 2369 ejus,
1571 2293 1572 2358 l

232 2369 313 2424 scuto
327 2365 407 2424 Fidei
423 2369 558 2441 protecti,
573 2368 706 2426 resistere
724 2370 869 2442 possimus
886 2371 916 2427 in
935 2371 982 2427 die
1000 2371 1091 2441 malo,
1108 2373 1138 2429 et
1151 2372 1248 2429 omnia
1260 2372 1318 2430 tela
1333 2374 1511 2447 iniquissimi
1571 2381 1572 2436 i

231 2448 316 2519 ignee
326 2446 493 2519 extinguere
508 2447 561 2522 (o).
574 2450 607 2504 In
622 2446 674 2505 boc
689 2465 758 2505 sane
772 2451 851 2506 motu
864 2452 1038 2523 temporum,
1050 2453 1081 2508 in
1091 2451 1144 2509 bac
1156 2469 1252 2509 rerum
1262 2454 1513 2527 perturbatissime
1571 2451 1572 2520 J

232 2527 433 2599 conversione,
448 2528 545 2601 gravis
559 2531 605 2584 est
624 2529 741 2602 quidem
762 2530 846 2587 bonis
867 2531 1000 2588 omnibus
1017 2535 1116 2588 contra
1130 2548 1230 2589 omnes
1244 2534 1383 2606 cujusque
1396 2537 1512 2605 generis

231 2608 381 2665 christiani
396 2608 523 2665 nominis
538 2609 636 2665 hostes
649 2607 814 2666 colluctatio
828 2610 977 2667 subeunde
990 2631 996 2667 :
1011 2612 1123 2683 grauior
1137 2613 1237 2680 nobis,
1253 2611 1372 2684 quibus,
1389 2630 1443 2688 pro
1454 2631 1514 2671 cre-
1571 2619 1572 2674 t

232 2688 292 2744 dita
310 2689 450 2745 Pastorali
471 2689 577 2745 nostrae
600 2687 790 2746 sollicitudini
815 2690 911 2762 gregis
934 2693 1022 2748 totius
1045 2708 1114 2748 cura
1137 2691 1390 2762 immoderatione,
1414 2695 1515 2768 maja·
1571 2705 1572 2778 ᾗ

233 2768 353 2824 cunctis
372 2767 548 2826 christianes
565 2768 734 2842 Retipionis
756 2768 838 2826 setus
857 2770 1009 2828 incumbit
1024 2772 1079 2845 (d).
1091 2774 1197 2829 Verum
1216 2773 1246 2828 in
1265 2773 1317 2829 hac
1335 2773 1399 2846 ipsa
1419 2775 1513 2832 oneris
1571 2789 1572 2828 3

234 2848 389 2918 gravitate,
398 2865 461 2922 quae
475 2848 605 2906 humeris
616 2849 723 2906 nostris
737 2850 872 2924 imposita
882 2853 941 2920 cst,
955 2851 1102 2926 portandi
1117 2868 1210 2909 onera
1224 2851 1365 2908 omnium
1376 2852 1433 2926 qui
1446 2872 1515 2928 pru·
1571 2873 1572 2922 5

234 2933 357 2996 uantur,
374 2944 430 2999 quo
448 2930 541 3000 magis
560 2930 668 2986 conscii
690 2930 772 2986 nobis
791 2947 892 2987 sumus
911 2931 1087 2988 infirmitatis
1107 2932 1231 3001 nostra,
1252 2948 1286 2989 ee
1309 2933 1465 2992 firmiorem
1486 2935 1514 2990 in

237 3022 317 3080 spem
332 3006 417 3077 erigit
430 3025 483 3065 nos
499 3009 529 3064 et
547 3009 677 3066 sublevat
695 3011 844 3083 apostolici
865 3010 987 3082 hujusce
1008 3012 1138 3068 muueris
1156 3011 1187 3068 in
1206 3028 1328 3086 persona
1346 3013 1423 3070 beati
1440 3015 1515 3071 Petri
1571 3047 1572 3060 κ

235 3085 377 3142 druinitus
387 3086 521 3144 instituta
535 3089 623 3157 ratio,
639 3091 685 3159 ut,
702 3091 751 3161 qui
765 3091 854 3147 semel
868 3090 972 3146 tradita
988 3091 1043 3148 sibi
1058 3108 1075 3149 a
1091 3091 1204 3149 Christo
1217 3090 1355 3150 Ecclesiae
1374 3095 1516 3166 guberna·
1571 3123 1572 3146 t

236 3165 302 3224 cula
317 3181 464 3239 nunquam
484 3167 674 3225 derelicturus
694 3173 769 3239 erat,
791 3171 855 3243 ipse
874 3170 1038 3244 spostolicae
1059 3172 1274 3244 gubernationis
1296 3188 1382 3230 onera
1401 3174 1435 3231 in
1456 3174 1515 3230 illis
1571 3177 1572 3208 f

236 3247 350 3320 portare
367 3262 424 3303 non
441 3247 600 3318 desineret,
612 3263 684 3321 quos
697 3250 725 3304 ei
739 3251 815 3306 Deus
827 3249 1014 3323 protegendos
1029 3255 1166 3326 perpetua
1185 3253 1368 3311 successione
1381 3269 1416 3311 ac
1433 3257 1516 3311 tuen-

238 3327 290 3384 dos
307 3325 436 3384 beeredes
448 3326 587 3384 dedisset.
1571 3331 1572 3390 f

274 3415 309 3471 Et
322 3413 352 3470 in
365 3413 446 3471 hisce
459 3414 576 3488 quidem
591 3416 745 3485 arumnis,
763 3432 826 3490 quse
841 3417 967 3491 undique
981 3418 1183 3488 circumstent,
1199 3420 1234 3476 ad
1247 3421 1415 3478 caeterarum
1430 3421 1518 3479 mole·
1571 3415 1572 3420 ’

240 3495 359 3550 stiarum
382 3493 461 3550 velut
482 3495 630 3552 cumulum
650 3497 788 3566 accessit,
812 3499 858 3567 ut,
878 3499 954 3555 unde
974 3501 1137 3574 oportuerat
1156 3516 1207 3556 nos
1225 3501 1361 3572 gaudere,
1379 3505 1516 3576 majorem
1571 3529 1572 3538 =

240 3574 308 3630 inde
330 3574 480 3632 tristitiam
502 3576 694 3634 hauriremus.
722 3577 840 3652 Quippe
856 3594 928 3635 canu
946 3578 1060 3651 uliquis
1080 3587 1281 3638 socrosancta
1303 3580 1446 3640 Ecclesia
1465 3581 1518 3640 Dei
1571 3587 1572 3600 ¹

239 3653 655 3728 prepositussutsnceruous
669 3657 794 3715 nomine
808 3657 913 3732 ipsum
928 3658 1041 3716 Christi
1051 3659 1200 3734 poputum
1212 3677 1231 3716 u
1245 3659 1367 3717 tramite
1378 3660 1519 3719 ueritutr's
1571 3707 1572 3712 κ

240 3731 277 3786 in
289 3749 423 3809 praeceps
432 3734 527 3793 duria
532 3737 745 3810 persuasionis
757 3738 876 3805 auertit,
890 3744 917 3794 et
930 3739 984 3796 boc
993 3739 1029 3794 in
1044 3739 1236 3810 amplissima
1247 3741 1325 3798 Urbe
1330 3760 1340 3810 ;
1350 3746 1418 3800 tum
1429 3743 1519 3816 piune
1571 3813 1572 3824 ἵ

242 3815 285 3864 est
294 3814 481 3882 pastinando
491 3815 684 3886 lamentatio,
701 3823 729 3873 st
742 3817 845 3890 major
857 3816 1029 3875 sollicitudo
1045 3819 1216 3877 adhibenda
1230 3819 1284 3895 (el.

277 3895 344 3956 Fuit
364 3920 434 3962 sane
452 3919 510 3960 non
531 3903 562 3960 in
585 3904 696 3963 ultimis
717 3905 821 3974 terris,
843 3921 942 3962 verum
969 3905 1000 3962 in
1024 3907 1119 3965 media
1139 3907 1205 3964 luce
1223 3908 1327 3978 ltalia,
1347 3909 1402 3966 sub
1426 3908 1518 3967 oculis

241 3972 342 4045 Urbis,
362 3984 392 4039 et
410 4001 498 4059 prope
512 3984 710 4058 Apostolorum
729 3985 846 4054 limina,
862 3985 922 4058 luit}
933 3986 1089 4060 Episcopus
1108 3987 1233 4062 duplicis
1245 3988 1324 4046 sedis
1346 3989 1453 4048 honore
1473 3990 1519 4046 in·

272 4225 311 4290 (α)
326 4231 372 4284 Ad
385 4237 464 4292 Hebr.
480 4259 516 4297 11.

269 4298 303 4362 lb)
320 4304 366 4354 nu
381 4309 479 4369 Coloss.
495 4332 514 4370 1.

268 4369 300 4430 (θ)
316 4371 363 4423 Ad
375 4379 470 4444 pres.
488 4403 522 4440 vr.

266 4436 306 4501 (d)
322 4441 351 4492 S.
368 4445 490 4518 Sinicius,
505 4459 700 4513 millinarium
716 4459 934 4513 Tamascaeasem
949 4461 1036 4528 epist„
1052 4461 1121 4528 apud
1137 4462 1269 4517 consent.

267 4508 300 4574 (θ)
318 4514 345 4566 S.
363 4519 520 4582 Coelcsttnus
534 4535 558 4599 1,
573 4535 646 4600 epist.
658 4549 707 4601 xn,
722 4533 791 4600 apud
804 4535 891 4588 coust.
