3216 5020
607 231 650 276 oc
673 231 891 276 vrerormus
1313 217 1375 276 231

109 343 233 424 ociando
250 343 391 424 praedam
411 341 573 405 necessitas
595 349 715 422 urgeat,
733 350 764 404 et
783 341 892 403 saltem
908 339 1103 422 probabiliter
1117 341 1198 402 absit
1216 359 1381 404 consensus

109 431 294 513 periculum.

149 524 183 582 2⁰
197 521 330 582 Modesto
345 519 454 582 saltare
468 518 515 580 vel
530 518 645 581 choreis
658 518 794 582 honestis
811 519 915 581 adesse
929 537 966 580 ex
978 518 1110 599 quadarn
1123 517 1317 591 necessitate,
1332 519 1380 580 rel

108 628 146 671 ex
161 613 261 670 status
277 607 326 670 sui
344 608 496 682 decentia,
516 607 583 670 sine
597 607 744 688 probabili
759 607 900 688 peccandi
919 606 1066 687 periculo,
1082 607 1204 669 nullum
1220 612 1266 669 est
1280 625 1381 688 pecca-

110 705 194 772 tcun;
211 695 286 777 quia
300 697 391 758 datur
402 695 481 758 ratio
496 695 647 758 sufficiens
658 701 777 776 peccata
793 696 939 770 aliorum,
955 695 980 756 si
996 713 1063 776 quac
1076 695 1154 767 sint,
1169 695 1379 776 permittendi.

109 784 188 847 Hinc
208 792 395 847 excusantur
415 804 433 846 a
451 791 585 864 peccato,
607 785 747 846 decenter
772 784 925 858 saltando,
941 784 1049 864 puellae
1070 783 1269 846 matrimonio
1288 783 1380 845 desti-

109 879 202 949 natae,
216 891 286 953 quea
298 892 316 935 a
330 873 444 936 choreis
457 873 490 934 in
505 873 594 935 domo
609 880 744 952 paterna,
761 873 809 934 vel
823 873 905 952 apud
916 873 1033 934 vicinos
1045 878 1098 933 aut
1113 879 1255 952 cognatos
1269 872 1379 945 ductis

111 961 215 1024 abesse
230 979 292 1023 non
308 968 451 1042 possunt,
466 962 513 1023 vel
529 961 722 1023 saltationem
736 979 874 1023 recusare
888 967 1062 1042 nequeunt,
1080 960 1156 1041 quin
1174 960 1380 1036 derideantur,

111 1050 158 1112 vel
175 1049 355 1131 parentibus
369 1057 424 1112 aut
439 1047 556 1130 sponsis
568 1049 650 1130 ipsas
665 1048 895 1130 requirentibus
909 1048 1099 1128 displiceant.

150 1145 185 1202 3⁰
197 1140 263 1200 hno
275 1138 419 1200 interesse
432 1137 547 1200 choreis
559 1137 707 1212 honestis,
718 1137 812 1200 etiam
823 1137 938 1218 absque
950 1137 1137 1212 necessitate,
1152 1137 1266 1200 secluso
1279 1143 1383 1198 tamen

110 1226 244 1308 periculo
258 1244 292 1288 ao
307 1225 435 1288 notabili
455 1227 611 1301 scandalo,
628 1234 659 1289 et
672 1226 707 1287 in
721 1226 766 1287 eis
780 1227 920 1298 decenter
932 1227 1056 1300 saltare,
1072 1244 1135 1288 non
1148 1226 1246 1288 solum
1262 1231 1384 1288 nonest

111 1314 254 1390 mortale,
270 1316 322 1376 sed
336 1314 422 1376 facile
433 1314 528 1376 etiam
539 1315 624 1378 omni
638 1321 757 1395 peccato
771 1332 876 1376 vacare
890 1320 998 1394 potest.
1016 1313 1221 1376 Inveniuntur
1233 1313 1316 1376 enim
1328 1313 1382 1376 ali-

112 1403 234 1485 quando
255 1402 331 1476 viri,
352 1411 383 1466 et
406 1421 468 1465 non
491 1422 559 1466 raro
582 1403 741 1476 mulieres,
762 1402 891 1483 quihus,
914 1403 1008 1464 etiarn
1027 1402 1061 1464 in
1080 1401 1196 1464 choreis
1217 1402 1299 1464 inter
1317 1421 1382 1483 per-

113 1509 202 1554 sonas
223 1491 335 1553 diversi
357 1510 463 1567 sexus,
484 1492 605 1554 nullum
626 1498 681 1553 aut
701 1492 787 1553 valde
801 1498 954 1553 remotum
975 1491 1146 1571 periculum
1168 1490 1323 1553 imminet.
1345 1490 1384 1554 lli

112 1587 216 1642 autem
235 1579 377 1661 quamvis
398 1598 417 1640 a
437 1579 650 1642 saltationibus
672 1579 868 1642 dissuadendi
890 1579 968 1651 sint,
993 1586 1095 1642 tarum
1113 1579 1326 1658 imprudenter
1344 1579 1382 1639 ab

112 1667 173 1730 illis
188 1667 351 1747 promissio
366 1668 484 1730 vitandi
499 1668 621 1731 choreas
639 1669 696 1730 sub
714 1668 911 1747 denegatione
929 1667 1129 1730 absolutionis
1144 1667 1326 1746 erigeretur.
1343 1702 1382 1711 -

113 1756 259 1818 Bouoter.

235 1901 430 1977 Quaeslta.

150 2033 222 2092 att.
237 2065 276 2074 ·-
289 2032 391 2105 Quian.
408 2035 440 2092 l⁰
455 2031 506 2092 Aa
521 2029 630 2091 haberi
645 2039 795 2111 toorpaoac
809 2029 901 2090 lieitoe
916 2033 1034 2110 possint
1047 2029 1161 2093 choree
1174 2049 1240 2091 eum
1253 2026 1365 2090 loreis?

153 2119 246 2199 Besp.
265 2116 355 2199 Nega,
370 2118 538 2198 generatim
558 2118 717 2199 loquendo.
735 2116 930 2198 Experientia
951 2117 1035 2180 enim
1054 2124 1188 2193 constat,
1206 2115 1384 2198 hujusmodi

112 2208 200 2269 ludos
212 2206 365 2268 illecebras
377 2224 442 2268 esse
453 2207 493 2268 ad
504 2205 676 2281 libidinem,
690 2213 721 2268 et
733 2224 857 2268 causam
869 2205 1018 2268 efficacem
1029 2206 1241 2287 impudicitiae.
1252 2205 1385 2268 Attende

111 2303 220 2357 tamen
238 2294 277 2356 ad
290 2295 388 2357 ‘varias
410 2295 671 2368 circumstantias,
688 2302 719 2357 et
737 2296 775 2357 ad
791 2293 943 2358 rationem
957 2295 1081 2377 majoris
1096 2296 1143 2357 vel
1159 2294 1289 2358 minoris
1305 2293 1383 2374 peri-

110 2382 189 2455 culi,
207 2383 288 2463 quod
302 2383 334 2444 in
348 2383 387 2444 iis
403 2383 527 2462 reperiri
545 2389 653 2462 potest.

150 2474 254 2546 Quae.
277 2475 310 2533 2⁰
331 2476 382 2533 Aa
401 2472 520 2554 possint
544 2471 656 2534 absolui
674 2473 728 2555 qui
749 2472 857 2534 nolant
874 2476 1053 2553 promittere
1079 2491 1111 2534 se
1131 2471 1255 2534 choreus
1276 2469 1383 2533 dereti-

112 2557 232 2622 curros?

150 2649 239 2731 Resp.
261 2653 294 2710 l⁰
310 2647 400 2728 Nep„
418 2647 443 2710 si
459 2648 520 2711 illis
539 2648 581 2711 sit
600 2649 714 2712 occasio
733 2649 875 2730 peccandi
894 2649 1048 2730 proxima,
1065 2655 1095 2711 el
1111 2647 1384 2711 indiscriminatim

113 2735 226 2799 choreis
243 2737 338 2804 etiam
352 2736 524 2799 inhonestis
538 2737 684 2800 interesse
701 2738 809 2800 velint.
826 2737 1015 2818 Impossibile
1029 2737 1115 2799 enim
1132 2743 1179 2799 est
1198 2736 1382 2816 generatim,

112 2824 288 2905 quempiam
308 2843 385 2904 saepe
402 2824 516 2887 versari
537 2824 657 2889 inistis
676 2824 836 2888 consortiis
855 2825 1018 2888 levissimae
1034 2831 1065 2887 et
1083 2825 1321 2906 corruptissima
1332 2827 1384 2906 ju·

111 2912 249 2975 rentutis
266 2913 428 2994 utriusque
442 2931 547 2989 sexus,
564 2919 595 2976 et
608 2913 730 2996 impura
749 2913 926 2994 contagione
941 2933 1004 2977 nou
1017 2913 1111 2976 infici.
1129 2913 1233 2974 -Ita
1248 2933 1379 2976 eommu-

112 3003 201 3064 m'ter.
537 3051 540 3056 .

150 3090 240 3171 Reap.
252 3094 284 3152 2⁰
294 3090 435 3171 affirm„
449 3091 628 3170 generatim,
647 3091 672 3153 si
688 3098 812 3153 tanturn
824 3089 940 3153 choreis
954 3090 1090 3153 honestis
1105 3091 1265 3165 intersint,
1277 3111 1307 3153 v.
1322 3109 1381 3171 gn,

112 3178 279 3259 siquando
298 3179 477 3241 auctoritate
496 3179 617 3258 publica
634 3180 835 3253 celebrentur,
854 3180 902 3241 vel
922 3179 956 3241 in
974 3178 1093 3258 nuptiis
1112 3186 1310 3259 cognatortun
1329 3184 1383 3240 aut

111 3267 296 3342 amicorum,
320 3266 482 3329 ueletiam
504 3267 553 3329 die
575 3267 651 3331 festo
672 3267 796 3331 Patroni
814 3266 886 3344 loci;
909 3267 943 3329 in
969 3267 1148 3349 hujusmodi
1168 3267 1303 3342 casihuS,
1327 3265 1382 3348 qui

112 3353 253 3436 impediri
274 3362 448 3436 nequeunt,
466 3355 673 3419 confessarius
693 3356 859 3436 prudenter
873 3355 1095 3430 dissimulabit;
1115 3355 1310 3437 nequeenim
1326 3354 1384 3416 hac

112 3444 146 3505 de
160 3461 252 3505 causa
265 3443 448 3524 prenitentes
463 3462 481 3506 a
495 3444 698 3506 Sacramentis
713 3444 889 3507 removendi
906 3451 990 3506 sunt.
1005 3480 1045 3489 -
1064 3445 1110 3506 lto
1124 3445 1269 3516 Boaoier,
1284 3443 1320 3504 de
1342 3441 1387 3504 VI

111 3531 262 3613 Praecpt.
278 3552 306 3594 c.
320 3551 364 3607 rr,
381 3540 441 3594 ort.
459 3537 493 3606 3,
510 3531 620 3593 etalii.

150 3622 251 3695 Quen.
269 3625 301 3684 3⁰
322 3621 371 3682 Aa
382 3624 502 3702 possint
522 3620 616 3701 focile
637 3620 752 3682 absolvi
770 3623 825 3702 qui
845 3619 999 3682 interdum
1023 3621 1137 3684 ducunt
1159 3620 1281 3682 choreas
1302 3623 1383 3682 inter

111 3717 250 3790 cognatos
269 3719 298 3771 et
314 3710 446 3771 anticos?

149 3797 243 3879 Hesp.
263 3799 289 3859 A
294 3797 404 3877 fficio,
423 3799 531 3860 saltem
549 3797 717 3878 generatim
736 3797 901 3878 loquendo,
920 3797 946 3860 si
962 3798 1075 3862 choreae
1094 3799 1169 3862 fiant
1188 3795 1382 3858 adstantibus

112 3885 170 3966 piis
189 3885 384 3966 parentibus,
400 3893 455 3948 aut
470 3887 539 3948 aliis
556 3885 610 3967 qui
624 3892 714 3950 atate
730 3891 762 3947 et
775 3885 914 3948 moribus
933 3887 997 3949 sint
1016 3885 1180 3967 conspicui.
1195 3885 1282 3947 Tales
1298 3883 1382 3946 enim

113 3973 176 4037 ludi
190 3991 254 4035 non
269 3973 413 4036 ridentur
429 3993 482 4062 per
496 3992 527 4036 se
541 3973 675 4054 graviter
687 3972 862 4054 periculosi,
879 3981 910 4037 et
922 3975 1046 4038 aliunde
1058 3976 1111 4036 vix
1125 3980 1180 4035 aut
1194 3991 1232 4034 ne
1247 3972 1299 4035 vix
1313 3971 1381 4054 qui·

111 4063 181 4124 dem
196 4061 340 4142 impediri
354 4069 497 4142 possunt,
512 4061 682 4142 praesertim
697 4081 768 4124 curn
782 4063 900 4125 nullam
914 4061 988 4126 mali
1004 4063 1132 4143 speciem
1149 4078 1211 4141 prae
1226 4080 1256 4123 se
1270 4060 1379 4123 lerant.

111 4151 235 4232 Excipe,
252 4149 314 4212 nisi
326 4150 418 4212 alicui
431 4149 526 4213 etiam
541 4149 584 4213 ihi
597 4150 737 4229 proxima
750 4150 832 4213 adsit
847 4151 990 4232 peccandi
1004 4148 1128 4213 occasio.

149 4241 251 4315 Quas.
272 4243 306 4302 4⁰
325 4241 392 4320 Aa,
412 4237 459 4302 oei
480 4257 615 4320 qaenam
636 4239 676 4300 sit
696 4237 784 4321 culpo
804 4238 1027 4322 apprehendere
1050 4257 1171 4302 monam
1192 4239 1329 4302 metieris
1351 4239 1382 4300 in

111 4327 254 4391 choreis?

149 4417 243 4499 Resp.
259 4435 272 4478 .·
286 4417 317 4478 Si
333 4415 577 4497 apprehendatur
598 4415 705 4478 leviter
721 4417 757 4478 de
775 4435 860 4479 more
878 4415 912 4476 in
931 4413 1046 4477 choreis
1064 4415 1215 4490 honestis,
1232 4417 1317 4480 nulla
1335 4422 1382 4479 est

110 4524 165 4585 per
180 4523 210 4568 ae
224 4505 327 4586 culpe,
344 4511 398 4567 aut
414 4505 453 4566 ad
468 4521 628 4566 summum
642 4504 771 4568 venialis
787 4511 848 4579 est,
865 4504 938 4584 quia
951 4502 986 4564 in
998 4503 1055 4566 hoc
1071 4505 1236 4584 generatim
1258 4505 1381 4568 nullum
