3206 5024
491 168 534 214 na
553 168 765 214 rnncnrrrs
785 169 965 216 nncanoer
1304 163 1373 228 323

137 281 223 343 Nunc
236 299 314 364 aare
332 284 491 343 materiam
506 277 592 341 illam
612 279 803 342 tractandam
820 281 1031 363 comedimur,
1046 283 1134 364 cujus
1148 283 1195 346 rel
1208 285 1303 348 solum
1321 309 1374 350 no·

102 389 165 433 enen
181 378 288 432 mentes
306 369 458 430 homimem
478 368 614 450 inficit...
635 367 759 431 Utinam
779 367 897 432 neotus
918 379 972 432 out
987 370 1136 433 obscurius
1157 373 1310 454 explicare
1326 396 1373 439 me

99 457 278 542 potuissem!
295 457 358 520 Sed
377 477 443 521 cum
466 457 530 520 bac
550 458 590 518 sit
606 458 797 540 frequentior
817 469 908 541 atque
929 459 1132 522 abundantior
1154 463 1374 542 confessionum

101 552 238 626 materia,
251 555 378 630 propter
396 567 485 628 quam
504 547 607 628 major
625 551 796 608 animorum
815 567 957 624 numerm
975 548 1017 609 ad
1036 549 1188 629 infernum
1208 551 1371 634 delabitur,

102 636 252 720 lincopia
265 637 341 698 mibi
354 637 432 715 facit,
444 635 485 698 od
499 638 729 698 instructionem
742 655 841 698 eorum
855 641 910 719 qui
923 637 1065 700 moralem
1079 639 1231 701 scientiam
1244 646 1376 723 cupiunt

102 725 262 802 addiscere,
276 735 309 786 ut
325 725 406 787 clarc
416 725 502 806 (licet
514 745 576 808 quo
593 727 759 787 castissime
774 725 844 807 fieri
856 727 974 808 potuit)
988 746 1034 789 me
1048 728 1245 810 explicarem,
1264 741 1292 792 et
1302 733 1375 815 plu·

101 818 179 876 rimo
185 813 391 897 particularia
403 814 592 877 discuterern.
610 814 671 877 Oro
687 823 785 876 tomen
798 814 947 876 studiosos
960 819 1016 897 qui
1029 815 1071 876 ad
1084 837 1192 878 munus
1207 818 1374 883 oudmndo·

101 923 166 964 rum
177 904 391 985 confessionum
403 921 435 965 se
445 911 573 985 parant,
587 911 622 964 nt
638 904 718 965 bunc
736 911 901 964 tractatum
917 904 1168 986 quemadmodum
1183 913 1214 968 et
1227 907 1323 971 altum
1338 910 1375 974 de

102 992 197 1054 debito
208 992 417 1076 cony‘uoati...,
430 991 534 1075 tepent
546 991 584 1054 ab
593 989 673 1053 bunc
685 994 771 1052 unice
780 991 887 1073 finem,
900 1011 1016 1054 omnem
1022 1012 1154 1075 prorsus
1167 999 1374 1062 curiositatem

102 1080 285 1162 objicientes,
305 1090 397 1164 atque
414 1101 448 1143 eo
469 1090 603 1163 tempore
623 1080 732 1163 sapius
746 1087 871 1142 mentem
890 1079 930 1144 od
942 1079 1039 1143 Deum
1057 1081 1186 1162 elevent,
1207 1094 1235 1146 et
1251 1085 1374 1167 Virgini

101 1169 299 1234 immaemaue
315 1189 375 1233 sese
389 1169 605 1243 commendent,
624 1189 675 1245 ne,
692 1170 763 1231 dum
776 1169 908 1230 oliorum
923 1171 1038 1232 animas
1052 1171 1115 1234 Deo
1129 1173 1248 1236 student
1266 1178 1373 1257 acqui-

101 1279 179 1336 rere,
193 1261 256 1342 ipsi
269 1280 393 1320 suarum
409 1259 621 1322 detrimentum
636 1261 812 1340 patiantur.

137 1353 188 1412 tn
198 1398 203 1410 .
214 1384 258 1396 -
274 1353 402 1413 Sextarm
415 1347 551 1428 Decalogi
565 1352 749 1429 preceptum
763 1345 903 1426 prohibet
916 1347 1086 1428 quarnlibet
1101 1349 1259 1414 luxuriam
1274 1357 1372 1416 exter-

100 1455 170 1499 nam
178 1487 185 1514 ‚
194 1439 225 1500 id
234 1444 283 1501 est
294 1456 381 1518 opere
392 1443 557 1518 patratam.
566 1473 605 1482 -
615 1441 738 1500 Nonum
750 1454 821 1498 vero
831 1441 1016 1516 preceptum
1028 1436 1271 1516 prohibetetiam
1280 1440 1372 1504 limu-

100 1526 175 1588 riam
190 1545 275 1590 mere
290 1526 463 1600 internam,
479 1523 652 1606 impudicas
666 1542 775 1604 nempe
790 1523 1016 1598 delectationes,
1034 1543 1068 1587 ac
1084 1525 1244 1588 desideria.

136 1617 275 1680 Luxuria
285 1620 331 1678 est
342 1615 538 1677 inordinatus
550 1613 703 1694 appetitus
715 1611 760 1674 rei
772 1629 922 1685 venerea,
934 1617 966 1674 et
978 1613 1118 1675 consistit
1129 1613 1163 1676 in
1175 1615 1372 1679 delectatione

103 1722 224 1768 venerea
243 1703 415 1767 voluntarie
433 1703 568 1765 admissa
581 1707 667 1764 extra
681 1699 927 1764 matrimonium.
944 1701 1104 1764 Delectatio
1123 1706 1226 1765 autem
1244 1721 1373 1767 venerea

102 1798 145 1854 est
157 1792 312 1857 delectatio
321 1799 388 1856 orta
400 1811 437 1854 ex
448 1789 650 1854 commotione
664 1788 832 1870 spirituum
845 1788 1034 1868 generationi
1045 1788 1293 1853 inservientium.
1304 1796 1372 1856 Non

102 1887 144 1942 est
155 1880 252 1962 igitur
268 1880 479 1944 contundenda
492 1896 565 1942 oum
579 1877 776 1941 delectatione
791 1895 875 1940 mere
889 1876 1042 1953 sensibili,
1059 1897 1128 1960 quea
1142 1879 1239 1942 oritur
1253 1899 1291 1942 ex
1303 1898 1372 1960 pro·

100 1971 237 2048 portione
256 1968 365 2049 objecti
388 1967 542 2031 sensibilis
562 1967 601 2029 ad
619 1983 744 2029 sensum
763 1966 912 2046 aliquem,
933 1985 963 2028 v.
981 1984 1039 2046 gn,
1056 1966 1164 2048 objecti
1179 1967 1311 2030 visibilis
1332 1968 1371 2032 ad

99 2055 216 2134 visum,
238 2055 383 2121 audibilis
402 2057 440 2119 ad
456 2055 618 2130 auditum,
634 2061 691 2118 etc.
710 2054 780 2118 Alia
798 2053 910 2117 idcirco
929 2061 975 2117 est
996 2055 1124 2118 materia
1145 2073 1199 2119 seu
1217 2055 1370 2138 objectum

97 2143 243 2222 luxuriae,
257 2145 317 2208 alia
326 2144 545 2208 sensualitatis.
554 2143 716 2207 Delectatio
727 2142 881 2206 sensibilis
895 2150 951 2206 aut
959 2144 1047 2225 culpa
1057 2151 1159 2220 vacat,
1172 2148 1226 2208 aut
1234 2145 1369 2222 veniale,

95 2233 204 2297 saltem
218 2235 399 2316 plerumque
412 2239 444 2298 et
452 2254 511 2317 per
523 2253 567 2312 se,
584 2252 647 2297 non
661 2233 787 2296 excedit.

133 2322 237 2385 Variae
256 2327 329 2386 sunt
346 2323 477 2387 luxurne
495 2320 625 2402 species,
640 2327 731 2403 prout
748 2320 870 2384 diversa
887 2328 962 2384 sunt
975 2323 1041 2402 ejus
1060 2321 1183 2404 objecta.
1199 2322 1249 2385 Sic
1268 2323 1367 2405 specie

94 2409 246 2474 differunt
269 2416 368 2475 tactus
392 2416 422 2474 et
444 2417 582 2492 aspectus
600 2408 765 2491 impudioi;
787 2416 873 2472 actus
893 2409 1036 2487 solitarii,
1054 2415 1085 2474 et
1104 2417 1190 2474 actus
1210 2429 1281 2476 oum
1300 2413 1369 2476 aliis

98 2497 238 2576 exerciti;
254 2503 339 2562 actus
355 2497 578 2574 consummati,
595 2505 626 2562 et
646 2517 708 2561 non
723 2498 946 2575 consummati;
968 2498 1044 2562 item
1063 2505 1148 2562 actus
1161 2502 1369 2564 consummati

95 2587 180 2664 iuxta
201 2592 366 2664 naturam,
382 2594 413 2651 et
430 2595 517 2651 actus
535 2585 741 2651 consummati
759 2589 864 2650 contra
882 2592 1038 2650 naturam.
1057 2591 1111 2652 Hm
1129 2595 1236 2651 antem
1254 2590 1367 2670 species

97 2674 168 2738 alias
182 2675 276 2738 etiam
291 2676 506 2740 subordinatas
522 2693 577 2740 seu
595 2675 753 2739 interiores
774 2675 887 2757 speeies
903 2674 961 2738 sub
980 2695 1012 2739 se
1026 2676 1202 2752 continent,
1219 2683 1257 2740 ut
1269 2696 1306 2740 ex
1320 2677 1368 2740 di·

97 2764 196 2826 cendis
209 2765 336 2845 patebit.

133 2853 269 2916 Luxuria
291 2853 350 2916 alia
373 2857 418 2917 est
437 2853 549 2916 directe
568 2852 712 2934 quesita,
727 2853 788 2916 alia
806 2851 957 2916 iruttrecte.
977 2851 1063 2916 Prior
1080 2851 1221 2930 habetur,
1242 2857 1364 2936 quando

96 2940 232 3022 voluptas
255 2942 386 3006 carnalis
408 2941 532 3023 praecise
554 2941 589 3004 in
609 2960 641 3004 se
658 2940 846 3016 intenditur;
867 2940 1014 3021 posterior
1031 2959 1117 3016 vero,
1139 2944 1260 3025 quando
1281 2943 1366 3009 aliud

96 3027 275 3108 intenditur,
298 3050 336 3094 ex
357 3049 417 3112 quo
438 3031 578 3110 voluptas
599 3029 729 3092 carnalis
754 3036 865 3111 preater
891 3029 1096 3092 intentionem
1120 3030 1305 3108 suboriatur,
1329 3037 1366 3098 ut

96 3115 127 3179 lit
150 3119 183 3182 in
201 3119 376 3200 aspectibus
398 3118 445 3182 vel
466 3117 648 3182 lectionibus
672 3117 778 3180 minus
797 3116 889 3182 castis
910 3135 947 3181 ex
964 3117 1139 3181 curiositate
1159 3119 1206 3183 vel
1225 3121 1284 3185 alio
1304 3122 1365 3185 fine

95 3203 216 3272 habitis.
662 3237 663 3240 ¹

210 3363 427 3445 Principia
448 3361 675 3444 ueneratio.

129 3543 198 3604 tm.
211 3577 252 3587 -
271 3544 294 3604 Ι.
311 3539 446 3605 Luxuria
464 3540 600 3621 cujusvis
619 3539 753 3621 generis,
775 3539 823 3602 vel
842 3538 967 3620 speciei,
984 3543 1031 3602 est
1042 3559 1100 3622 per
1114 3559 1144 3603 se
1157 3557 1248 3621 grave
1261 3557 1363 3622 pecca-

94 3630 168 3693 tum.
193 3630 284 3695 Ratio
304 3635 366 3706 est,
391 3635 425 3694 {⁰
448 3629 523 3711 quia
539 3629 673 3710 graviter
691 3632 808 3710 pugnat
825 3634 932 3691 contra
945 3632 1102 3691 naturam.
1117 3633 1198 3693 Usus
1211 3628 1295 3692 onim
1318 3630 1363 3693 rei

95 3731 223 3782 venerem
247 3737 284 3781 ex
306 3725 417 3782 natura
436 3737 493 3782 sua
515 3715 682 3781 institutus
705 3724 737 3780 et
756 3715 945 3780 necessarius
964 3723 1012 3780 est
1030 3718 1069 3780 ad
1086 3717 1182 3780 solam
1204 3735 1362 3781 conserva-

95 3802 206 3869 tionem
220 3813 252 3870 et
265 3807 512 3889 propagationem
526 3808 644 3888 generis
656 3805 805 3883 humani;
820 3824 883 3868 non
896 3812 995 3887 potest
1012 3805 1107 3886 igitur
1120 3805 1264 3887 usurpari
1277 3811 1364 3870 entra

95 3895 326 3960 matrimonium
340 3897 422 3979 (imo
436 3915 474 3959 ne
487 3897 522 3959 in
534 3895 734 3960 matrimonio
748 3895 875 3977 quidem
890 3894 952 3958 nisi
967 3893 1070 3958 debito
1083 3895 1189 3974 modo)
1202 3893 1267 3958 sine
1277 3895 1364 3977 gravi

95 3983 164 4045 recti
176 3985 293 4049 ordinis
307 3984 549 4067 perturbatione;
571 3990 604 4049 2⁰
620 3985 693 4066 quia
712 3983 770 4047 sub
785 3983 871 4066 gravi
893 4002 911 4046 a
929 3988 989 4048 Deo
1007 3989 1128 4046 naturae
1148 3985 1277 4047 Auctore
1294 4002 1364 4065 pro-

94 4065 223 4150 hibetur,
245 4081 283 4139 ut
299 4094 337 4138 ex
360 4073 533 4137 innumeris
557 4075 587 4137 S.
613 4073 779 4155 Scriptura
805 4073 879 4136 locis
901 4079 1037 4149 constat3
1060 4069 1103 4134 sic
1122 4073 1219 4134 Galat.
1241 4092 1272 4148 v,
1302 4078 1363 4138 tt:

95 4156 189 4239 Opera
201 4164 302 4226 cumis
316 4181 383 4246 quo
396 4170 465 4224 sunt
476 4161 655 4242 fornicatio,
667 4161 871 4236 immunditia,
885 4158 1095 4244 impudicitia,
1114 4159 1288 4236 luxuria„
1299 4180 1367 4244 quoe

91 4249 220 4323 predico
242 4253 323 4316 nobis
344 4251 421 4315 secut
437 4249 594 4333 madeat,-
615 4251 758 4333 quoniam
778 4251 835 4333 qui
853 4249 928 4312 tolio
946 4256 1058 4332 ayunt,
1079 4268 1205 4331 reqnum
1227 4249 1288 4314 net
1305 4271 1366 4313 non

94 4351 313 4421 coaequentur.

130 4425 166 4488 11.
191 4429 325 4494 Luxuria
348 4429 460 4494 ds'rectc
480 4429 654 4494 voluntaria
674 4429 708 4493 in
733 4428 842 4511 quovis
864 4447 971 4512 genere
994 4445 1156 4512 nunquam
1178 4430 1361 4512 parvitatem
