3168 5002
424 267 713 314 anorosrrrosuu
738 267 993 317 nsuvnrauuu
1308 256 1352 318 53

81 383 114 438 tis
129 381 157 436 id
172 380 250 454 quod
264 383 340 438 Deus
355 379 385 435 in
400 396 453 436 sua
468 379 596 436 Ecclesia
610 379 706 452 posuit
725 380 757 434 ut
774 379 804 435 in
823 395 858 435 ea
873 381 950 436 esset
967 375 1036 434 odor
1052 380 1134 449 vitae,
1151 383 1229 439 verbi
1244 386 1351 458 gratia,

81 465 164 520 bonos
174 460 283 531 libros,
299 461 518 530 instructiones,
529 461 628 516 sancta
640 459 784 533 exempla,
800 460 853 515 etc.

112 559 172 616 rou.
194 561 320 632 Tempus
336 557 525 630 deplorabile,
542 572 597 629 quo
615 555 741 612 creditur
754 556 887 612 honorari
902 557 979 612 Deus
994 560 1189 630 persequendo
1204 563 1351 620 veritatem

80 645 195 715 ejusque
210 640 387 714 discipulos!
404 644 528 714 Tempus
543 640 596 696 hoc
610 639 759 696 advenit...
778 639 881 696 Haberi
893 643 921 695 et
935 641 1050 696 tractari
1065 658 1082 696 a
1097 643 1253 714 Religionis
1268 647 1353 703 mini-

80 723 142 780 stris
161 727 299 793 tanquam
313 721 435 794 impium
454 721 483 776 et
496 719 646 792 iudignum
661 720 738 776 omni
753 720 923 776 commercio
937 735 1003 776 cum
1023 722 1096 790 Deo,
1116 725 1251 796 unquam
1268 743 1355 784 mem-

18 797 19 884 ]
80 804 157 859 brurn
167 801 315 875 putridum
328 817 417 874 capax
427 801 626 874 corrumpendi
641 800 739 856 omnia
753 800 783 856 in
798 800 934 857 societate
947 802 1124 871 sauctorum,
1137 807 1180 860 est
1189 806 1353 866 bominibus

18 887 19 892 ’
80 884 135 956 piis
150 884 237 938 morte
253 882 382 956 corporis
396 897 473 938 mors
483 879 647 937 terribilior.
659 881 776 937 Frustra
788 881 853 953 quis
864 881 919 936 sibi
932 881 1078 938 blanditur
1088 883 1125 940 de
1134 901 1250 942 suarum
1261 888 1354 946 inten-

82 964 185 1018 tionum
199 961 327 1036 puritate
341 964 371 1017 et
385 961 445 1018 zelo
462 961 583 1034 quodam
597 959 769 1032 Religionis,
785 962 982 1034 persequendo
1001 962 1116 1019 flamma
1131 966 1262 1038 ferroque
1276 969 1353 1026 viros

83 1043 192 1116 probos,
209 1043 236 1098 si
252 1042 367 1116 propria
381 1041 516 1115 passione
531 1045 576 1097 est
590 1043 827 1108 excaecatus,'aut
844 1042 980 1115 abreptus
991 1041 1102 1111 aliena,
1117 1049 1265 1119 propterea
1278 1051 1352 1122 quod

82 1123 146 1180 nibil
161 1122 226 1180 vult
237 1121 416 1179 examinare.
425 1123 600 1194 Frequenter
616 1121 759 1177 credimus
778 1121 939 1178 sacrificare
951 1125 1008 1178 Deo
1019 1123 1153 1197 impium,
1168 1131 1198 1182 et
1212 1129 1354 1186 sacritica-

81 1202 328 1260 mnsdiebololtei
342 1217 467 1260 servum.
955 1203 957 1208 '

110 1297 173 1356 rot.
192 1298 272 1355 Nihil
288 1298 404 1372 spiritui
419 1298 468 1354 Dei
484 1300 513 1353 et
531 1297 666 1353 doctrines
684 1297 751 1354 lesu
767 1297 873 1355 Christi
890 1299 981 1370 magis
997 1301 1158 1373 opponitur,
1175 1319 1260 1376 quam
1273 1321 1353 1362 com-

81 1380 279 1436 munialacere
291 1380 454 1450 juramenta
466 1378 495 1432 in
511 1377 638 1434 Ecclesia
655 1395 661 1433 :
681 1376 814 1448 quiahoc
829 1381 874 1434 cst
890 1378 1084 1451 multiplicare
1100 1383 1265 1442 occasiones
1280 1387 1354 1461 peie-

81 1460 171 1525 randi,
189 1459 305 1531 laqueos
323 1459 441 1515 tendere
459 1457 582 1514 infirmis
602 1459 631 1514 et
652 1456 766 1524 idiotis,
782 1459 811 1514 et
827 1458 941 1514 allicere
961 1462 993 1514 ut
1011 1475 1114 1516 nomen
1133 1465 1162 1519 et
1179 1465 1286 1523 veritas
1301 1469 1352 1526 Dei

81 1539 230 1612 aliquando
239 1539 404 1596 deserviant
412 1538 533 1595 consilio
547 1537 709 1610 impiorum.

111 1637 275 1694 Declarotec
294 1643 324 1692 et
344 1636 496 1692 clamanter
514 1637 650 1708 tanquam
675 1633 770 1702 lalsae,
795 1633 946 1707 captiosae,
968 1635 1043 1692 male
1063 1640 1213 1708 sonantes,
1239 1642 1351 1716 piarum

81 1718 188 1772 aurium
205 1717 366 1786 offensirae,
382 1714 574 1783 scandalosae,
591 1713 774 1789 perniciosae,
798 1715 971 1784 temerariae,
989 1713 1125 1773 ecclesie
1142 1720 1171 1774 et
1191 1721 1254 1792 ejus
1271 1725 1351 1796 praxi

81 1797 237 1870 injuriosae,
253 1813 348 1870 neque
364 1798 395 1854 in
415 1797 571 1854 Ecclesiam
591 1794 684 1851 solum
700 1794 853 1852 sedetiam
872 1795 903 1850 iu
918 1797 1188 1869 potestates-saculi
1206 1803 1353 1861 contume-

81 1877 170 1945 liosae,
188 1877 348 1946 seditiosae,
368 1877 479 1952 impiae,
498 1875 689 1949 blasphemae,
708 1875 849 1949 suspectae
868 1874 904 1932 de
922 1875 1042 1945 heresi,
1063 1893 1096 1933 ac
1116 1877 1240 1936 heresim
1259 1881 1352 1956 ipsam

82 1959 237 2032 supienteS,
254 1973 306 2014 nec
320 1973 378 2014 nou
388 1957 531 2014 haereticis
542 1959 570 2012 et
584 1955 744 2012 haeresibus
756 1971 789 2011 ac
798 1955 885 2012 etiam
896 1955 1043 2014 schismati
1054 1959 1198 2029 lavantes,
1210 1977 1351 2035 erroneae,

80 2037 179 2094 heresi
193 2038 346 2112 proximae,
362 2037 472 2112 pluries
487 2036 646 2104 damnatae,
661 2049 694 2091 ac
711 2035 825 2092 demum
845 2035 1003 2106 baereticae,
1020 2038 1172 2112 variasque
1184 2039 1309 2100 haereses
1323 2047 1352 2100 et

80 2119 258 2190 potissimum
281 2118 364 2186 illas,
386 2133 448 2189 quae
469 2115 499 2173 in
519 2115 637 2174 famosis
655 2114 784 2172 lansenii
805 2117 1067 2190 propositionibus,
1085 2119 1114 2174 et
1132 2120 1248 2193 quidem
1266 2123 1298 2179 in
1318 2140 1351 2182 eo

79 2214 165 2255 sensu
185 2200 214 2254 in
228 2215 282 2272 quo
300 2200 344 2254 hee
361 2197 501 2254 damnatae
516 2195 631 2253 luerunt
648 2196 788 2271 acceptis,
805 2197 996 2268 continentur,
1013 2199 1164 2256 manifeste
1182 2201 1351 2260 innovantes

77 2279 246 2353 respective.

624 2455 721 2512 Nun.
750 2455 805 2512 XV

143 2632 371 2708 Propositionce
382 2632 399 2689 5
411 2631 447 2689 de
460 2630 570 2702 duello,
585 2631 771 2688 damnatae
787 2631 944 2690 Benedicta
960 2632 1005 2689 XI
1010 2633 1044 2702 V,
1060 2633 1281 2694 Constitutrbrre

447 2721 666 2791 Detestabilem,
683 2727 748 2790 etc,
762 2720 797 2777 lo
812 2719 884 2778 Noc.
901 2720 980 2777 tvae.

113 2951 136 3006 l.
159 2951 206 3008 Vir
217 2949 371 3018 militaris,
385 2949 450 3022 qui,
461 2948 517 3006 nisi
527 2947 625 3006 oller-at
637 2947 682 3004 vel
695 2947 821 3020 acceptet
830 2947 973 3018 duellum,
985 2949 1120 3022 unquam
1134 2951 1348 3026 formidolosus,

76 3031 206 3102 timidam,
226 3031 371 3104 abjectus,
387 3030 416 3086 et
430 3029 465 3084 ad
479 3029 576 3086 officia
590 3027 729 3085 militaria
746 3029 861 3100 ineptus
875 3027 1036 3098 haberetur,
1051 3029 1175 3104 indeque
1186 3032 1281 3091 officio
1296 3052 1350 3107 quo

76 3127 107 3168 se
116 3127 242 3184 suosque
256 3111 400 3168 sustentat
416 3109 583 3183 privaretur,
602 3110 647 3166 vel
661 3109 845 3182 promotionis
864 3107 938 3166 alias
954 3108 1010 3166 sibi
1023 3109 1128 3168 debitae
1142 3127 1175 3168 ac
1188 3118 1349 3186 promerita

75 3209 123 3266 spe
141 3193 279 3266 perpetuo
298 3206 394 3248 carere
411 3190 540 3259 deberet,
558 3187 643 3262 culpa
657 3190 686 3245 et
699 3203 784 3262 poena
799 3191 927 3258 vacaret,
952 3188 1015 3246 sive
1031 3190 1130 3248 offerat
1149 3192 1210 3250 sive
1223 3197 1350 3269 acceptet

76 3271 213 3330 umbem.

107 3369 133 3424 ἱ).
155 3367 294 3426 Excusari
309 3369 428 3440 possunt
443 3367 529 3423 etiam
544 3365 661 3423 honoris
680 3365 778 3421 tuendi
794 3364 839 3422 vel
854 3364 987 3422 bumanae
1006 3367 1207 3441 vilipensionis
1227 3371 1349 3428 vitandae

75 3451 163 3518 gratia
172 3447 304 3506 duellum
312 3449 491 3521 acceptantes
500 3447 545 3504 vel
555 3446 590 3504 ad
603 3445 675 3504 illud
690 3446 888 3520 provocantes,
905 3446 1018 3518 qrmndo
1032 3451 1110 3505 certo
1119 3450 1216 3506 sciunt
1225 3465 1348 3522 pugnam

75 3545 127 3586 uon
142 3545 210 3586 esse
225 3530 404 3596 secuturam,
420 3529 518 3601 utpote
531 3527 568 3584 ab
582 3525 650 3582 aliis
665 3525 885 3599 impediendam.

106 3625 134 3682 3.
154 3627 218 3683 Non
233 3624 355 3681 incurrit
368 3622 579 3680 ecclesiastices
600 3637 699 3696 peenas
718 3621 754 3677 ab
772 3620 900 3680 Ecclesia
915 3623 1013 3679 contra
1030 3623 1190 3694 duellantes
1206 3623 1277 3681 latae
1291 3625 1348 3682 dux

73 3702 274 3842 pppepifflcialis
297 3703 426 3774 militiae,
442 3705 594 3778 acceptans
617 3700 746 3758 duellum
769 3717 805 3757 ex
828 3700 908 3772 gravi
925 3701 1010 3784 'metu
1030 3704 1197 3764 amissionis
1216 3703 1300 3760 tamne
1319 3709 1348 3762 et

106 3883 133 3938 l.
155 3881 281 3940 Licitum
295 3881 354 3950 est,
377 3880 407 3936 in
426 3881 503 3937 statu
525 3877 650 3936 bominis
670 3875 809 3947 naturali,
825 3879 974 3951 acceptare
992 3879 1021 3935 et
1042 3879 1128 3936 odere
1146 3876 1290 3951 duellum,
1310 3884 1346 3939 ad

73 3961 231 4056 servandas
246 3976 310 4017 cum
324 3961 432 4018 honore
447 3961 587 4031 fortunas,
603 3957 718 4032 quando
732 3958 790 4015 alio
808 3959 933 4016 remedio
947 3973 1045 4016 earum
1054 3961 1169 4038 jactura
1185 3960 1346 4033 propulsari

71 4045 275 4196 nepppssem
288 4138 405 4196 licentia
422 4152 473 4212 pro
492 4139 569 4195 statu
585 4117 725 4205 naturali,
745 4135 882 4210 applicari
900 4136 986 4193 etiam
1001 4135 1093 4210 potest
1112 4135 1200 4192 statui
1220 4137 1346 4196 civitatis

73 4222 145 4276 male
157 4219 421 4292 ordinatamque
433 4218 583 4288 nimirum,
594 4217 640 4275 vel
650 4216 824 4289 negligentia
837 4216 883 4274 vel
894 4215 1006 4274 malitia
1017 4215 1219 4290 magistratus,
1230 4219 1345 4294 justitia

70 4303 169 4373 aperte
183 4299 350 4371 denegatur.

105 4395 265 4454 Damnate
278 4412 315 4453 oc
323 4394 484 4471 prohibita
498 4395 633 4468 tanqmm
649 4392 743 4464 salsae,
760 4391 949 4461 scandaloeae,
962 4405 995 4447 ec
1008 4391 1188 4464 perniciose.
