3202 5020
189 225 258 285 172
718 237 926 283 raacrarus

189 352 306 414 decreta
328 348 394 431 ipsa
415 349 462 412 vel
483 349 628 430 rescripta
651 349 816 430 pontificia.
842 349 983 429 Obligant
1005 367 1075 428 ergo
1099 347 1130 407 in
1150 347 1300 410 similibus
1324 348 1458 428 casibus,

189 440 294 502 eadem
306 438 423 501 ratione
433 455 468 500 ao
481 437 507 500 si
519 457 537 499 a
551 442 631 518 Papa
644 437 822 500 immediate
833 441 1025 513 emanarent,
1038 437 1102 500 sire
1116 437 1236 499 accedat
1247 436 1306 512 eis,
1321 436 1385 500 sire
1399 457 1460 500 non

188 529 308 591 accedat
331 545 471 607 expressa
497 526 684 606 subsequens
706 526 860 588 Pontificis
884 525 1083 588 confirmatio.
1102 561 1143 571 -
1162 528 1286 589 Constat
1310 544 1347 587 aa
1369 525 1463 588 bullis

188 614 394 679 institutionis
421 617 471 677 SS.
491 614 781 696 Congregationum‚
803 633 837 676 ac
855 614 1024 696 praesertim
1045 632 1083 677 ex
1103 613 1229 677 constit.
1250 613 1331 676 sixti
1349 617 1376 676 V
1401 615 1466 677 Im-

188 723 300 783 mensu,
317 707 473 768 an.1588.

228 793 368 856 Advertit
395 792 430 855 S.
454 792 597 874 Ligurius
620 793 798 876 hujusmodi
825 792 1070 857 Declarationum
1095 791 1370 874 promulgationem
1396 793 1464 855 fieri
1580 829 1581 844 ÷

188 899 274 963 posse
291 881 454 962 multiplici
468 881 577 944 modo:
592 881 744 944 nimirum
765 882 830 946 sira
850 883 887 944 de
907 881 1029 962 speciali
1050 882 1194 944 mandato
1212 880 1380 954 Pontibus,
1398 881 1463 943 sire
1580 891 1581 896 ’

188 989 242 1052 per
259 988 352 1032 usum
368 968 506 1050 plurimu
524 989 692 1047 annorum,
707 971 755 1033 vel
769 969 915 1033 relatione
929 974 1089 1033 auratorum
1103 987 1153 1031 eas
1168 969 1372 1032 communiter
1388 969 1436 1031 rel
1452 1005 1464 1016 -

188 1058 324 1122 rentium
338 1070 361 1120 ¹.
375 1096 414 1104 —
429 1059 464 1122 S.
477 1059 547 1141 Liq.
562 1058 692 1122 Eteocle.
707 1060 854 1134 Retract,
870 1063 903 1122 i·
918 1061 1009 1138 serie,
1024 1079 1056 1142 p.
1071 1063 1101 1122 2.
1121 1093 1160 1106 -
1176 1058 1316 1138 Scuoiui,
1336 1057 1372 1120 de
1388 1058 1463 1140 Lep.
1581 1149 1582 1156 ἵ

188 1168 214 1211 c.
229 1167 275 1212 rr.
1581 1167 1582 1206 r

691 1312 907 1376 ARTIGULUS
926 1313 952 1372 Π

670 1467 712 1512 DE
746 1467 833 1512 LEGE
867 1467 983 1512 CIVILI

230 1614 299 1674 131.
313 1647 354 1656 -
367 1613 429 1673 Lex
446 1631 501 1675 seu
515 1615 568 1694 jus
584 1611 673 1676 civile
692 1618 738 1675 est
756 1610 888 1675 collectio
901 1612 1005 1691 legum
1019 1611 1067 1673 vel
1081 1612 1270 1674 decretorum
1283 1609 1466 1690 Principum

189 1698 418 1778 temporalium,
435 1700 548 1781 quihus
561 1703 599 1764 ad
613 1702 731 1764 bonum
745 1719 907 1765 commune
920 1699 1043 1762 societas
1055 1699 1208 1780 dirigitur.

230 1787 362 1867 Singula
377 1789 525 1865 nationes
540 1810 594 1853 seu
609 1789 846 1853 communitates
856 1789 995 1869 politicae,
1009 1786 1146 1870 proprias
1157 1787 1272 1850 habent
1285 1786 1375 1867 leges,
1393 1787 1470 1868 qui-
1583 1815 1584 1860 1

189 1875 248 1938 bus
261 1881 420 1956 regrmtur.
437 1879 495 1941 Sed
504 1881 558 1960 jus
571 1879 684 1960 duplex
704 1878 873 1959 praesertim
892 1876 1129 1957 distinguimus,
1144 1876 1277 1939 scilicet:
1294 1875 1467 1938 Romanum
1583 1873 1584 1916 ἶ

189 1983 244 2028 seu
267 1983 443 2041 commune,
461 1972 491 2029 et
512 1965 659 2029 Gallicum
678 1987 799 2041 novum,
820 1968 901 2048 quod
923 1967 1016 2028 etiam
1036 1965 1192 2028 nonnullis
1214 1963 1284 2028 aliis
1305 1964 1466 2045 guberniis

189 2071 302 2134 magna
316 2073 354 2117 ex
367 2062 454 2137 parte
466 2073 628 2119 commune
643 2060 698 2119 est.

230 2144 253 2203 I.
267 2142 325 2204 lus
338 2143 515 2206 Runauum.
530 2179 570 2189 -
583 2147 639 2207 lus
652 2149 827 2209 Romanum
846 2145 959 2208 dicitur
972 2163 1137 2216 1111111111,
1154 2143 1227 2224 quia
1239 2142 1305 2206 rim
1320 2141 1382 2205 lere
1394 2143 1468 2206 ubi-

189 2248 249 2310 que
265 2229 376 2292 habuit
390 2232 428 2294 ad
442 2238 547 2295 nostra
562 2251 660 2314 usque
674 2239 819 2315 tempora.
833 2237 940 2312 Magno
952 2241 1057 2296 autem
1071 2233 1106 2295 in
1119 2232 1232 2295 honore
1244 2250 1363 2313 semper
1376 2231 1467 2295 habi·
1584 2213 1585 2254 ³

189 2322 259 2381 tum
272 2324 333 2394 est,
350 2323 498 2400 tanquam
511 2321 718 2403 exquisitum,
732 2327 762 2384 et
773 2326 861 2403 quusi
874 2327 954 2385 ratio
969 2326 1095 2405 scripto.

229 2406 408 2470 Continetur
430 2408 465 2471 in
485 2409 677 2473 celeberrimo
695 2412 815 2486 Codice,
830 2430 884 2474 sou
903 2430 1023 2492 corpore
1039 2410 1123 2473 luris
1144 2409 1258 2486 ciuilis,
1272 2409 1352 2474 edito
1368 2411 1472 2473 lusti*

190 2494 278 2558 niani
286 2497 388 2576 jussu.
405 2499 466 2560 Hoc
481 2499 625 2562 volumen
638 2499 673 2562 in
687 2503 819 2581 quatuor
832 2505 933 2580 partes
948 2498 1155 2562 distribuitur.

230 2586 266 2646 In
281 2589 311 2646 1·
325 2595 417 2667 parte
440 2591 513 2648 sunt
533 2587 743 2651 Institutioues
754 2589 935 2662 lastiniani,
955 2607 1039 2669 quae,
1055 2587 1144 2668 quasi
1165 2587 1339 2651 rudimenta
1355 2591 1386 2648 et
1403 2587 1469 2649 ele·
1585 2565 1586 2608 ἢ

190 2680 294 2736 menta
306 2691 360 2754 pro
374 2674 527 2738 tironibus
541 2675 625 2740 luris
640 2677 754 2752 civilis,
769 2685 902 2759 quatuor
913 2675 1000 2740 libris
1015 2675 1221 2739 continentur.

230 2765 266 2825 In
277 2767 310 2826 i·
321 2773 411 2844 purte
425 2772 499 2827 sunt
514 2765 630 2848 dipesta
647 2785 700 2829 seu
714 2766 890 2842 Pondectu,
906 2785 975 2848 quae
986 2766 1021 2828 in
1036 2769 1074 2830 50
1091 2764 1184 2827 libros
1198 2764 1444 2827 distribuuntur.

230 2851 265 2912 ln
280 2856 312 2915 3·
327 2861 415 2934 parte
426 2856 472 2915 ost
485 2854 587 2928 codex,
602 2862 728 2918 vocatus
742 2857 888 2939 Repetite
900 2854 1110 2938 protectionis,
1125 2853 1160 2915 iu
1174 2857 1210 2916 tu
1225 2853 1318 2916 libros
1329 2851 1466 2917 divisus

230 2942 266 3002 ln
277 2946 311 3004 1·
324 2941 873 3023 11111111111111681111111111
883 2963 936 3007 seu
948 2943 1095 3018 Nouellae,
1108 2960 1177 3023 quse
1189 2942 1346 3005 numeriae
1357 2941 1468 3005 ordina

189 3028 400 3109 designantur.

230 3120 402 3181 toa-11.
418 3119 473 3181 lus
489 3119 650 3186 Gallicum.
663 3157 704 3170 -
714 3127 770 3187 lus
784 3122 932 3186 Gallicum
945 3138 1062 3184 uorum
1076 3139 1094 3182 a
1106 3119 1210 3202 paucis
1222 3118 1312 3182 annis
1326 3119 1465 3196 exsistit3

189 3206 284 3270 Gallia
306 3207 391 3270 enim
410 3209 547 3272 maxima
574 3230 613 3274 ex
639 3216 723 3292 parte
746 3213 816 3292 jure
843 3209 1096 3272 communiente
1122 3207 1300 3290 Napoleonis
1326 3215 1469 3289 tempora

189 3295 358 3375 regebatur.
373 3301 429 3361 lus
443 3317 561 3362 novum
574 3299 749 3363 continetur
760 3299 794 3362 in
806 3299 905 3362 codice
918 3298 1009 3378 vulgo
1023 3297 1102 3360 dioto
1120 3296 1199 3360 Cede
1212 3295 1380 3378 Nepoleou.

229 3384 370 3468 Quinque
391 3390 464 3448 sunt
485 3387 570 3450 illius
593 3395 712 3469 partes,
734 3407 788 3451 seu
808 3387 923 3451 codices
946 3384 1165 3467 particulares:
1182 3391 1214 3448 1ο
1233 3387 1325 3448 redux
1345 3386 1467 3463 ciuilis,

188 3475 221 3534 2⁰
236 3474 328 3536 codex
332 3493 487 3556 proceram
496 3476 593 3538 ciuilis
607 3477 660 3559 (da
673 3478 836 3557 procedure
850 3475 968 3557 civile);
981 3480 1013 3540 3ο
1024 3475 1118 3538 codex
1128 3478 1299 3537 commercii
1303 3499 1317 3548 ;
1327 3479 1360 3539 κ’
1371 3477 1469 3540 codex

190 3562 396 3625 instructionis
412 3565 578 3627 criminalis
582 3589 596 3638 ;
609 3571 642 3630 5⁰
656 3567 748 3629 codex
762 3565 900 3648 poenolu.
917 3565 971 3626 His
990 3571 1181 3628 accesserunt
1197 3565 1300 3645 plures
1317 3564 1370 3627 alii
1383 3563 1469 3628 codi-

188 3667 235 3712 ces
252 3651 400 3726 minoreS‚
415 3651 605 3735 minorisque
620 3655 768 3718 momenti
781 3673 788 3716 :
800 3673 911 3736 nempe
922 3655 1015 3717 codex
1028 3653 1175 3715 siluarum
1193 3653 1282 3734 (codo
1293 3653 1464 3736 forestier),

187 3773 227 3784 -
241 3741 334 3804 codex
345 3761 489 3823 aprorum
504 3742 590 3823 (code
603 3744 714 3826 rural),
730 3745 822 3807 codex
837 3743 998 3825 municipii
1014 3742 1103 3824 (code
1118 3741 1314 3824 municipal),
1331 3747 1387 3805 etc.
1404 3747 1466 3807 Res

187 3827 326 3909 singulae,
342 3829 377 3892 in
388 3829 518 3910 singidis
532 3832 686 3894 codicibus
698 3838 861 3907 mannia,
878 3831 913 3893 in
927 3831 1034 3894 breves
1048 3835 1079 3894 et
1089 3831 1184 3894 claros
1198 3830 1342 3893 articulos
1356 3830 1465 3894 distri-

186 3915 337 3995 buuntur,
357 3918 556 4001 numerisque
573 3919 703 3984 arabicis
721 3920 908 3992 indicantur,
934 3919 1061 4000 ideoque
1081 3917 1225 3982 facillime
1242 3919 1462 3982 inveniuntur.

185 4005 314 4086 Insuper
334 4009 441 4070 mirlta
460 4014 534 4072 sunt
552 4009 645 4089 leges,
666 4027 735 4089 quae
753 4008 787 4071 in
805 4007 919 4073 tabulis
939 4008 1029 4088 vulgo
1051 4006 1140 4072 dictis
1160 4007 1300 4071 Bullelin
1317 4007 1370 4070 des
1392 4007 1463 4084 lob,

185 4092 397 4160 inscribuntur
410 4103 441 4161 et
454 4102 658 4161 asservantur.

217 4315 228 4350 ¹
245 4316 393 4369 0111111111
403 4315 500 4370 estlera
509 4317 697 4382 theologorum
711 4321 737 4369 et
750 4317 947 4370 canonistarum
961 4318 1088 4370 aenuutla
1099 4317 1298 4370 declarationem
1307 4316 1374 4382 legis
1386 4317 1465 4369 inter·

183 4385 339 4450 pretatlram
349 4387 552 4454 promulgatlone
563 4402 616 4442 nou
624 4387 740 4453 indigere
753 4393 783 4440 ut
794 4388 905 4454 obligat,
921 4389 943 4440 sl
957 4389 1165 4454 comprobaniem
1178 4388 1210 4440 stt
1223 4394 1310 4441 utnon
1324 4389 1461 4440 ostensiva

187 4455 296 4523 (suma,
310 4471 337 4509 u.
355 4460 437 4522 111);
456 4471 562 4512 sensum
578 4460 648 4511 euim
662 4460 775 4526 explicat
793 4459 858 4524 legis
877 4460 1077 4525 precursurus,
1094 4472 1188 4511 ueram
1203 4463 1293 4511 autem
1307 4460 1393 4525 legem
1410 4471 1460 4510 uon

184 4529 322 4582 statuit-
333 4531 365 4582 V.
381 4529 562 4593 Reiffecrtuel,
574 4531 598 4580 J.
614 4531 714 4584 Canon.
730 4531 838 4582 Prooem.
853 4545 880 4583 n.
895 4535 952 4585 131.
