3202 5020
230 236 298 296 l80
762 247 969 292 rnaesarus

227 359 379 424 vertentia
402 357 516 420 mentis
534 363 565 420 et
583 375 747 419 consensus
762 357 939 420 voluntatis.
957 361 1001 422 Ac
1016 365 1048 422 1⁰
1067 359 1192 440 quidem
1210 359 1380 440 requiritur
1393 361 1500 422 adver-

228 450 322 512 tentia
337 447 451 510 mentis
469 447 506 508 ad
528 445 697 520 malitiam,
713 447 787 528 quia
806 447 923 510 malitia
943 448 1057 528 peceati
1076 467 1138 510 non
1157 452 1254 528 potest
1268 467 1332 510 esse
1346 448 1502 528 objectum

225 537 407 611 volrmtatiS,
434 534 494 598 nisi
518 553 573 614 ope
595 534 767 596 intellectus
799 535 901 616 aliquo
926 535 1019 598 modo
1041 543 1263 616 cognoscatur:
1291 537 1388 618 e'pnoti
1415 537 1501 599 enim

225 625 310 687 atella
325 624 454 706 eupido;
470 629 502 686 2⁰
519 621 689 703 requiritur
705 641 870 685 consensus
889 631 1026 705 exparte
1045 625 1229 701 voluntatis;
1245 631 1403 706 peceatum
1415 626 1499 688 enim

225 715 381 776 uoluntate
398 712 565 794 perficitm,
578 712 669 791 juxta
691 711 768 774 illud
788 713 896 774 blatth.
918 731 1010 788 mun,
1034 716 1073 776 te
1087 733 1094 774 :
1110 713 1156 776 De
1176 714 1262 776 eorde
1284 717 1364 774 enim
1387 725 1501 776 exeunt

224 803 417 884 cogitationes
431 800 533 879 mele,
554 799 706 860 adulterio
716 847 724 872 ,
735 804 790 861 ete.
804 837 844 845 —
859 799 964 862 Recole
977 801 1059 863 dieta
1075 802 1196 864 dedet.
1210 801 1290 863 bem.
1310 823 1342 864 a.
1358 807 1377 865 3
1393 813 1497 885 etseq.

265 895 305 953 De
319 898 449 972 utraque
463 890 520 952 hac
533 887 707 950 conditione
721 888 854 950 breviter
866 891 1030 969 agendum.

624 1093 651 1160 l.
673 1093 720 1160 Dc
733 1092 946 1160 adverteaa'a
958 1093 1094 1160 mettis.

366 1253 589 1336 Principia.

265 1391 333 1450 til.
350 1421 389 1431 -
404 1387 427 1446 l.
445 1385 492 1447 Ad
506 1391 665 1465 peceatum
685 1385 801 1446 actuale
818 1383 988 1464 requiritur
1006 1383 1172 1446 necessario
1187 1383 1289 1463 aliqua
1306 1383 1504 1446 advertentia

222 1475 360 1538 actualis.
384 1478 545 1553 Repugnat
567 1471 651 1535 enim
674 1472 831 1536 hominem
855 1489 988 1552 peceare,
1005 1472 1082 1552 quin
1105 1471 1208 1552 aliquo
1228 1473 1318 1535 modo
1338 1473 1385 1534 vel
1403 1472 1503 1534 hicet

222 1583 319 1638 nune,
337 1563 384 1626 vel
398 1562 431 1623 in
447 1579 551 1635 causa,
569 1562 678 1623 saltem
697 1564 729 1621 ia
744 1561 883 1640 confuso,
899 1561 936 1622 ad
956 1567 1113 1640 peecatum
1132 1560 1281 1622 advertat.
1301 1560 1394 1621 Nihil
1410 1561 1502 1624 enim

222 1653 361 1730 uelitum,
392 1651 583 1731 quiescerit
608 1653 839 1731 praecognitam.
865 1649 978 1711 —lta
1001 1652 1249 1727 coramunissime,
1279 1653 1325 1710 eit
1345 1649 1498 1728 Ιᾷαονοίῖε,

222 1763 253 1802 u.
269 1746 317 1804 16.

262 1827 483 1892 contradicunt
501 1827 627 1906 quidem
645 1827 760 1908 aliqui,
777 1827 937 1888 asserendo
952 1825 1086 1890 sufficere
1103 1828 1141 1890 ad
1158 1831 1317 1907 peecatum
1335 1827 1500 1888 aduerten-

223 1918 298 1980 tiam
326 1916 501 1989 virtualem,
532 1934 586 1977 seu
610 1920 890 1997 interpretativum,
916 1933 984 1995 que
1007 1915 1042 1978 in
1067 1935 1101 1978 eo
1129 1914 1277 1977 consistat
1300 1915 1381 1996 quod
1403 1914 1501 1978 homo

221 2007 327 2068 deleat
340 2011 370 2068 et
381 2008 476 2086 possit
489 2005 655 2079 advertere,
675 2004 818 2084 quamvis
840 2003 1002 2065 actualiter
1013 2022 1074 2066 uon
1090 2005 1239 2066 advertat.
1257 2040 1296 2047 -
1312 2003 1362 2064 Ito
1377 2001 1498 2082 Callet,

222 2095 369 2170 Carecina,
385 2101 441 2156 ete.
458 2127 500 2138 -
514 2092 572 2154 Sed
584 2093 649 2156 bec
663 2092 816 2155 sententia
831 2091 993 2172 rejicienda
1007 2099 1063 2154 est.
1081 2091 1206 2154 Etenim
1220 2091 1299 2154 nibil
1317 2097 1501 2172 potestesse

220 2184 366 2256 volitum,
383 2182 444 2244 nisi
466 2200 500 2244 eo
515 2182 604 2244 modo
619 2189 649 2244 et
671 2189 806 2261 tempore
825 2187 946 2261 quaest
961 2180 1138 2260 cognitum:
1155 2180 1280 2242 effectus
1295 2181 1378 2242 enim
1393 2197 1497 2243 causae

220 2271 401 2334 voluntarie
418 2289 479 2333 non
498 2277 573 2332 sunt
587 2269 767 2344 voluntarii,
785 2269 847 2331 nisi
859 2270 981 2350 quando
1000 2269 1048 2331 rel
1067 2269 1286 2344 determinate,
1304 2270 1351 2331 vel
1370 2267 1497 2332 mnfuse

221 2362 329 2422 saltem
346 2364 579 2440 cognoscuntur.
596 2361 755 2421 Peccatum
769 2357 864 2438 igitur
882 2358 997 2438 absque
1011 2357 1073 2419 ulla
1091 2356 1202 2420 actuali
1220 2357 1392 2436 cognitione
1409 2375 1494 2418 ecm-

220 2449 352 2512 missum
365 2455 411 2510 est
425 2467 507 2510 mere
525 2447 692 2509 materiale.
709 2451 767 2510 Nee
787 2445 891 2508 dicant
909 2445 985 2508 illud
1003 2463 1068 2508 esse
1085 2445 1213 2508 forsitan
1231 2445 1440 2508 voluntarium
1458 2450 1495 2506 in
1597 2439 1598 2454 ³

220 2557 335 2600 cama:
350 2555 424 2600 nam
452 2536 480 2599 si
506 2535 567 2598 fuit
586 2552 657 2598 vere
684 2535 897 2598 voluntarium
924 2532 958 2595 in
984 2551 1089 2610 eausa,
1114 2540 1187 2596 tunc
1211 2533 1377 2596 necessarie
1400 2531 1498 2597 affuit
1596 2561 1597 2615 q

219 2627 322 2708 aliqua
348 2625 495 2706 cognitio,
512 2643 546 2687 aa
566 2624 692 2704 proinde
718 2630 793 2686 tunc
813 2629 987 2703 peecatum,
1005 2622 1032 2684 si
1050 2639 1113 2686 non
1132 2624 1233 2704 quoad
1251 2620 1495 2698 exsecutionem,

218 2717 318 2796 quoad
337 2712 604 2777 voluntarietatem
622 2713 732 2775 saltem
751 2719 782 2776 et
794 2711 827 2774 id
846 2730 906 2794 quo
920 2709 1090 2774 formaliter
1104 2711 1313 2786 constituitur,
1329 2710 1415 2791 plene
1425 2712 1499 2792 jam
1595 2703 1596 2727 ¹

218 2803 350 2865 exsistit.
1594 2811 1595 2839 ¹

257 2893 294 2952 ll.
308 2890 484 2953 Voluntatis
509 2897 613 2953 motus
638 2887 874 2971 primo-primi,
897 2907 1008 2970 nempe
1029 2886 1085 2970 qui
1107 2888 1302 2970 preveniunt
1324 2887 1497 2969 quamlibet
1593 2921 1594 2949 r

217 2977 345 3041 rationis
357 2978 623 3053 deliberationem,
639 2982 670 3042 et
688 2977 856 3041 eliciuntm
875 2985 1043 3058 antequam
1057 2979 1234 3040 attendatur
1248 2977 1286 3040 ed
1300 2974 1408 3058 objecti
1422 2995 1496 3040 con-

217 3066 407 3129 venientiam
430 3082 502 3130 oum
524 3067 628 3146 regula
646 3083 785 3140 morum,
803 3083 927 3146 prorsus
944 3065 1032 3146 culpa
1051 3072 1165 3129 carent.
1185 3064 1289 3138 Ratio,
1307 3065 1395 3146 quia,
1416 3085 1496 3146 qua-

217 3162 309 3218 tenus
334 3154 583 3219 deliberationem
615 3155 745 3240 rationis
767 3161 799 3218 et
826 3153 1051 3218 advertentiam
1084 3155 1122 3218 ad
1156 3153 1304 3218 moralem
1338 3153 1494 3218 malitiam

217 3243 425 3324 preveniunt,
442 3262 496 3306 neo
514 3243 682 3307 voluntarii
700 3249 776 3306 sunt
794 3262 850 3306 neo
863 3243 968 3319 liberi,
983 3250 1014 3306 et
1028 3249 1247 3325 consequenter
1265 3242 1400 3306 formalis
1423 3261 1493 3324 pea-

217 3331 277 3394 eati
292 3337 365 3395 sunt
379 3339 527 3413 expertes.
543 3334 589 3394 Ita
602 3331 730 3412 theologi
740 3351 857 3396 omnes.
1589 3325 1590 3336 ’

256 3423 307 3483 m.
327 3423 426 3484 Motus
440 3420 610 3483 voluntatis
632 3421 898 3502 seeundo-primi,
915 3421 970 3502 qui
990 3421 1103 3484 scilicet
1121 3419 1158 3483 ad
1177 3419 1340 3501 aliqualem
1364 3419 1493 3484 rationis

217 3527 310 3572 usum
325 3515 565 3590 consequuntm,
582 3508 748 3572 eliciuntur
771 3517 876 3572 tamen
899 3529 970 3572 aum
989 3509 1075 3572 lenm
1099 3509 1329 3584 tantummodo,
1345 3507 1491 3585 obscura,

216 3605 245 3660 et
268 3597 444 3679 imperfecta
467 3597 506 3658 ad
528 3598 666 3677 regulam
690 3615 814 3661 mamm
838 3598 1044 3674 advertentia,
1069 3597 1104 3660 iu
1127 3597 1263 3678 qualibet
1287 3597 1382 3660 etiam
1405 3599 1493 3678 grati

215 3687 346 3750 materia
368 3693 443 3750 sunt
461 3686 561 3748 solum
584 3690 744 3766 peccatum
766 3686 894 3749 veniale.
912 3685 1015 3762 Ratio,
1040 3685 1114 3768 quia
1134 3684 1284 3766 ejusmodi
1306 3693 1392 3748 actus
1416 3693 1494 3749 sunt

215 3775 388 3856 imperfecte
404 3773 492 3838 liberi
506 3779 536 3835 et
552 3774 650 3836 solum
665 3772 930 3850 semi-deliberati;
945 3775 1079 3855 adeoque
1092 3779 1214 3854 propter
1228 3773 1492 3854 imperfectionem

214 3869 299 3928 aetus
313 3883 331 3926 a
344 3863 429 3945 gravi
442 3863 531 3943 crrlpa
544 3870 739 3926 excusantur.
757 3865 803 3924 lta
817 3862 930 3943 pariter
943 3863 1117 3925 commrmis
1130 3862 1350 3942 theologorum.
1400 3889 1404 3896 ·

354 4041 564 4106 Resolves.

255 4173 287 4230 1⁰
305 4169 482 4247 Ignorantia
498 4167 653 4232 vineibilis
669 4165 748 4229 eirea
768 4173 955 4248 preceptum
976 4167 1099 4249 aliquod
1113 4173 1159 4230 est
1173 4175 1346 4248 peceatum,
1363 4173 1395 4231 et
1409 4169 1444 4234 in
1459 4188 1492 4233 re

214 4255 299 4334 gravi
317 4263 498 4336 potestesse
517 4274 623 4338 grave,
640 4256 667 4319 si
686 4255 871 4336 negligentia
890 4256 1034 4319 notabilis
1052 4256 1166 4320 fuerit:
1182 4256 1276 4334 ratio,
1293 4257 1367 4338 quia
1387 4259 1494 4322 amaris

212 4343 262 4404 lex
285 4344 399 4424 obligat
420 4345 522 4425 primo
547 4346 586 4408 cd
609 4343 660 4408 sui
683 4344 844 4420 notitiam,
861 4351 891 4408 et
914 4345 1041 4426 proinde
1064 4345 1198 4408 violatur
1220 4349 1408 4426 preceptum
1429 4365 1493 4411 non

212 4431 311 4494 solum
334 4439 509 4513 peractum
530 4433 590 4516 ipsi
609 4433 803 4516 appositum,
832 4434 883 4496 sed
904 4433 998 4496 etiarn
1016 4453 1069 4515 per
1091 4433 1298 4498 voluntariam
1315 4437 1383 4517 ejus
1403 4436 1494 4518 igue

211 4520 356 4583 rentiam.
