3168 5002
179 144 224 206 ts
598 159 721 204 sensns
748 158 1019 204 cunouonoercs

180 269 270 324 riores
286 283 341 324 non
356 268 559 339 repraesentent
570 267 694 342 amplius
708 285 754 325 res
767 268 931 338 sensibiles,
947 270 1022 327 unde
1038 270 1097 326 sint
1110 285 1143 326 ac
1158 270 1183 326 si
1198 285 1254 326 non
1266 273 1372 343 essent,
1384 273 1456 344 quia
1566 299 1567 326 t

180 364 237 405 non
251 346 421 420 perveniunt
431 348 467 404 ad
481 347 643 406 iaciendum
658 348 732 421 quod
747 348 911 406 intellectus
924 366 957 406 se
970 350 1005 408 ad
1020 365 1069 407 eas
1081 350 1215 424 applicet.

217 434 261 492 bl.
277 435 437 505 Theologus
448 434 586 492 minorem
601 436 818 509 dispositionem
833 437 920 494 babet
933 454 1019 511 quam
1031 438 1114 494 homo
1126 437 1205 495 rudis
1218 437 1253 494 ad
1269 439 1375 494 statum
1388 453 1458 494 con·

181 514 360 587 templativi:
374 514 466 588 primo
485 515 627 588 quianon
646 515 733 572 babet
747 516 846 573 Fidem
867 517 938 574 adeo
959 533 1073 592 puram,
1090 517 1217 574 secundo
1239 518 1308 590 quia
1328 534 1385 574 uon
1411 520 1459 575 est

181 596 252 652 adeo
267 593 400 663 humilis,
416 596 500 652 tertio
514 596 583 668 quia
597 612 655 654 non
673 596 744 652 adeo
758 597 838 654 curat
858 597 1000 672 propriam
1019 597 1155 666 salutem,
1171 601 1271 670 quarto
1285 599 1353 670 quia
1367 599 1458 672 caput
1566 601 1567 676 l

181 675 315 732 refertum
329 673 415 730 habet
426 674 691 748 phantasmatibus,
708 676 874 750 speciebus,
889 677 1087 752 opinionibus,
1103 677 1132 734 et
1150 678 1410 751 speculationibus,
1429 679 1458 735 et
1566 679 1567 706 ³

182 771 239 811 non
254 757 348 828 potest
360 755 391 811 in
403 754 486 812 illum
501 756 612 828 ingredi
626 773 724 814 verum
738 756 846 814 lumen.

218 841 261 897 65.
283 842 446 916 Praepositis
460 842 651 900 obediendum
667 846 711 900 est
729 845 759 900 in
777 844 931 914 exteriore,
944 845 973 899 et
990 843 1112 900 latitudo
1123 845 1181 901 soti
1199 843 1371 901 obedientia
1385 844 1459 902 reli-

183 925 328 997 giosorum
343 927 539 984 tantummodo
551 927 588 984 ad
601 929 728 984 exterius
742 927 929 1002 pertingitis
940 928 1149 984 interiorevero
1160 928 1244 984 alites
1255 945 1287 985 se
1298 942 1345 984 res
1358 927 1458 999 babet,

184 1022 239 1080 quo
255 1006 336 1064 solus
346 1009 422 1064 Deus
437 1010 467 1063 et
479 1007 603 1064 director
614 1008 732 1065 intrant.

220 1091 265 1149 66.
279 1094 350 1150 Risu
364 1093 451 1164 digna
463 1095 509 1151 est
520 1111 593 1151 nova
610 1095 739 1168 quaedam
754 1095 882 1152 doctrina
897 1095 928 1150 in
942 1094 1070 1152 Ecclesia
1082 1095 1241 1166 Dei,.quod
1255 1095 1352 1152 suiuus
1364 1095 1460 1168 quoad

185 1173 330 1230 internum
342 1173 496 1246 gubernari
509 1174 613 1232 debeat
625 1176 661 1232 ab
674 1177 830 1250 Episcopo:
841 1175 915 1248 quod
929 1175 954 1230 si
969 1175 1127 1248 Episcopus
1136 1191 1192 1232 non
1205 1175 1243 1232 sit
1252 1191 1351 1248 capax,
1360 1175 1460 1232 anima
1566 1181 1567 1252 t

184 1255 281 1326 ipsum
303 1270 368 1310 cum
390 1271 442 1312 suo
462 1254 602 1313 directore
623 1255 714 1312 adeat.
735 1259 841 1313 Noram
860 1255 923 1312 dico
942 1255 1117 1312 doctrinam:
1132 1257 1199 1328 quia
1217 1271 1269 1312 nec
1287 1270 1370 1312 sacra
1383 1255 1461 1314 Scri-

184 1335 281 1408 ptura,
301 1350 354 1391 nec
377 1334 519 1405 concilia,
533 1351 585 1391 nec
610 1351 748 1405 canones,
764 1352 816 1392 nec
840 1334 941 1406 bullae,
957 1351 1009 1392 nec
1034 1335 1147 1404 Sancti,
1168 1351 1220 1392 nec
1241 1337 1373 1392 suctores
1395 1351 1460 1391 cam
1566 1331 1567 1408 ξ

185 1430 312 1486 unquam
324 1415 511 1480 tradiderunt,
526 1431 578 1472 uec
589 1416 701 1472 tradere
714 1417 835 1488 possunt
845 1435 852 1471 :
864 1417 932 1488 quia
943 1415 1074 1474 Ecclesia
1082 1431 1139 1472 non
1149 1415 1260 1488 judicet
1273 1415 1309 1473 de
1323 1414 1461 1486 occultis,

186 1494 323 1551 stenima
334 1494 383 1567 jus
398 1495 484 1551 habet
497 1495 622 1566 eligendi
636 1511 844 1568 quemcumque
856 1496 913 1553 sibi
930 1497 1003 1552 bene
1015 1495 1120 1554 visum.

222 1581 256 1636 67
261 1626 266 1637 .
280 1581 380 1638 Dicere
398 1581 471 1654 quod
492 1581 635 1639 internum
654 1583 896 1641 manifestandum
916 1583 962 1640 est
982 1583 1113 1640 exteriori
1133 1581 1271 1640 tribunali
1294 1582 1461 1656 praeposito·

188 1677 266 1730 rum,
281 1662 308 1716 et
323 1662 396 1734 quod
409 1663 557 1734 peccatum
572 1663 611 1718 sit
626 1663 654 1719 id
669 1679 726 1719 non
741 1663 846 1733 Iacere,
862 1665 907 1720 est
923 1663 1076 1720 manifesta
1090 1662 1237 1736 deceptio:
1250 1662 1316 1734 quia
1329 1661 1463 1718 Ecclesia
1566 1713 1567 1732 ,

83 1739 89 1756 ’
188 1757 245 1797 non
256 1742 366 1814 judicat
380 1743 415 1799 de
432 1742 552 1800 occultis
565 1764 572 1800 z
585 1745 614 1800 et
628 1743 751 1818 propriis
766 1744 917 1800 animabus
931 1743 1118 1818 praejudicaut
1131 1743 1178 1800 hia
1195 1741 1415 1816 deceptionibus
1434 1741 1463 1797 et

189 1820 435 1880 simulationibus.

224 1907 269 1966 68.
278 1911 310 1966 In
325 1910 432 1966 mundo
445 1925 502 1966 non
513 1910 559 1966 est
572 1910 693 1968 facultas
706 1927 757 1968 nec
768 1909 933 1983 iurisdictio
947 1912 983 1967 ad
998 1908 1220 1984 praecipiendum
1234 1909 1267 1965 ut
1277 1909 1464 1966 maniieeteu-
1566 1923 1567 1982 p

191 1989 237 2044 tur
250 1988 380 2061 epistolae
393 1989 541 2046 directoris
556 1991 648 2062 quoad
662 1991 806 2048 internum
821 1991 926 2048 enimse
936 2011 943 2047 :
953 1992 982 2049 et
994 1992 1057 2048 ideo
1069 2007 1142 2064 opus
1155 1992 1201 2046 est
1215 1989 1461 2056 animadvertere,

191 2068 265 2141 quod
279 2069 333 2125 boc
347 2069 393 2126 est
406 2068 533 2126 insultus
549 2071 670 2140 satanae,
685 2070 739 2128 etc.

226 2156 384 2212 Damnata
404 2157 538 2229 tanquam
559 2156 715 2228 baereticae,
734 2159 888 2231 suspectae,
905 2174 1046 2225 erroneas,
1063 2157 1253 2227 scandalosae,
1269 2156 1460 2230 blasphemae,

191 2235 304 2310 piarum
319 2237 433 2292 aurium
447 2237 601 2308 eliensivac,
615 2239 783 2310 temerariae,
799 2239 963 2296 christiane
982 2237 1142 2312 disciplinae
1156 2237 1320 2296 relaxatius
1339 2240 1367 2294 ct
1385 2252 1463 2296 ever·
1566 2305 1567 2324 Χ

103 2399 105 2404 Ι
182 2317 275 2386 'sivae,
291 2317 320 2372 et
334 2315 478 2374 seditiosa
492 2318 663 2390 respective.

754 2427 842 2484 Nus.
861 2425 902 2484 XI

268 2553 494 2628 Propositioues
510 2555 526 2610 ⁶2
541 2554 691 2612 mannate
707 2555 742 2612 ub
757 2554 936 2612 Alexandro
956 2554 1044 2623 VIII,
1058 2555 1173 2612 decreto
1186 2553 1392 2612 sanctissimus

539 2637 676 2693 Dominus
690 2638 798 2707 noster,
811 2639 877 2704 etc„
892 2634 927 2692 at
940 2636 1019 2710 Auo.
1036 2633 1117 2692 1690.

229 2763 255 2819 l.
272 2765 388 2820 Bonitas
408 2764 548 2837 objectiva
567 2765 700 2821 consistit
722 2765 751 2820 in
770 2763 968 2821 conuenientia
987 2764 1090 2837 objecti
1109 2778 1174 2819 cum
1193 2763 1295 2818 natura
1307 2757 1464 2817 rationali:

194 2843 404 2913 formalisvero,
413 2845 443 2901 in
454 2845 650 2902 conformitate
662 2847 743 2902 aetus
758 2861 823 2901 cum
838 2844 937 2917 regula
952 2860 1073 2902 morum.
1085 2844 1127 2900 Ad
1142 2844 1195 2899 hoc
1210 2840 1325 2910 subicit,
1338 2843 1370 2897 ut
1384 2842 1465 2897 actus
1566 2875 1567 2926 p

195 2923 313 2979 moralis
327 2925 424 2981 tendat
439 2925 469 2981 in
485 2925 571 2983 finem
586 2924 721 2983 ultImum
737 2926 972 2998 interpretative:
988 2940 1061 2980 susc
1076 2939 1152 2980 nouo
1168 2937 1221 2980 uos
1234 2938 1358 2979 munros
1371 2935 1465 2977 suurn
1566 2969 1567 2992 ,

195 3018 285 3066 ssous
299 3019 328 3060 m
342 3020 482 3062 rnrucmro
495 3021 583 3069 sucus
596 3023 623 3062 m
635 3021 760 3064 oucuusu
770 3021 842 3062 surm
856 3021 914 3063 sus
929 3019 1075 3061 uonracrs.

231 3089 388 3148 Declaratur
406 3099 433 3149 et
447 3093 593 3150 wmaata
607 3093 649 3150 uti
664 3094 807 3151 haeretica.

231 3180 257 3237 E.
283 3180 433 3236 Peccatum
452 3180 681 3255 philosophicum
700 3199 750 3238 seu
775 3180 883 3236 morale
908 3181 952 3236 est
975 3179 1057 3235 actus
1079 3177 1224 3234 humanus
1243 3175 1464 3232 dIsconreniens

196 3260 306 3317 naturae
326 3258 459 3315 rationali
487 3261 516 3316 et
540 3263 624 3316 rectae
648 3262 750 3317 rationi
764 3279 771 3318 :
786 3259 977 3330 theologicum
1005 3273 1072 3314 uero
1098 3259 1127 3313 et
1157 3255 1277 3312 mortale
1301 3257 1346 3312 est
1371 3256 1467 3311 trans·
1566 3270 1567 3334 p

193 3339 308 3410 gressio
330 3338 422 3395 libera
442 3339 545 3396 divinae
568 3340 652 3411 legis.
676 3339 926 3414 Philosophicum,
951 3338 1136 3411 quantumvis
1162 3353 1263 3408 grave,
1286 3337 1316 3391 in
1339 3334 1391 3391 illo
1417 3331 1465 3405 qui
1566 3341 1567 3386 t

196 3421 287 3476 Deum
299 3417 345 3475 vel
364 3419 476 3490 ignorat
496 3419 542 3476 vel
561 3419 597 3477 de
617 3421 673 3476 Deo
695 3421 760 3476 actu
782 3435 839 3474 uon
861 3418 982 3488 cogitat,
997 3419 1042 3474 est
1056 3433 1143 3489 mave
1161 3417 1325 3489 peccatum,
1342 3413 1392 3471 sed
1409 3427 1466 3468 non
1566 3410 1567 3470 3

197 3502 243 3557 est
264 3501 374 3558 otieusa
396 3501 447 3555 bei
471 3517 565 3573 neque
587 3503 735 3574 peccatum
763 3497 883 3556 mortale
908 3497 1071 3556 dissolvens
1096 3495 1252 3554 amicitiam
1280 3494 1346 3564 Dei,
1374 3507 1467 3565 neque
1566 3541 1567 3571 ἦ

197 3581 304 3638 aeterna
317 3596 402 3654 pmua
415 3579 544 3652 dignum.

233 3667 391 3726 Doctorots
403 3673 431 3722 et
442 3669 589 3724 damnata
607 3667 649 3724 uti
667 3667 850 3735 scandalosa,
866 3633 1032 3732 temeraria,
1049 3663 1161 3736 piarum
1181 3663 1294 3719 aurium
1313 3660 1466 3748 effessius,
1566 3657 1567 3738 l

200 3749 229 3804 et
246 3765 375 3808 erronea.
401 3745 490 3806 Illum
507 3747 671 3820 effinoesrot
686 3765 746 3820 pro
767 3765 822 3804 suo
841 3745 923 3802 libito
942 3743 1117 3812 simetrius,
1136 3743 1260 3816 suisque
1282 3743 1468 3799 accusares
1566 3781 1567 3832 ,

201 3825 386 3887 calaenae'oee
405 3829 442 3885 cte
456 3844 541 3884 more
561 3825 710 3882 attribuit.

738 3952 839 4010 Nou.
868 3951 930 4008 XII

274 4049 498 4156 Proposittones
507 4083 540 4140 31
557 4081 709 4138 damnatas
719 4079 757 4136 ab
770 4077 946 4136 Alexandro
967 4077 1049 4148 VIII,
1063 4078 1177 4136 decreto
1193 4075 1403 4133 secretissimus

557 4162 696 4222 Dominus
710 4161 817 4229 noster,
835 4164 902 4230 cta,
917 4159 934 4216 7
947 4158 1014 4216 Dee.
1030 4157 1111 4216 1690.
1279 4163 1283 4170 ’

239 4282 265 4339 l.
286 4285 319 4340 ln
347 4283 424 4340 stetu
442 4286 551 4343 nature
572 4285 660 4358 lapsae
683 4283 720 4340 ad
743 4282 890 4357 peccatum
913 4279 1031 4337 formale
1049 4281 1078 4336 et
1099 4277 1269 4335 demeritum
1293 4275 1400 4333 sufficit
1418 4270 1468 4329 illa

204 4363 340 4433 libertas,
356 4379 412 4437 qua
430 4365 624 4422 voluntarium
648 4381 681 4421 ac
699 4363 822 4420 liberum
843 4361 898 4418 iuit
920 4361 952 4418 in
976 4377 1062 4418 eausa
1085 4375 1152 4428 sua,
1177 4357 1293 4431 peccato
1318 4350 1467 4428 originali,
1566 4355 1567 4412 ὲ

205 4446 234 4502 et
247 4444 393 4502 uoluntate
407 4445 507 4502 Adami
521 4445 675 4518 peccantis.
