3206 5024
204 235 273 296 366
735 245 943 293 cancrurns

204 360 287 442 quod
312 377 350 423 ex
370 358 518 421 mmmem
538 377 594 419 essi
620 357 758 421 sumitur
775 377 829 439 per
849 359 978 422 modum
995 363 1103 440 potus,
1120 375 1183 422 non
1201 376 1273 422 vero
1286 377 1339 441 per
1352 359 1480 424 modum

206 448 284 527 cibi,
301 455 338 512 ut
351 448 411 524 lac,
427 453 484 510 ctc.
499 479 541 496 -
554 446 591 510 S.
611 446 683 529 Liq.
699 467 731 509 a.
748 451 838 514 toti.

327 577 522 655 Quaestta.

214 712 316 812 'titt
335 742 377 753 -
398 708 499 782 Quen.
525 710 558 769 1ο
584 705 637 768 An
663 705 766 768 uinum
796 705 838 768 od
858 705 970 787 samem
994 705 1158 770 mdaudom
1182 705 1320 768 baustum
1352 707 1479 792 srmoqct

199 795 431 969 jamma
446 883 643 967 probabilius.
664 883 754 948 Ratio
768 891 830 961 est,
844 883 918 965 quia
932 885 980 948 lex
990 884 1102 966 jejunii
1119 883 1257 966 precipit
1275 890 1400 948 tanturm
1413 886 1480 948 abs-

208 973 373 1039 tinentiam
385 993 404 1036 a
417 974 500 1051 cibo,
517 991 580 1037 non
597 979 701 1036 autem
718 979 841 1054 apotu,
859 979 890 1035 et
904 976 996 1055 juxta
1006 975 1037 1036 S.
1053 973 1215 1049 Thomam,
1232 973 1263 1034 ie
1281 977 1315 1048 t,
1337 973 1407 1036 dist.
1424 980 1475 1050 16,
1588 989 1589 994 ’

206 1087 237 1148 q.
253 1070 286 1142 3,
302 1072 363 1126 art.
379 1067 414 1140 t,
430 1083 461 1145 q.
478 1068 513 1137 1,
531 1061 690 1124 Strictim
705 1060 778 1142 ieyis
791 1062 932 1144 positive
949 1082 1009 1123 noo
1026 1061 1153 1124 attendit
1170 1062 1365 1125 intentiorem
1383 1063 1477 1126 obcer-

206 1155 318 1224 cantis,
336 1151 388 1215 sod
400 1153 498 1235 ipsum
512 1159 625 1230 actum,
640 1169 673 1212 eo
685 1149 766 1232 quod
780 1149 884 1212 modus
898 1150 1022 1213 virtutis
1035 1171 1097 1212 coo
1111 1151 1201 1214 cadat
1214 1151 1247 1212 in
1255 1161 1417 1234 precepto,
1429 1153 1481 1216 red
1589 1223 1590 1230 ¹

204 1252 246 1307 est
259 1243 332 1326 ficis
338 1241 494 1324 precepti.
507 1275 548 1286 -
563 1238 599 1302 S.
622 1239 705 1321 tiu,
722 1259 753 1300 n.
771 1243 866 1315 tote,
882 1249 911 1302 et
925 1240 1198 1304 oliicommum'ter.

244 1335 344 1408 Quen.
357 1335 392 1396 2⁰
404 1331 455 1394 An
468 1327 756 1412 franqotjq‘ueium
764 1339 852 1411 potus
867 1328 941 1391 coici
955 1337 984 1392 et
996 1329 1095 1393 thoe?

245 1422 335 1504 cup.
357 1419 435 1502 Nec.
460 1417 665 1501 probabilius,
686 1416 750 1481 nisi
774 1417 874 1480 nimia
895 1417 1030 1481 sacchari
1053 1417 1138 1499 copia
1160 1417 1384 1496 admisceatur;
1407 1421 1477 1502 quia

204 1513 269 1575 bec
282 1527 345 1573 non
358 1509 472 1572 babent
485 1513 631 1570 naturam
645 1505 720 1580 cibi,
737 1507 789 1569 sed
803 1511 893 1588 potus
906 1507 954 1570 vel
971 1507 1141 1571 medicinae.
1156 1543 1196 1554 -
1212 1507 1264 1570 Ito
1282 1512 1477 1572 communias.

206 1635 249 1648 -
272 1598 307 1662 S.
325 1597 409 1680 Liq„
432 1617 464 1658 o.
490 1599 584 1670 toea,
606 1595 732 1675 loquens
755 1601 880 1658 tantum
902 1597 939 1660 dc
960 1597 1030 1658 tbca
1048 1595 1138 1672 dicit,
1158 1614 1241 1672 eam,
1257 1596 1358 1677 posita
1375 1599 1478 1661 restri-

206 1689 305 1752 ctione
328 1687 417 1751 modo
439 1685 545 1759 allata,
564 1683 756 1766 probabilius
776 1683 928 1748 rationem
945 1691 1036 1766 potus
1055 1684 1176 1748 habere.
1193 1684 1324 1748 Videtur
1341 1686 1425 1750 idem
1442 1689 1478 1751 de

206 1777 294 1842 careo
307 1776 475 1838 tenendum
487 1791 562 1836 esse.

247 1870 374 1930 191-
391 1868 494 1940 Quinc.
515 1867 547 1926 3ο
566 1863 617 1925 Αη
638 1862 766 1944 francet
778 1863 937 1944 jejunium
955 1871 1043 1944 potus
1059 1882 1146 1946 oquoe
1165 1863 1309 1926 soocboro
1334 1865 1480 1929 imaum
1590 1845 1591 1872 ¹

205 1955 254 2019 vel
270 1976 286 2018 e
303 1955 395 2017 sueoo's
415 1970 576 2016 aureorum
595 1959 649 2014 out
667 1951 831 2014 citreorum
846 1949 996 2014 motorum
1011 1952 1122 2032 effector
1138 1951 1332 2034 (icinoaades,
1349 1953 1475 2030 sorbete,

228 2045 316 2123 loces,
328 2042 419 2124 etad?

204 2066 225 2127 9
245 2135 334 2216 Hesp.
351 2131 497 2213 Neoper
511 2147 557 2208 se,
573 2127 663 2192 idest
676 2127 739 2190 nisi
752 2147 899 2208 magnam
917 2146 1024 2192 eorum
1043 2129 1225 2194 substantia
1244 2130 1362 2212 copiam
1372 2130 1476 2194 immi-

207 2241 303 2298 sceas,
320 2239 388 2302 quae
401 2218 553 2282 rationem
566 2216 627 2280 cibi
638 2217 750 2280 babere
763 2225 932 2281 censeatur.
951 2252 992 2264 -
1005 2217 1055 2279 Ita
1067 2221 1269 2282 communiter
1282 2237 1355 2282 cum
1374 2219 1399 2283 S
1403 2268 1410 2281 .
1423 2221 1478 2282 Li-

205 2333 284 2394 qor„
301 2308 375 2371 ibid.
389 2343 429 2353 —
442 2306 531 2371 Ratio
544 2310 599 2380 est,
616 2304 690 2388 quoia
702 2305 883 2369 haecomnia
895 2324 932 2368 ex
944 2307 1102 2370 communi
1114 2308 1318 2372 aestimatione
1331 2315 1480 2391 tanquam

205 2399 341 2482 potiones
354 2397 518 2471 habentur,
535 2394 599 2457 sive
614 2393 678 2457 sint
691 2393 824 2476 liquida,
841 2394 905 2458 sive
916 2395 986 2476 gelu
1000 2400 1147 2459 concreta.

245 2493 346 2566 Qunu.
363 2489 396 2549 t⁰
411 2485 462 2548 Aa
472 2484 554 2568 potio
568 2483 714 2546 oboooloti
725 2481 854 2564 [renuat
860 2483 1038 2566 jejunium?

245 2578 338 2660 Itesp.
354 2577 381 2638 A
386 2577 489 2656 fflrm„
507 2572 534 2634 si
547 2572 711 2653 pinguem,
727 2571 778 2634 uti
797 2589 863 2634 mos
880 2579 926 2634 est
945 2579 1031 2635 extra
1049 2579 1171 2655 tempus
1184 2573 1306 2656 jejunii,
1323 2574 1382 2638 tibi
1397 2593 1478 2656 pree·

204 2669 275 2731 boat
286 2663 501 2729 nutritionem.
514 2695 556 2706 -
569 2659 647 2742 Neo.
667 2679 738 2723 vero
756 2661 784 2722 si
798 2661 917 2724 modica
933 2661 1250 2743 chocolat‘nquantitus
1267 2669 1423 2742 sumatur,
1445 2671 1478 2727 et

204 2747 431 2820 semeltan'tum
447 2750 481 2813 in
496 2750 545 2814 die
564 2749 628 2812 fiat.
643 2748 731 2813 Ratio
751 2768 789 2812 ex
803 2750 936 2829 generali
953 2753 1173 2815 consuetudine
1186 2751 1353 2814 deducitur.
1371 2789 1412 2798 —
1429 2753 1481 2816 lto

204 2845 239 2907 S.
254 2846 323 2926 Liy.
342 2863 374 2904 n.
394 2843 485 2905 1613.
500 2875 540 2886 -
556 2841 704 2915 Quaenam
718 2839 875 2918 quantitas
894 2839 977 2901 sumi
991 2843 1113 2920 potest?
1129 2840 1209 2904 Dicit
1229 2843 1259 2902 S.
1275 2842 1402 2917 Auctor,
1416 2860 1481 2904 non

205 2933 310 2996 minus
324 2947 418 3012 quam
436 2928 562 2992 unciam
575 2945 647 2990 cum
665 2926 795 2989 dimidia
815 2927 961 2990 cbocolati
979 2928 1014 2990 in
1032 2929 1152 3011 cyathis
1167 2929 1330 2992 ordinariis
1346 2929 1481 2993 immitti

203 3022 311 3096 solere;
328 3019 371 3081 sic
391 3017 476 3080 enim
497 3035 536 3080 ex
557 3033 642 3079 more
665 3015 703 3077 ab
722 3015 854 3078 Ecclesia
870 3017 1010 3090 tolerato,
1033 3024 1065 3080 et
1085 3037 1104 3080 a
1121 3018 1182 3099 piis
1199 3018 1341 3082 fidelibus
1362 3022 1480 3082 serrato

203 3106 407 3174 communiter
427 3105 494 3168 fiori
516 3105 601 3168 solet.
627 3109 693 3168 Non
721 3104 811 3184 pauci
838 3111 960 3181 autem,
980 3105 1153 3170 imminuta
1172 3107 1321 3170 chooolati
1337 3108 1480 3188 predicta

204 3197 393 3281 quantitate,
405 3211 516 3275 panem
531 3212 585 3274 pro
600 3198 667 3255 rata
678 3192 886 3256 substituunt.
903 3197 945 3256 At
959 3213 1030 3258 vero
1039 3195 1144 3258 totalis
1154 3196 1215 3259 cibi
1226 3196 1312 3259 illius
1322 3195 1479 3277 curantibus

204 3291 337 3352 duarum
351 3282 513 3347 unciarum
527 3283 661 3362 pondus
677 3280 803 3361 praecisa
816 3300 910 3362 equa,
927 3285 1069 3348 excedere
1087 3303 1151 3348 non
1162 3285 1296 3349 deberet.

244 3381 314 3441 196.
328 3410 368 3420 -
382 3375 484 3524 Quffu.
501 3375 534 3434 5⁰
547 3370 599 3432 Ao
614 3369 701 3432 liceat
713 3370 765 3432 die
765 3371 889 3454 jejunii
898 3371 1055 3454 decurtare
1071 3374 1192 3456 aliquid
1203 3373 1266 3437 eibi
1277 3383 1475 3457 catenatum,

204 3487 241 3530 oe
255 3467 303 3528 bio
316 3471 420 3526 noceot

244 3547 650 3637 Hesp..·1dsanenonlicet
665 3551 752 3610 toties
768 3547 894 3630 quoties,
911 3555 948 3612 ut
966 3551 1070 3624 aiunt,
1086 3552 1228 3632 quamvis
1246 3551 1367 3631 Diona,
1383 3551 1479 3614 Leae-

205 3645 270 3724 der‚
296 3643 409 3724 otiique
430 3639 463 3702 id
483 3655 604 3719 quoque
624 3637 805 3713 concedant;
830 3644 905 3701 tunc
925 3640 1009 3701 enim
1028 3638 1186 3702 irrisibilis
1204 3639 1281 3703 toret
1294 3642 1344 3703 lex
1354 3639 1475 3722 Jejunii.

204 3730 347 3797 Permitti
359 3731 464 3809 itaque
474 3731 598 3789 tontum
613 3732 713 3806 potest
726 3726 819 3788 semel
833 3732 888 3789 aut
899 3726 1014 3791 iterum
1028 3728 1063 3792 in
1074 3729 1135 3792 dic.
1146 3764 1187 3774 —
1201 3728 1238 3793 S.
1254 3729 1323 3805 Lio.
1339 3749 1371 3791 n.
1386 3731 1475 3792 1618.

244 3823 344 3896 Quor.
362 3823 394 3882 6⁰
408 3818 460 3880 An
472 3815 636 3878 electuaria
649 3814 800 3896 [raccant
805 3815 986 3897 jejunium?

244 3911 332 3992 Hesp.
346 3927 358 3970 .·
372 3905 551 3970 Eleemorio
566 3903 714 3966 dicuntur
728 3921 778 3977 ea,
795 3923 863 3985 quar
875 3923 912 3968 ex
926 3906 1027 3970 electis
1042 3907 1147 3983 rebus,
1164 3927 1194 3970 v.
1212 3925 1270 3987 gr„
1285 3924 1324 3968 cx
1337 3905 1478 3969 saccharo

203 4006 235 4063 ct
244 3997 403 4082 junipero,
419 4000 475 4058 eto.
494 3992 708 4056 conficiuntur.
724 3993 791 4055 Non
805 4001 968 4057 censentur
981 4001 1086 4058 autem
1105 3995 1212 4060 illicita
1227 3995 1337 4058 diebus
1349 3993 1477 4076 jejunii,

204 4089 232 4152 si
245 4105 298 4170 per
311 4085 440 4149 modum
453 4080 624 4154 medicinae,
635 4087 667 4143 et
680 4079 714 4144 in
729 4083 848 4144 modica
861 4082 1033 4163 quantitate
1048 4090 1227 4148 sumuntur.
1245 4081 1362 4145 Sufficit
1374 4089 1479 4145 autem

205 4175 350 4259 qualibet
362 4191 453 4236 cause
468 4167 658 4234 rationabilis
672 4169 710 4230 ad
729 4171 938 4234 excusandum
952 4171 991 4234 ab
1003 4172 1088 4235 omni
1103 4173 1205 4254 culpa,
1222 4192 1253 4236 r.
1268 4190 1327 4252 gn,
1344 4172 1383 4234 ad
1398 4171 1479 4234 cibo-

203 4283 275 4328 rum
298 4261 521 4343 digestionem,
547 4255 741 4320 stomachum
764 4256 1015 4338 confortandum,
1037 4261 1099 4324 oris
1121 4262 1260 4326 foetorem
1283 4261 1477 4334 tollendum,

202 4370 306 4417 rocem
326 4347 581 4421 conservandam,
605 4351 636 4409 et
659 4344 784 4408 similia.
806 4382 846 4392 —
867 4347 904 4412 S.
929 4349 1046 4431 Thone„
1067 4354 1098 4414 Ξ.
1118 4355 1162 4428 1.,
1179 4372 1208 4434 q.
1231 4355 1301 4425 117,
1316 4359 1379 4412 ort.
1394 4353 1424 4413 6.
1440 4383 1480 4394 -

201 4443 329 4523 Sporer.
349 4472 389 4484 -
411 4435 573 4498 161ῠεί.-
592 4434 628 4498 S.
653 4434 737 4516 Lio„
763 4455 795 4496 n.
820 4440 914 4511 1619,
936 4439 1040 4516 addit,
1064 4439 1263 4520 probabiliter
1283 4457 1334 4502 eos
1357 4457 1478 4520 quoque

202 4524 358 4600 excusari,
375 4522 430 4602 qui
448 4521 565 4601 aliquid
585 4527 715 4586 summit
731 4541 770 4587 ne
793 4524 873 4588 circs
893 4525 1052 4603 deficiant,
1069 4530 1191 4610 quando
1205 4527 1374 4609 prandium
1394 4525 1478 4590 ultra
