3156 5026
202 229 271 290 tbi
732 240 940 287 rnncrarus

200 374 259 437 que
273 353 493 434 imputandum
507 358 563 414 est.
589 351 684 414 Hinc:
700 358 732 414 1⁰
746 351 929 416 restituendi
948 359 1021 416 sunt
1036 371 1142 418 amnes
1161 361 1304 436 sumptus
1318 373 1396 436 quas
1410 375 1474 420 ma-

202 443 282 506 ritus
300 441 334 504 in
351 441 435 522 prole
453 441 561 503 alenda
577 447 608 502 et
625 441 780 502 educanda
800 440 997 517 sustinuerit;
1015 447 1049 505 2⁰
1064 443 1090 505 si
1108 443 1190 505 filius
1208 443 1389 524 illegitimus
1403 465 1475 509 cum

202 531 356 684 leesgitimip5
366 533 442 700 jaLrpq
449 529 660 682 hprefidgpatem
678 529 840 610 acceperit,
860 529 930 592 istis
947 549 1001 611 pro
1024 537 1091 594 rata
1112 532 1317 615 compensatio
1337 532 1474 599 iacienda

241 712 277 770 ll.
301 707 462 782 Adultera,
484 707 510 768 si
526 704 757 787 paraphernalia
774 706 900 782 habeat,
917 726 955 770 ex
973 707 1048 788 ipsis
1069 710 1231 772 restituere
1249 710 1339 774 debet
1360 714 1473 777 marito
1565 783 1566 786 ,

201 805 231 860 at
250 797 320 860 filiis
337 796 416 860 laesis
434 814 487 876 per
505 793 683 858 donationes
702 795 874 870 manuales
891 815 944 876 per
958 802 1162 872 contractum,
1179 804 1417 878 tastamentum,
1432 803 1472 866 le

203 893 286 968 gata,
305 892 361 948 eta.
379 884 410 946 Si
430 903 491 946 nan
508 883 635 958 haheat,
651 883 828 964 diligentius
845 883 996 948 familiam
1012 885 1223 962 administret,
1239 887 1419 970 parciorque
1432 891 1472 954 sit

202 975 234 1038 in
256 973 432 1055 sumptibus
446 971 590 1054 privatis,
605 971 722 1034 laboret
735 972 928 1052 diligentiae,
944 973 1146 1054 inquantum
1161 980 1261 1038 status
1275 977 1439 1057 permitat.

241 1067 291 1126 III.
315 1063 347 1127 Si
365 1061 485 1126 adulter
503 1060 534 1124 ri
552 1067 607 1123 aut
625 1067 712 1123 metu
730 1061 815 1142 gravi
834 1081 1016 1126 consensum
1038 1063 1176 1127 mulieris
1196 1066 1375 1142 extorserit,
1390 1068 1467 1131 salus

201 1155 240 1216 ad
254 1160 355 1215 tatum
369 1153 520 1214 damnum
536 1151 754 1230 reparandum,
771 1169 808 1213 ex
822 1151 909 1214 dietis
922 1171 1029 1234 snpra,
1047 1173 1079 1213 n.
1097 1157 1170 1230 728,
1189 1161 1325 1218 tenetur.

322 1319 518 1408 Quaesitae.

240 1499 308 1558 732.
323 1529 363 1539 -
376 1495 476 1567 Quart.
496 1497 527 1554 l⁰
541 1491 590 1552 Aa
605 1491 713 1554 mulier
726 1492 837 1554 crimen
852 1511 937 1554 saram
953 1475 1084 1555 revelare
1098 1501 1244 1572 teneatur,
1262 1499 1289 1556 si
1303 1496 1368 1558 atio
1385 1497 1467 1560 modo

199 1585 339 1646 domnam
354 1601 499 1664 reparare
515 1582 661 1663 nequeat?

239 1673 328 1755 desp.
344 1670 421 1751 Nep.
439 1669 607 1750 generatim
620 1670 780 1751 loquenda.
797 1669 886 1733 Ratio
900 1675 966 1732 est:
987 1675 1017 1733 l⁰
1033 1672 1107 1752 quia
1123 1673 1330 1736 communiter
1342 1675 1408 1738 hnc
1421 1695 1469 1738 re-

203 1761 307 1826 velatio
327 1761 392 1823 sine
411 1776 525 1839 magna
542 1758 685 1834 infamia,
702 1762 732 1820 et
755 1775 832 1838 saepe
851 1758 945 1820 etiam
964 1758 1029 1822 sine
1048 1760 1182 1840 pericula
1200 1762 1326 1838 martie,
1343 1764 1391 1826 rel
1410 1765 1467 1828 odii

200 1849 352 1932 perpetui,
371 1847 541 1912 aliorumve
555 1847 696 1928 gravium
714 1847 866 1909 malorum
880 1845 945 1918 fieri
964 1847 1086 1930 nequit;
1103 1853 1136 1912 2⁰
1151 1849 1225 1931 quia
1243 1849 1364 1915 difficile
1383 1853 1467 1914 dam-

200 1959 276 2002 num
290 1955 428 2019 reparare
443 1937 537 2000 etiarn
551 1956 604 2018 per
618 1935 650 1998 id
663 1942 778 2016 posset,
794 1935 963 2016 prasertim
982 1955 1053 2000 cum
1067 1937 1150 2002 tilius
1163 1939 1259 2002 matri
1276 1939 1374 2002 lidem'
1383 1941 1464 2003 adlri-

198 2029 267 2090 hore
289 2046 349 2090 non
371 2032 522 2088 teneatur.
543 2024 708 2106 Excipiunt
731 2024 824 2087 multi
848 2024 874 2088 si
896 2030 993 2088 mator
1018 2026 1060 2090 sit
1079 2027 1206 2107 perditae
1228 2027 1333 2106 famae,
1354 2033 1405 2092 ein
1424 2065 1464 2074 —

198 2116 232 2178 S.
248 2117 289 2178 Li
310 2165 316 2177 .
335 2137 365 2176 n.
382 2119 452 2180 653.

238 2139 306 2269 mi
324 2241 363 2250 -
377 2207 478 2280 ana.
494 2208 526 2266 2⁰
543 2202 621 2278 (laid
631 2202 665 2262 in
679 2202 785 2278 dubio,
800 2223 840 2264 an
851 2203 951 2286 proles
967 2206 1007 2264 sit
1022 2206 1128 2265 mariti
1141 2213 1196 2266 aat
1210 2205 1356 2289 adulteri,
1371 2209 1418 2270 oet
1427 2229 1465 2271 ea

198 2294 255 2355 dae
269 2295 408 2356 adultera
420 2297 540 2375 potios,
557 2312 643 2374 qaam
660 2311 700 2353 ea
711 2290 799 2354 alia?

238 2383 326 2465 Hesp.
339 2384 377 2446 ad
393 2387 444 2444 Ῥω
455 2380 659 2464 probabilius,
676 2381 714 2443 ad
729 2380 806 2443 nihil
822 2387 966 2443 tenentur
980 2380 1126 2456 adulteri,
1143 2382 1265 2464 quiade
1279 2385 1393 2450 darnno
1407 2405 1467 2449 non

197 2477 323 2534 canstat.
347 2508 387 2517 —
405 2469 439 2532 S.
455 2471 525 2552 Lig.
545 2490 576 2531 n.
595 2473 664 2532 657.
686 2505 726 2514 -
743 2468 841 2550 Lapa,
862 2469 891 2530 d.
908 2487 980 2544 xrrr,
999 2489 1031 2530 n.
1054 2473 1102 2544 77,
1125 2478 1155 2531 et
1173 2471 1344 2552 atri'plares
1362 2479 1467 2536 contra

197 2560 286 2636 alias,
303 2561 357 2642 qui
371 2560 479 2623 dicunt
492 2577 545 2640 pra
559 2561 623 2620 rata
637 2556 864 2620 restituendum
879 2575 951 2619 asse.

238 2650 324 2732 Resp.
342 2650 380 2711 ad
394 2652 447 2711 2⁰¹³
465 2653 620 2728 :Uterque
644 2645 762 2708 adulter
781 2663 835 2726 pro
855 2649 921 2708 raba
938 2647 978 2708 ad
995 2646 1218 2710 restitutionem
1237 2651 1356 2708 tenetur
1367 2650 1466 2726 juxta

200 2737 384 2802 sententiam
396 2735 650 2810 communiorem,
665 2753 733 2815 quaa
746 2735 877 2796 tenenda
889 2732 1022 2798 videtur.
1036 2734 1125 2800 Ratio
1139 2741 1192 2810 est,
1202 2733 1273 2817 qiria
1283 2741 1404 2798 certum
1418 2742 1469 2800 est

199 2830 363 2900 damnum,
378 2832 410 2888 et
430 2831 549 2888 constat
567 2823 643 2892 illud
659 2824 696 2886 ab
711 2824 857 2886 alterutro
871 2830 1028 2904 peractum
1046 2842 1125 2900 esse,
1142 2823 1253 2904 singuli
1268 2829 1373 2886 autem
1393 2830 1469 2888 sunt

198 2934 288 2979 carisa
301 2914 404 2977 efficax
420 2920 450 2976 et
464 2914 582 2995 injusta
595 2911 833 2986 incertitudinis,
853 2931 921 2994 quae
935 2912 1119 2994 impeditae
1134 2913 1337 2994 compensatio
1351 2914 1390 2977 ab
1405 2934 1467 2978 una

196 3002 395 3066 determinata
418 3001 499 3082 exigi
522 3000 628 3082 possit.
645 3000 777 3062 Aliunde
795 3020 832 3063 ex
852 3001 909 3064 hac
927 3001 1146 3065 incertitudine
1165 3002 1311 3066 innocens
1324 3002 1391 3084 pati
1405 3022 1464 3066 non

196 3094 292 3155 debet.
309 3129 348 3137 -
363 3092 511 3169 Lacroia,
529 3112 559 3151 n.
577 3094 645 3154 337.
662 3125 703 3136 -
714 3090 812 3172 Lapa,
829 3111 860 3152 n.
879 3093 927 3154 le.
943 3126 983 3137 -
996 3089 1176 3172 Roneaptia,
1194 3111 1220 3152 e.
1238 3111 1272 3168 11,
1288 3111 1318 3174 q.
1335 3096 1366 3155 3.

236 3179 383 3245 Dissentit
399 3187 504 3242 tamen
520 3179 554 3240 S.
572 3179 640 3259 Lip.
657 3199 688 3241 n.
706 3183 779 3255 658,
794 3180 881 3260 quia,
899 3186 935 3241 ut
953 3179 1012 3254 ait,
1029 3198 1107 3242 onus
1125 3187 1245 3244 certum
1264 3179 1383 3262 imponi
1405 3199 1462 3244 non

195 3277 308 3352 potest,
324 3269 379 3330 ubi
402 3267 496 3330 dubia
519 3270 564 3329 ast
583 3267 737 3347 obligatio.
754 3268 876 3348 Excipit
894 3268 1112 3344 nihilominnS,
1130 3269 1156 3332 si
1176 3270 1294 3332 adulter
1316 3271 1463 3332 secundus

195 3358 359 3422 adverterit
381 3358 489 3419 saltam
511 3355 660 3437 implicite
684 3374 715 3418 se
735 3356 963 3420 incertitudinis
986 3356 1070 3420 illius
1091 3375 1216 3420 causam
1241 3357 1314 3421 fore.
1338 3361 1414 3422 Item
1438 3358 1463 3421 si

193 3447 324 3511 adulteri
338 3466 376 3508 ex
390 3443 547 3508 communi
559 3444 684 3507 consilio
697 3445 884 3508 adulterium
898 3445 1099 3528 patraverint.

233 3539 335 3613 Quen.
350 3539 381 3599 3⁰
390 3535 441 3596 An
454 3534 537 3618 filias
549 3542 685 3596 teneatur
699 3535 819 3596 eredere
831 3539 924 3596 matri
938 3538 1028 3596 etiam
1035 3536 1164 3616 juranti
1173 3534 1261 3596 illam
1277 3535 1462 3617 illegitimam

193 3627 270 3688 esse?

232 3714 324 3793 Hesp.
340 3712 432 3794 Nep,
447 3711 521 3793 quia
542 3731 581 3774 ex
596 3715 666 3793 jure
684 3718 714 3774 et
733 3729 824 3774 sensu
844 3711 1001 3774 cammrmi
1015 3730 1105 3776 nemo
1128 3715 1250 3775 tenetur
1270 3714 1388 3778 credere
1407 3714 1460 3776 uni

194 3803 266 3866 testi
278 3802 371 3864 etiam
386 3799 609 3880 probatissimae
622 3799 701 3864 fidei.
719 3805 810 3864 Secus
824 3807 940 3874 tamen,
955 3799 981 3862 si
995 3807 1105 3881 praeter
1120 3797 1336 3863 teitimonium
1354 3803 1462 3864 matris

192 3893 365 3953 accederent
385 3889 500 3952 indicia
519 3888 687 3963 evidentia,
704 3908 735 3951 v.
752 3907 810 3968 gr,
831 3888 969 3952 absentia
991 3889 1088 3969 patris
1110 3907 1127 3952 a
1150 3889 1238 3970 longo
1261 3897 1406 3972 tempore.
1422 3925 1462 3936 -

191 3979 228 4041 S.
244 3981 313 4061 Lig.
330 4001 360 4040 n.
378 3984 446 4043 oet.
465 4015 504 4024 -
519 3979 687 4060 Loymann.
704 4013 744 4022 -
758 3977 935 4059 Ranaaplra.

231 4073 299 4132 73b.
318 4104 356 4114 -
371 4071 472 4145 Quen.
489 4072 522 4131 l⁰
535 4069 586 4130 Aa
601 4068 629 4128 si
640 4065 773 4129 adulteri
788 4066 835 4129 oei
846 4067 1046 4148 fornicatores
1060 4067 1195 4150 opulenti
1205 4067 1329 4150 prolem
1343 4070 1384 4132 ad
1398 4069 1463 4131 bre·

188 4157 402 4240 pdotropbium
419 4159 566 4232 miserint,
581 4155 621 4217 ad
635 4157 781 4238 impensas
800 4157 1006 4218 resarciendas
1021 4158 1195 4220 teneantur?

229 4247 317 4329 lieop.
330 4267 342 4308 .·
359 4245 608 4309 Contraoertitar.
623 4244 655 4307 Ρι
670 4243 828 4306 Sententia
842 4249 1027 4306 eanimunior
1047 4255 1076 4308 et
1094 4245 1290 4329 probabilior
1310 4247 1462 4330 affirmat.

190 4335 278 4397 Ratio
299 4341 360 4410 est,
379 4335 452 4414 quia
475 4333 711 4417 brephotrophia
734 4340 809 4396 sunt
826 4333 972 4397 instituta
994 4333 1028 4396 in
1047 4335 1180 4415 gratiam
1197 4334 1384 4411 infantium,
1401 4353 1465 4396 non

190 4440 261 4486 vero
275 4430 454 4504 parentum;
471 4443 526 4487 nec
539 4423 789 4504 presumendum
804 4441 910 4486 eorum
927 4423 1103 4486 fundatores
1122 4443 1140 4488 a
1157 4425 1310 4488 solvendis
1322 4423 1465 4506 expensis

189 4509 300 4574 divites
320 4509 452 4574 eximere
471 4513 611 4576 voluisse.
628 4545 668 4562 -
682 4511 782 4592 Lapa,
797 4511 820 4573 d
823 4557 829 4572 .
847 4530 920 4589 xur,
938 4533 968 4574 n.
987 4516 1016 4577 3.
1038 4548 1078 4558 -
1094 4511 1242 4576 Biltaart.
1257 4549 1300 4560 —
1313 4513 1465 4591 Boanier,
