3156 5026
545 289 588 334 DE
607 287 771 334 Jusrlrtn
790 287 832 334 ET
852 287 937 334 JURE

637 481 808 528 sicrestum
827 483 852 528 11

290 619 405 678 Gabra
415 618 537 692 justitiae
550 619 661 694 species
674 634 768 692 perse
782 617 911 690 obligant
925 617 1013 692 etiarn
1027 616 1081 675 sub
1097 618 1193 690 gravi,

482 699 533 758 sed
547 715 604 756 non
618 714 684 756 cum
698 713 784 756 onere
796 698 1000 756 restitutionis.

145 865 273 926 533.-
287 861 381 924 Prot.
399 861 432 924 1⁶
441 881 525 946 porc.
539 862 664 926 Etenim
683 861 766 924 laesio
782 879 889 924 earum
909 861 1170 926 deordinationem
1188 878 1311 944 gravem
1330 861 1378 924 in-

107 951 202 1026 ducit,
219 969 293 1014 cum
307 951 440 1032 graviter
452 951 621 1014 necessario
634 950 758 1014 societat
759 949 786 1011 is
745 947 901 1013 tordini
915 956 1030 1013 noceat.

145 1039 304 1102 Probatur
316 1040 367 1104 ΙΙιι
377 1060 462 1124 pars.
481 1041 605 1103 Etenim
619 1058 675 1122 qm
665 1038 830 1120 Qlegalem
846 1057 876 1100 v.
894 1058 952 1119 gn,
970 1044 1025 1102 aut
1041 1038 1297 1102 distributivam
1285 1011 1378 1122 justi-

107 1129 182 1192 tiam
197 1129 305 1204 violat,
322 1129 386 1211 agit
396 1129 522 1212 quidem
537 1134 644 1193 contra
662 1128 778 1190 bonum
793 1144 970 1202 commune,
987 1128 1035 1192 ιιι
1048 1127 1184 1191 debitam
1197 1147 1260 1191 non
1277 1134 1379 1192 servat

106 1217 357 1299 proportionem'
348 1238 383 1282 m
396 1217 485 1282 bonis
500 1216 719 1281 communibus
740 1214 980 1290 dnstnbuendrs,
996 1221 1030 1278 a
1046 1215 1166 1278 nemini
1184 1218 1267 1298 quod
1285 1235 1379 1281 snum

105 1312 151 1369 est
164 1307 277 1381 aufert,
294 1325 349 1370 nec
362 1325 551 1390 quemquam
567 1305 669 1387 privat
688 1324 721 1367 re
737 1322 805 1385 qua
820 1322 875 1366 sun
890 1303 941 1368 sit.
958 1305 1055 1386 Atqui
1074 1305 1279 1368 restitutionis
1298 1305 1378 1369 obli·

106 1393 186 1475 gatio
204 1395 307 1458 oritur
328 1402 452 1459 tantum
470 1413 509 1459 ex
532 1395 648 1476 injusta
669 1392 855 1474 acceptione,
875 1393 1047 1456 retentione
1064 1398 1120 1456 aut
1132 1393 1379 1458 damnificatione

105 1483 149 1546 rei
163 1485 211 1548 vel
218 1484 301 1565 juris
311 1484 413 1548 alieni.
428 1487 544 1566 Ergo...

145 1575 369 1637 Verumtamen
390 1589 468 1654 sape
486 1570 610 1654 justitia
635 1572 851 1634 commutatico
868 1569 936 1633 aliis
958 1568 1147 1652 adjungitur,
1164 1577 1195 1633 et
1212 1572 1278 1651 ejus
1296 1571 1378 1634 lasio

106 1678 184 1724 onus
209 1662 417 1725 restitutionis
441 1661 579 1726 inducit:
597 1661 640 1724 sic
660 1661 822 1724 restituere
842 1663 966 1722 tenetur
987 1657 1187 1739 magistratus
1212 1658 1260 1720 vel
1284 1659 1378 1739 judex

107 1749 171 1830 qui,
189 1757 314 1831 propter
327 1768 452 1831 gravem
472 1749 691 1831 negligentiam
708 1749 742 1812 in
755 1748 928 1830 puniendo,
947 1751 1114 1821 causaest,
1131 1764 1186 1809 cur
1199 1746 1312 1827 privati
1332 1748 1379 1809 vel

106 1837 315 1901 communitas
336 1857 427 1919 grave
450 1840 599 1902 damnum
618 1837 791 1919 patiantur;
814 1836 930 1918 quoin
952 1853 1023 1898 casu
1044 1853 1107 1898 non
1125 1835 1225 1897 solum
1241 1853 1311 1898 rcus
1333 1842 1379 1898 est

105 1925 179 1990 boni
194 1927 387 2002 communis,
402 1929 442 1990 ad
456 1927 537 2009 quod
553 1926 676 2008 justitia
696 1925 800 2006 legalis
818 1923 963 2000 inclinat,
981 1922 1196 2004 praetermissi,
1213 1923 1266 1986 sed
1284 1923 1378 1986 etium

105 2013 213 2078 violati
227 2021 411 2090 contractus,
428 2034 488 2097 quo
503 2017 687 2078 assumendo
700 2013 834 2077 officium
849 2031 881 2077 se
892 2013 1041 2096 implicite
1054 2011 1201 2093 obligavit
1213 2012 1253 2074 ad
1264 2012 1379 2074 damna

103 2103 304 2166 subditorum
318 2105 523 2184 praecavenda.

145 2195 218 2254 tat.
234 2224 276 2238 —
300 2192 397 2255 Hinc:
415 2199 447 2255 ιο
471 2193 611 2274 Princeps
632 2209 696 2255 non
713 2198 813 2272 potest
831 2191 897 2254 sine
911 2209 1002 2254 causa
1018 2190 1200 2271 gravissima
1215 2207 1268 2270 per
1281 2189 1377 2268 legem

102 2279 212 2342 tollere
233 2296 252 2341 a
274 2279 397 2344 subdito
418 2299 483 2344 rem
505 2299 611 2354 sunm,
630 2299 684 2344 seu
703 2283 755 2362 jus
772 2279 974 2362 acquisitum
991 2279 1064 2361 quia
1081 2277 1161 2341 nihil
1183 2284 1283 2359 potest
1300 2277 1378 2340 circa

102 2367 187 2429 bona
200 2365 409 2447 privatorum,
424 2370 486 2432 nisi
500 2369 574 2452 quid
588 2368 666 2432 ratio
680 2368 754 2432 boni
767 2368 940 2432 communis
954 2367 1080 2431 omnino
1093 2365 1205 2447 exigat.

144 2458 180 2518 2⁰
192 2459 296 2519 Potest
309 2462 415 2522 tamen
426 2458 582 2540 Princeps,
599 2457 626 2520 si
642 2458 764 2539 quando
778 2456 810 2520 id
824 2457 1000 2539 requiratur
1016 2457 1054 2519 ad
1071 2473 1233 2519 commune
1246 2455 1374 2530 bonum,

104 2561 174 2606 rem
189 2561 209 2605 a
224 2545 347 2608 subdito
362 2547 479 2622 tollere;
496 2546 569 2628 quia
580 2549 632 2628 jus
644 2547 683 2610 ad
693 2545 787 2627 finem
803 2547 951 2627 importat
965 2544 1131 2608 necessario
1142 2545 1193 2624 jus
1207 2545 1245 2606 ad
1259 2543 1375 2618 media,

104 2632 174 2695 sine
199 2632 314 2712 quibus
338 2633 410 2697 finis
435 2635 567 2698 obtineri
593 2635 712 2716 nequit.
740 2637 860 2698 Bonum
893 2639 999 2696 autem
1029 2631 1188 2714 publicum
1214 2631 1378 2712 aliquando

103 2719 241 2802 requirit
265 2728 302 2784 ut
329 2722 441 2804 aliquis
466 2742 499 2787 re
526 2743 582 2787 sua
610 2723 758 2805 privetur,
783 2742 813 2786 v.
840 2741 899 2803 gn,
923 2741 994 2802 agro
1018 2741 1071 2802 pro
1091 2721 1142 2784 via
1163 2721 1284 2802 publica
1309 2738 1378 2782 con-

104 2809 270 2882 struenda,
294 2816 350 2874 etc.
372 2813 429 2874 Sed
451 2818 525 2875 tunc
546 2812 705 2892 Princeps,
732 2810 767 2873 in
795 2817 948 2892 quantum
971 2809 1038 2873 fieri
1063 2815 1179 2891 potest,
1200 2811 1239 2872 ad
1260 2812 1379 2890 justam

104 2898 388 2977 compensationem
412 2904 549 2976 tenetnr;
565 2900 640 2980 quia
655 2917 791 2980 aequum
815 2917 878 2961 non
898 2905 946 2962 est
966 2901 1002 2962 ut
1023 2917 1106 2962 unus
1129 2898 1285 2979 spolietur,
1312 2897 1380 2960 aliis

103 2983 249 3062 intactis,
267 2994 358 3067 prout
375 3005 413 3050 ex
423 2990 494 3070 jure
507 2987 643 3052 natan-ali
658 2994 687 3051 et
702 2987 833 3069 positivo
845 2991 973 3050 constat.

147 3078 221 3140 535.
238 3111 278 3120 —
290 3081 323 3139 3⁰
338 3076 480 3157 Superior
494 3077 533 3139 ad
544 3076 772 3140 restitutionem
787 3094 851 3138 non
863 3082 995 3152 tenetur,
1010 3075 1155 3138 siminus
1169 3075 1270 3156 dignis
1284 3073 1380 3138 officia

105 3161 265 3228 societatis
280 3163 456 3242 distribuit;
474 3164 547 3246 quia
561 3183 624 3228 non
638 3164 731 3228 violat
742 3167 793 3245 jus
807 3164 951 3226 strictum
965 3163 1123 3246 dignioris,
1140 3182 1195 3228 nec
1209 3161 1379 3228 communi-

106 3252 201 3326 tatis,
227 3269 296 3332 que
314 3253 397 3316 atiud
420 3253 538 3335 exigere
558 3252 680 3335 nequit,
703 3253 765 3316 nisi
783 3259 820 3316 ut
838 3251 959 3333 indigni
979 3254 1018 3317 ab
1036 3251 1141 3316 officiis
1155 3259 1324 3317 arceantur.
1341 3285 1380 3294 -

105 3339 141 3402 S.
157 3341 246 3422 ιιι,
267 3340 321 3402 lid.
337 3343 387 3415 IV,
404 3361 435 3404 a.
453 3347 522 3418 107,
540 3349 645 3406 contra
664 3341 791 3423 aliquos.
811 3343 902 3405 Seous
917 3359 1002 3416 vero,
1020 3341 1046 3405 si
1063 3341 1096 3406 in
1117 3360 1267 3405 concursu
1287 3341 1380 3417 Supe-

106 3429 171 3494 rior
185 3428 294 3492 minus
307 3429 436 3510 dignum
448 3430 581 3512 digniori
593 3430 761 3512 praeferrem
777 3430 851 3512 quia
864 3429 898 3492 in
913 3447 1062 3494 concursu
1074 3429 1243 3494 intervenit
1256 3431 1378 3507 pactum

106 3535 144 3580 ex
158 3536 223 3599 quo
229 3516 284 3598 jas
297 3519 432 3580 strr'ctum
446 3519 578 3600 digniori
591 3518 746 3600 competit.

149 3611 184 3670 ιο
199 3609 267 3668 Non
281 3611 403 3670 tenetur
417 3607 455 3670 ad
469 3616 532 3671 rest
519 3607 697 3671 titutionem
708 3607 851 3710 Superior
865 3608 919 3689 qui
929 3609 1095 3711 dignitates
1106 3623 1188 3670 mere
1201 3601 1381 3666 honorificas

107 3695 156 3758 dis
159 3693 274 3758 tribuit
260 3696 352 3758 tsive
364 3696 469 3759 minus
484 3696 601 3778 dignis,
618 3695 682 3760 sive
701 3697 793 3760 etiam
813 3695 965 3777 indignis;
983 3697 1057 3780 quia
1071 3693 1228 3758 neminem
1236 3695 1307 3773 jure
1326 3707 1381 3752 suo

106 3783 262 3864 privavit,
280 3785 422 3865 quamvis
432 3785 599 3886 peccaverit
611 3785 648 3849 ob
662 3803 862 3868 personarum
875 3785 1089 3867 acceptionem.

150 3877 185 3935 5⁰
205 3873 341 3943 Tenetur
363 3873 402 3936 ad
424 3873 498 3936 resti
500 3874 653 3937 tutionem
673 3893 743 3954 erga
768 3873 1022 3937 communitatem
1041 3871 1182 3954 Superior
1200 3870 1254 3952 qui
1277 3867 1382 3932 officiis

107 3959 244 4040 publicis
255 3960 399 4041 indignos
413 3960 560 4037 destinat;
577 3962 650 4043 qnia
663 3981 701 4024 ec·
715 3981 799 4044 quaec
796 3963 965 4025 contracta
979 3965 1101 4026 tenetur
1113 3961 1230 4024 bonurn
1244 3974 1382 4021 eommu-

107 4047 222 4111 nitatis
242 4067 427 4130 promovere.
447 4053 512 4113 lmo
530 4055 654 4114 tenetur
671 4069 686 4113 e
689 4050 765 4114 tiam
788 4052 826 4152 ad
847 4050 1075 4114 restitutionem
1093 4067 1163 4130 erga
1181 4047 1316 4129 privatos
1327 4043 1382 4127 qui
