3202 5020
220 178 286 236 130
750 179 954 228 reserares

258 299 326 363 Dixi
340 303 373 362 2⁰
388 317 395 360 :
412 297 591 378 aisiarqeat
603 314 688 356 casas
698 294 880 356 necessitatis
890 311 902 353 .·
912 289 985 372 quia
997 307 1068 352 oum
1077 291 1273 351 Sacramenta
1284 288 1348 351 sint
1354 299 1488 372 propter

218 390 366 467 bomeiics,
386 385 506 450 homini
526 384 561 447 in
583 383 668 464 gravi
690 382 822 465 periculo
842 380 915 444 vita
938 379 1105 442 constituta
1127 377 1335 440 ministranda
1354 396 1389 440 ea
1412 386 1488 442 sunt

218 476 336 540 meliori
359 493 419 557 quo
441 473 507 537 fieri
524 478 623 554 potest
644 471 748 544 modo,
771 470 866 533 etiam
891 487 963 531 oum
981 485 1066 530 mera
1088 465 1318 547 probabilitate,
1334 465 1397 529 imo
1415 486 1488 530 eum

218 564 428 647 probabilitate
439 561 524 626 tenui
536 568 567 624 et
581 559 764 624 tenuissima
781 559 818 622 de
830 575 937 621 eorum
950 557 1061 620 valore.
1078 592 1118 602 -
1131 554 1166 618 S.
1185 554 1255 637 Lip.
1269 575 1301 616 a.
1317 559 1372 631 lt,
1389 563 1419 619 et
1430 556 1492 618 alii

217 651 423 717 communiter.

687 793 861 856 SECUNDA
889 793 1023 855 THESIS

317 959 387 1023 Noa
405 958 474 1021 lieet
487 957 573 1040 sequi
583 955 755 1038 opinionem
770 953 899 1016 tenuiter
911 951 1118 1036 probabilem,
1139 951 1247 1014 relicta
1262 952 1384 1012 tutiore.

257 1135 307 1194 58.
322 1165 361 1175 -
375 1129 467 1192 Prob.
483 1131 560 1190 Nam
579 1123 682 1206 opinio
695 1123 830 1186 tenuiter
843 1121 1023 1202 probabilis,
1039 1127 1076 1184 ut
1088 1120 1205 1184 dictum
1224 1128 1286 1196 est,
1303 1120 1423 1183 levibus
1441 1121 1489 1184 in-

218 1220 332 1283 nititur
343 1216 483 1292 motivis,
497 1234 565 1297 qua
577 1230 737 1277 assensum
751 1211 811 1274 viri
822 1209 983 1291 prudentis
996 1209 1149 1272 attrahere
1163 1215 1335 1290 nequeunt;
1355 1211 1440 1272 unde
1454 1229 1491 1272 ex

219 1309 257 1370 iis
283 1306 404 1370 suaderi
424 1323 487 1368 non
504 1309 618 1384 potest,
635 1301 709 1381 legis
729 1297 942 1362 exsistentiam
960 1317 1024 1361 esse
1043 1299 1203 1360 incertam.
1224 1297 1322 1378 Atqui
1343 1297 1492 1360 illicitum

219 1403 264 1459 est
279 1395 365 1477 sequi
378 1393 551 1475 opinionem
566 1391 716 1472 aliquam,
733 1387 836 1450 relicta
851 1386 978 1462 tutiore,
994 1387 1056 1448 nisi
1069 1387 1118 1449 lex
1133 1386 1192 1449 dici
1211 1386 1308 1466 possit
1322 1386 1490 1450 invincibi-

218 1485 286 1548 liter
298 1485 456 1564 ignorata:
470 1481 610 1560 ignorata
632 1485 736 1540 autem
759 1474 874 1539 censeri
896 1493 958 1538 non
977 1481 1076 1556 potest
1094 1476 1158 1552 lex,
1174 1475 1234 1538 nisi
1251 1492 1319 1537 earn
1339 1474 1491 1538 incertam

217 1592 281 1636 esse
296 1571 399 1636 solidis
413 1569 585 1632 rationibus
596 1567 751 1648 probetur.
769 1569 885 1645 Ergo...

257 1664 382 1724 Constat
407 1659 502 1721 etiam
522 1676 560 1720 ex
582 1674 668 1738 prop.
698 1659 731 1718 3·
757 1654 795 1717 ab
821 1655 923 1716 Innoc.
953 1656 993 1716 XI
1021 1653 1192 1716 darnnata:
1215 1652 1391 1716 Generatim
1419 1655 1491 1716 rium

215 1749 432 1834 probabilitate
444 1747 622 1822 intrinseca,
638 1764 690 1805 scu
703 1743 888 1820 extrinseca,
909 1743 1102 1824 quantamvis
1118 1743 1200 1804 teani
1207 1787 1213 1814 ,
1231 1742 1320 1805 modo
1342 1765 1361 1804 a
1382 1744 1495 1824 praba-

219 1839 348 1902 bilitatis
368 1836 480 1918 finibus
501 1854 559 1896 aaa
576 1843 712 1912 exeatur,
736 1831 857 1913 confisi,
881 1831 1002 1913 aliquid
1029 1833 1163 1913 opimas,
1184 1851 1299 1914 semper
1319 1831 1493 1913 prederetcr

217 1945 343 2010 aqimus.

699 2065 843 2129 TERTIA
870 2067 1005 2128 THESIS

216 2235 301 2297 Licet
320 2235 404 2314 sequi
425 2231 594 2313 opinionem
616 2227 906 2312 probabilissimum,
936 2236 966 2290 et
991 2229 1080 2290 etiam
1106 2225 1355 2310 probabiliorem,
1385 2230 1491 2293 relicta
1583 2271 1584 2280 ι

258 2322 381 2395 tutiore,
400 2320 452 2381 abi
466 2318 502 2381 de
512 2317 712 2380 solaactioais
723 2317 875 2379 honestate
889 2316 1005 2398 apitar.
1583 2313 1584 2320 ’

259 2493 308 2554 bb.
324 2526 364 2536 -
377 2487 471 2550 Prob.
487 2494 519 2550 l⁰
537 2487 644 2562 Quoad
654 2485 948 2569 probabilissimum.
964 2487 1091 2548 Constat
1106 2491 1137 2548 1⁰
1156 2503 1195 2548 ex
1208 2486 1405 2550 damnatione
1419 2507 1490 2569 pro-

220 2577 377 2661 positionis
391 2575 548 2640 Siam'cbii
554 2623 564 2656 ,
581 2594 649 2658 quae
662 2582 709 2639 est
723 2575 814 2638 tertia
826 2594 863 2638 ex
877 2580 913 2638 31
930 2573 968 2636 ab
983 2574 1155 2637 Alexandro
1168 2576 1235 2636 Vlll
1249 2575 1425 2655 proscriptis
1437 2626 1443 2652 ,
1461 2585 1492 2640 et

219 2675 265 2730 est
279 2665 446 2747 ejusmodi:
462 2665 531 2726 Noa
556 2664 625 2728 lieet
640 2665 724 2747 sequi
745 2665 913 2746 opinionem
930 2661 980 2726 ael
997 2667 1079 2724 inter
1090 2662 1259 2745 probabiles
1277 2663 1492 2743 probabilissi-

220 2775 309 2818 mam.
325 2758 403 2835 Ergo
425 2755 494 2816 licet
513 2753 599 2835 sequi
617 2751 791 2834 opinionem
805 2753 914 2815 saltem
927 2751 1215 2836 probabilissimum.
1230 2751 1363 2815 Aliunde
1381 2761 1492 2817 autern

220 2843 253 2906 in
275 2843 331 2906 hac
353 2842 556 2924 propositione
576 2843 721 2905 damnata
742 2841 847 2921 agitur
866 2842 903 2903 de
924 2839 1170 2921 probabilissima
1190 2841 1288 2902 minus
1312 2849 1393 2920 tara,
1417 2859 1492 2907 aum

221 2951 309 2995 nemo
328 2949 468 3013 unquam
487 2930 652 3011 negaverit,
668 2929 755 2992 licere
772 2929 858 3011 sequi
879 2927 1158 3010 probabilissimam
1176 2927 1326 2992 tutiorem.
1343 2933 1437 3010 Ergo.
1454 2969 1493 2978 -

220 3025 344 3084 Constat
362 3024 395 3084 2⁰
418 3039 455 3082 ex
474 3037 507 3082 eo
526 3019 622 3101 quod,
634 3020 725 3100 juxta
742 3020 772 3080 S.
788 3017 887 3098 ligor.
898 3023 935 3102 et
946 3017 1030 3092 alios
1047 3017 1103 3080 ubi
1123 3019 1214 3080 datur
1228 3017 1330 3099 opinio
1340 3019 1493 3100 probabi-

221 3111 348 3182 lissima,
365 3109 501 3190 opposita
514 3106 677 3190 propositio
691 3107 794 3170 evadit
809 3107 940 3168 tenuiter
955 3105 1135 3188 probabilis,
1153 3113 1189 3169 ut
1202 3105 1320 3170 dictum
1335 3115 1382 3171 est
1396 3127 1493 3191 supra

220 3199 268 3278 (n.
284 3199 336 3276 bi)
350 3198 384 3260 in
398 3195 575 3260 definitione
592 3194 744 3276 opinionis
762 3193 1024 3276 probabilissima.
1042 3198 1109 3260 Non
1127 3195 1296 3275 coneipitur
1310 3195 1411 3270 enim,
1429 3219 1492 3280 quo

221 3288 310 3350 modo
325 3293 404 3349 stare
418 3284 514 3367 possit
527 3284 622 3347 solida
635 3282 712 3347 ratio
725 3302 765 3346 ex
775 3302 839 3347 una
852 3290 948 3365 parte,
963 3283 989 3346 si
1004 3302 1042 3346 ex
1055 3283 1149 3346 altera
1163 3283 1384 3363 gravissimum
1398 3304 1492 3368 appa-

221 3382 285 3438 reat
299 3374 536 3438 fundamentum
550 3372 638 3435 aliter
652 3371 814 3435 sentiendi.
831 3375 936 3436 Stante
955 3372 1051 3452 igitur
1069 3372 1211 3453 opinione
1226 3373 1491 3454 probabilissima,

220 3463 341 3526 errandi
364 3460 493 3524 formido
515 3460 671 3524 levissima
689 3467 840 3542 superest,
856 3467 887 3525 et
904 3460 1031 3541 proinde
1049 3461 1099 3524 sin
1112 3460 1218 3524 minus
1236 3461 1387 3526 certitudo
1402 3462 1492 3528 abso
1581 3497 1582 3520 2

221 3553 300 3627 luto,
317 3550 449 3614 habetur
462 3550 570 3612 saltem
579 3547 681 3630 aliqua
694 3549 756 3612 lata
770 3549 919 3647 oprtitudo
933 3549 1057 3613 moralis
1071 3550 1108 3612 de
1126 3548 1201 3630 legis
1214 3567 1277 3612 non
1293 3550 1489 3615 exsistentia.

221 3643 336 3720 Ergo...
1581 3637 1582 3681 l

259 3727 353 3790 Prob.
368 3730 403 3790 2⁰
419 3723 526 3801 anad
536 3723 783 3808 probabiliorem,
799 3727 877 3789 Illud
895 3732 931 3788 ut
945 3743 1054 3788 verum
1067 3725 1297 3790 adnrittendrun
1319 3727 1416 3792 estin
1431 3749 1493 3812 quo

219 3835 325 3878 omnes
341 3813 470 3895 theologi
484 3812 685 3890 conveniunt;
702 3832 764 3876 non
777 3819 876 3895 potest
888 3812 973 3877 enim
987 3813 1117 3895 supponi
1126 3815 1278 3896 theologos
1292 3834 1400 3880 omnes
1415 3837 1495 3881 una-

221 3904 298 3966 nimi
312 3921 461 3968 consensu
480 3903 665 3985 inerrarem
683 3901 836 3964 incidisse.
856 3905 946 3964 Porro
965 3901 991 3963 si
1011 3902 1169 3982 rigoristas
1187 3903 1391 3984 paucissimos
1410 3907 1493 3970 exei-

219 3991 300 4071 pias,
316 4011 421 4055 omnes
435 3989 598 4054 turmatim
612 3989 647 4053 in
657 3989 736 4052 bane
745 3989 915 4052 doctrinam
929 3990 1152 4054 admittendam
1167 3991 1365 4070 conveniunt,
1378 3994 1492 4058 saltem

219 4077 246 4142 si
257 4086 366 4158 agatur
380 4082 416 4144 de
430 4080 572 4162 opinione
584 4096 654 4142 rere
667 4076 873 4159 probabiliori.

259 4169 409 4230 Caeterum
433 4169 460 4232 si
478 4167 677 4232 intrinsecam
694 4166 788 4248 hujus
807 4166 966 4232 sententia
979 4163 1130 4233 rationem
1148 4170 1306 4254 exquirere
1320 4171 1412 4249 nelis,
1428 4173 1492 4236 alia
1580 4165 1581 4238 ?

220 4252 315 4316 solida
326 4273 388 4319 non
398 4259 522 4321 videtur
535 4254 636 4319 afferri
650 4273 736 4336 posse
748 4260 859 4335 praeter
872 4273 957 4333 eam,
973 4275 1034 4339 qua
1047 4259 1169 4340 probari
1183 4260 1341 4325 consuevit
1356 4279 1489 4344 sequens
1580 4247 1581 4293 ³

218 4342 381 4419 propositio
395 4347 431 4409 de
445 4345 575 4408 liceitate
597 4362 673 4407 usus
696 4343 844 4405 moderari
861 4344 1091 4428 probabitismi,
1110 4349 1223 4412 scilicet
1237 4349 1348 4430 legem,
1364 4349 1391 4412 si
1410 4348 1490 4411 forte

218 4425 313 4504 adsit,
327 4449 390 4494 esse
404 4453 527 4514 prorsus
541 4433 728 4514 ignoratam,
745 4440 777 4497 et
789 4432 915 4514 proinde
928 4453 997 4499 earn
1011 4435 1142 4518 obligare
1156 4456 1219 4501 non
1233 4456 1328 4518 posse.
