3156 5026
199 260 267 320 151
732 264 936 312 rsrcrsrrs

321 436 544 516 Princlpia.

239 597 310 660 703.
333 629 375 638 —
397 595 421 654 1.
442 591 523 652 Ante
543 587 649 652 omnia
672 587 749 652 solvi
772 587 882 650 debent
905 589 1007 653 debite
1029 590 1233 670 privilegiato.
1264 591 1312 653 Sic
1337 610 1376 654 ex
1402 593 1479 656 June

199 691 287 750 Rom.
305 688 334 746 ct
348 681 423 747 Gall.
442 678 549 742 Debita
563 683 669 740 autern
682 676 875 758 privilegiata
889 683 976 754 sunt,
993 699 1023 742 v,
1041 698 1098 760 gn,
1115 679 1261 760 impensae
1278 699 1348 760 que
1362 681 1476 744 dicun-

196 782 252 838 tur
263 772 413 854 justitie,
430 774 500 831 tum
514 767 609 830 ctiam
622 783 759 846 expense
777 765 929 842 funebres
946 767 1098 849 stipendia
1115 768 1304 831 medicorum
1323 776 1356 831 et
1374 769 1476 832 ismu-

198 863 299 926 lorum
322 879 377 942 pro
397 874 478 920 enno
501 861 642 918 currente
662 862 694 917 et
711 855 907 934 precedenti,
924 857 1027 921 debite
1046 875 1100 938 pro
1124 857 1215 932 cibis,
1239 877 1259 920 e
1279 876 1332 920 sex
1349 858 1476 922 ultimis

197 949 369 1014 mensibus.
384 983 422 992 -
439 945 473 1009 C.
490 943 539 1024 C.,
556 948 646 1008 1101.

238 1042 275 1100 Π.
296 1036 433 1102 Secundo
457 1034 519 1096 loco
540 1031 791 1095 satisfaciendum
810 1037 856 1096 est
873 1033 1073 1098 creditoribus
1090 1033 1335 1117 hypothecariiS,
1353 1044 1475 1098 serrato

199 1127 347 1208 temporis
372 1123 494 1198 ordine,
515 1124 606 1203 juxta
628 1121 766 1201 reguiam
790 1125 829 1186 61
849 1123 932 1185 Juris
951 1123 985 1185 in
1003 1127 1055 1186 6⁰:
1073 1123 1132 1200 (bri
1146 1125 1236 1206 prior
1256 1135 1300 1186 est
1319 1133 1472 1208 tempore,

219 1218 300 1278 otior
313 1223 357 1276 est
363 1211 442 1294 jure.

195 1237 217 1299 p
238 1307 288 1368 111.
302 1307 433 1366 ibenium
448 1300 539 1363 tertio
552 1299 615 1362 loco
631 1297 707 1362 solvi
721 1299 832 1362 debent
844 1299 947 1364 debite
962 1299 1148 1376 communic,
1165 1306 1269 1382 utpote
1284 1303 1411 1365 nullum
1421 1307 1474 1386 jus

197 1391 384 1475 prelationis
398 1387 554 1474 babentia.
580 1423 583 1434 ·

238 1485 285 1544 Ex
300 1483 373 1543 Jure
386 1483 523 1542 Romano
541 1493 589 1538 res
612 1473 712 1536 aliene
732 1478 815 1558 spud
834 1477 1003 1541 debitorem
1021 1478 1189 1552 exsistens,
1206 1497 1235 1541 v.
1252 1497 1311 1557 gr,
1330 1480 1368 1542 in
1384 1481 1474 1560 depo

199 1570 272 1644 site,
299 1569 409 1641 locato,
436 1573 507 1640 ete,
535 1569 607 1626 ente
637 1564 742 1626 omnia
767 1565 870 1629 debite
898 1565 1100 1647 quantumvis
1130 1566 1324 1648 privilegiata
1349 1568 1476 1632 restitui

198 1659 322 1723 domino
336 1674 392 1720 suo
407 1655 509 1730 debet;
523 1671 570 1716 res
582 1649 667 1714 enim
681 1652 733 1716 ille
745 1654 779 1716 in
791 1655 888 1735 specie
899 1655 1048 1718 exsistens
1060 1655 1183 1716 domino
1195 1656 1319 1718 emmor.
1334 1659 1415 1720 Item
1427 1677 1474 1720 res

199 1753 303 1828 empta
317 1746 355 1808 ad
370 1743 532 1816 creditum,
549 1741 646 1822 pretio
659 1759 720 1803 non
737 1744 845 1819 soluto,
861 1751 916 1807 eut
928 1744 1037 1806 saitem
1050 1743 1184 1825 pignore,
1199 1743 1405 1826 fidejussione,
1428 1747 1474 1808 vel

199 1838 271 1899 data
284 1835 342 1898 fide
365 1851 427 1896 non
447 1835 635 1905 assecuratc,
652 1829 678 1892 si
690 1831 792 1894 edhuc
807 1831 842 1893 in
861 1851 916 1894 sua
931 1832 1028 1914 specie
1041 1839 1150 1894 exstet.
1163 1867 1204 1878 —
1218 1837 1264 1895 Ex
1277 1837 1352 1897 dure
1368 1841 1471 1896 autem

197 1923 309 1988 Gallico
332 1941 380 1985 res
398 1920 524 1984 vendite
540 1937 604 1982 non
626 1919 724 1982 soluto
744 1921 842 2000 pretio
862 1929 966 1984 monet
984 1921 1116 2001 obligato
1141 1921 1297 1984 venditori
1324 1924 1466 1985 adversus

198 2019 321 2077 caetems
334 2029 440 2074 omnes
461 2007 622 2071 creditores
636 2009 736 2088 quood
754 2008 845 2089 pretii
860 2009 1055 2085 solutionem
1072 2009 1136 2072 imo
1150 2015 1180 2072 et
1192 2010 1260 2092 ipso
1278 2031 1297 2074 a
1315 2011 1466 2074 venditore

199 2101 294 2183 repeti
312 2105 428 2182 potest,
449 2097 475 2160 si
498 2096 621 2160 mobilis
645 2096 701 2173 sit,
719 2097 770 2160 sed
791 2097 875 2160 intro
894 2105 961 2161 octo
975 2099 1039 2161 dies
1057 2117 1076 2160 a
1096 2098 1260 2163 traditione
1282 2106 1411 2162 tentum.
1425 2135 1468 2144 —

201 2189 236 2254 C.
255 2189 281 2253 C
284 2237 304 2264 .,
321 2193 416 2262 2¹02,
432 2191 523 2251 2103.
538 2183 579 2233 -'-
593 2185 670 2248 Vide
681 2186 776 2248 etiam
787 2187 983 2268 dicendaics.
1000 2207 1032 2248 n.
1048 2191 1118 2252 885.

322 2358 516 2436 Quaeslta.

240 2509 310 2569 706.
324 2541 363 2549 —
378 2506 479 2580 Qunn.
498 2507 530 2564 1ο
544 2503 595 2564 Αη
612 2501 716 2564 debita
732 2521 771 2564 ec·
789 2500 900 2564 delicto
915 2506 978 2563 sint
993 2502 1211 2566 soloendcante
1222 2503 1324 2564 debita
1338 2524 1379 2566 er
1399 2525 1473 2566 corr-

201 2592 322 2655 tractu?

240 2685 327 2766 Resp.
352 2681 429 2762 Nep.
455 2678 662 2764 probabilius,
683 2680 734 2742 sed
755 2680 859 2743 omnia
874 2699 959 2762 reque
978 2681 1122 2744 solvenda
1138 2682 1206 2742 srmt
1225 2697 1276 2759 pro
1289 2683 1372 2754 reto,
1390 2681 1470 2760 quie

202 2774 286 2836 nullo
300 2775 369 2854 jure
384 2775 503 2832 constat
519 2769 621 2850 priore
633 2767 851 2849 posterioribus
869 2788 932 2832 esse
946 2768 1141 2850 preferenda.
1155 2805 1193 2814 -
1208 2766 1241 2829 S.
1257 2768 1325 2848 Liq.
1343 2789 1376 2830 n.
1393 2773 1470 2834 688.

241 2865 344 2936 Quen.
360 2864 392 2922 ⁶2⁰
407 2860 458 2920 An
472 2858 573 2921 dedita
586 2877 624 2920 ee
643 2857 732 2919 titulo
748 2878 869 2920 oneroso
885 2859 963 2920 solvi
978 2858 1103 2920 debeant
1121 2869 1190 2920 arte
1206 2857 1303 2919 debita
1324 2877 1362 2918 er
1382 2859 1474 2921 tituto

200 2947 356 3031 preterito?

242 3037 331 3120 Resp.
357 3037 496 3120 Affirm,
525 3034 598 3118 quia
621 3035 675 3115 qui
702 3034 834 3116 gratuito
859 3035 1027 3118 promittit,
1052 3036 1179 3117 apponit
1206 3054 1325 3116 semper
1348 3037 1473 3100 tacitam

203 3125 426 3220 conditionem'·
442 3127 470 3186 si
481 3123 632 3186 commode
643 3134 788 3204 prestare
803 3124 936 3204 voleam;
952 3144 1006 3188 nec
1022 3125 1117 3205 gratis
1140 3125 1221 3187 bono
1239 3125 1408 3205 expendere
1426 3145 1475 3208 pc

203 3218 358 3278 testeum
385 3213 560 3294 prejudicio
587 3212 745 3275 creditoris
773 3231 810 3276 ex
837 3213 945 3278 delicto
972 3213 1019 3276 vel
1044 3233 1081 3276 ex
1101 3219 1272 3277 contractu.
1286 3249 1328 3258 -
1348 3211 1384 3275 S.
1403 3215 1471 3298 Liy.

202 3325 233 3366 n.
248 3307 318 3368 689.
335 3337 375 3350 -
385 3301 487 3384 Lupo.
500 3337 540 3347 -
553 3301 683 3363 Lessius.
700 3337 740 3347 -
754 3301 905 3365 Billuart.

243 3395 343 3469 Quen.
361 3397 391 3456 3ο
406 3394 457 3453 Ar
470 3390 632 3452 creditores
643 3409 793 3472 pauperes
807 3390 954 3453 divitibus
967 3392 1128 3456 necessario
1140 3393 1289 3474 preferri
1300 3393 1445 3455 debeant?

243 3483 333 3564 Resp.
350 3480 440 3562 Nep,
456 3479 517 3543 nisi
530 3478 594 3542 sint
605 3477 639 3541 in
655 3484 790 3542 extreme
802 3480 989 3556 necessitate,
1005 3480 1078 3562 quia
1090 3481 1212 3544 nullum
1221 3485 1274 3564 jus
1289 3481 1474 3562 prelationis

203 3571 333 3647 habent;
350 3577 381 3632 ct
392 3573 444 3650 jus
459 3567 566 3632 divitis
585 3573 650 3630 tam
667 3568 811 3631 strictum
825 3576 871 3631 est
890 3587 984 3650 quom
1002 3569 1163 3650 pauperis,
1178 3589 1250 3633 cum
1261 3570 1383 3652 justitie
1395 3587 1474 3633 com·

203 3660 357 3721 mutetive
379 3659 418 3721 ad
435 3675 579 3738 personas
598 3675 660 3718 non
679 3656 827 3719 attendet.
842 3695 881 3703 -
905 3658 941 3721 S.
962 3658 1033 3741 Lip.
1054 3680 1084 3720 rr.
1106 3661 1176 3722 691.
1191 3695 1232 3738 -,
1247 3660 1351 3741 Lupo,
1371 3659 1403 3720 d.
1420 3677 1474 3730 nr,

203 3768 234 3809 rr.
252 3752 325 3822 161,
342 3751 397 3809 etc.

245 3839 347 3913 Ocres.
364 3841 398 3898 d⁰
413 3836 463 3897 An
476 3834 666 3916 praeferendi
679 3838 739 3895 sint
754 3835 912 3898 creditores
927 3847 1058 3916 tempore
1069 3837 1187 3918 priores
1197 3837 1439 3920 posterioribus?

243 3925 336 4007 Resp.
357 3925 433 4006 Nep.
445 3923 648 4006 probabilius,
668 3924 741 4004 quie
754 3925 803 3987 lex
819 3925 937 3987 nollem
957 3925 1167 4006 prelationem
1188 3926 1271 3990 inter
1283 3927 1349 3988 haec
1364 3925 1477 3988 credita

206 4014 360 4093 assignat,
376 4033 413 4076 ex
421 4015 490 4094 jure
504 4018 610 4075 autem
624 4013 757 4075 naturali
769 4031 875 4076 omnes
892 4013 1054 4077 creditores
1069 4019 1144 4076 sunt
1164 4015 1311 4096 aequales,
1329 4032 1402 4077 cum
1415 4014 1479 4076 sin·

204 4101 268 4182 guli
280 4103 444 4164 dumtaxat
457 4101 491 4163 in
506 4101 653 4164 debitoris
666 4120 844 4182 personam,
860 4121 928 4184 quae
946 4102 1008 4166 sola
1022 4121 1108 4184 reque
1122 4103 1251 4184 singulis
1268 4103 1403 4183 obligate
1414 4109 1477 4174 est,

202 4209 265 4254 non
280 4196 384 4253 autem
398 4191 433 4253 in
451 4191 544 4273 hujus
559 4191 639 4252 bone
651 4193 703 4271 jus
717 4190 858 4254 habeant.
878 4191 910 4254 Si
929 4191 1014 4254 enim
1033 4197 1135 4254 essent
1151 4191 1286 4272 obligata
1299 4191 1381 4254 bona
1394 4191 1477 4254 debi-

202 4279 292 4354 toris,
318 4279 478 4343 creditores
496 4297 602 4342 eorum
619 4277 794 4342 dominium
808 4282 872 4361 jem
891 4279 1056 4355 heberent,
1080 4297 1135 4344 nec
1155 4280 1271 4343 debitor
1289 4299 1324 4342 es
1348 4280 1478 4342 rendere

203 4370 418 4515 {essetquod
440 4367 684 4432 1316116651.-
710 4367 831 4449 Vopler,
852 4389 883 4432 n.
904 4373 1035 4433 136-
1054 4369 1182 4434 Lessirrs.
1198 4403 1238 4416 -
1263 4369 1422 4446 Camere,
1445 4367 1481 4429 de

232 4464 325 4526 onir„
342 4477 372 4516 n.
388 4460 456 4520 391.

242 4541 415 4624 Affirmant
434 4549 537 4607 temen
560 4547 679 4628 plores,
701 4545 774 4628 quie
790 4546 913 4628 (aiunt)
929 4546 1016 4628 prior
1038 4556 1171 4629 tempore
1189 4546 1278 4610 debet
1297 4563 1356 4608 esse
1370 4549 1481 4628 potior
