3216 5020
207 188 274 246 230
733 201 941 246 reserares

246 311 335 392 ltesp.
351 309 442 392 Nep„
459 311 627 390 generatim
641 312 806 391 loquendo,
823 310 885 373 nisi
906 317 1043 372 accurate
1062 309 1222 390 expurgati
1236 307 1367 383 luerint;
1392 327 1478 373 mous

206 407 319 474 tanren,
337 398 363 462 si
377 399 547 480 periculum
561 419 599 461 ex
611 399 651 461 iis
662 399 926 462 reformidandum
939 417 1002 462 non
1015 399 1089 461 adeo
1104 417 1194 478 grave
1209 397 1266 472 sit,
1281 402 1311 459 et
1325 396 1383 459 hoc
1396 416 1479 460 com-

204 487 326 568 pensari
344 506 457 566 magna
477 488 610 550 utilitate
629 507 667 550 ex
685 489 725 550 iis
746 486 891 568 capienda
904 487 1055 549 rideatur.
1072 486 1265 569 rtypographi
1282 503 1352 548 roro
1373 487 1480 550 sedulo

205 575 335 640 edoctis
353 575 520 656 peritisque
539 575 629 650 viris,
646 577 684 638 ab
703 575 912 638 ecclesiasticis
930 575 1099 654 prasertim
1119 574 1346 655 Superioribus,
1369 575 1481 656 exqui-

205 672 276 727 rant
289 664 365 745 quid
378 664 413 727 in
428 663 531 726 dubiis
545 666 698 744 agendum
713 665 765 727 sit.

244 757 345 830 Quae.
361 758 393 816 2⁰
408 754 459 814 An
470 754 563 834 provi
579 753 650 814 libri
665 752 817 815 interdurn
833 752 923 814 vendi
931 753 1070 833 possint?

244 843 332 923 Resp.
355 861 368 904 .·
395 841 482 905 Nullo
508 842 597 905 modo
626 841 899 904 indiscriminatim
927 841 1018 904 vendi
1045 849 1189 922 possunt,
1213 839 1337 902 cuilibet
1364 839 1483 902 scilicet

204 932 348 1011 emptori,
365 936 401 992 ut
420 935 514 1010 patet.
536 932 722 1011 Quandoque
738 938 842 992 tamen
858 929 950 992 vendi
972 937 1102 1010 possunt
1122 929 1198 992 viris
1219 927 1423 1008 prudentibus
1443 947 1483 990 ao

204 1018 314 1094 doetiS,
332 1018 385 1099 qrri
400 1019 579 1099 hujusmodi
598 1018 691 1081 libros
707 1017 827 1081 utiliter
846 1019 943 1098 legere
961 1024 1100 1099 possunt,
1117 1037 1147 1079 v.
1169 1036 1228 1096 gr,
1245 1017 1284 1078 ad
1302 1034 1352 1078 eos
1372 1016 1483 1079 conlu-

205 1109 323 1182 tandos,
338 1114 395 1169 etc.
413 1106 524 1188 Excipe
537 1107 631 1170 libros
645 1127 770 1187 prorsus
784 1107 955 1182 obscoenos,
968 1107 1022 1188 qui
1037 1106 1185 1168 radicitus
1200 1110 1274 1168 sunt
1288 1105 1479 1186 extirpandi.

244 1199 346 1272 Quae.
363 1199 395 1258 3⁰
415 1195 497 1270 Quid
510 1195 544 1257 de
559 1195 723 1258 donatione
737 1206 789 1257 ant
804 1194 951 1258 locotione
962 1215 1125 1276 pronomen
1139 1193 1303 1256 librornm?

242 1294 331 1376 Resp.
344 1313 356 1354 .·
370 1294 453 1355 Idem
465 1292 635 1372 generatim
645 1293 818 1368 dioendmn,
833 1293 1026 1374 proportione
1039 1299 1173 1366 servata,
1188 1311 1222 1354 ao
1233 1293 1269 1354 de
1282 1311 1390 1355 eorum
1404 1311 1481 1354 ven-

203 1381 334 1455 ditione,
351 1381 424 1463 quia
437 1379 542 1444 omnia
553 1381 617 1444 haeo
634 1383 876 1463 corruptelarum
889 1382 976 1463 plena
988 1387 1072 1444 sunt.
1084 1417 1125 1426 —
1136 1380 1275 1459 Goasset,
1286 1380 1306 1442 l.
1320 1383 1390 1455 l,n.
1405 1385 1480 1445 392.

243 1471 345 1545 Qum.
365 1475 397 1532 4⁰
409 1471 460 1532 An
474 1469 620 1550 ejusmodi
636 1470 710 1532 libri
725 1471 847 1531 domino
862 1469 951 1532 reddi
960 1472 1096 1552 possint?

243 1557 331 1637 Resp.
349 1559 437 1638 Nep„
454 1558 516 1620 nisi
534 1561 668 1639 prudens
686 1559 780 1622 timor
796 1559 968 1640 cujuspiam
987 1559 1088 1638 gravis
1102 1558 1288 1621 incommodi
1303 1558 1393 1620 aliter
1407 1577 1481 1620 sua-

203 1648 283 1709 deat.
301 1651 361 1709 Hoc
375 1665 413 1709 ex
429 1646 607 1727 principiis,
625 1667 693 1728 qua
708 1647 908 1722 tradidimuS,
925 1667 982 1709 sua
996 1654 1102 1727 sponte
1118 1646 1236 1709 defluit.
1254 1650 1352 1710 Grave
1371 1653 1481 1710 autem

201 1735 433 1798 incommodum
452 1737 639 1798 censendum
657 1742 719 1812 est,
737 1736 763 1798 si
778 1755 884 1815 grasm
903 1737 1000 1809 rixas,
1017 1734 1239 1816 blasphemias,
1255 1735 1340 1808 odia,
1357 1736 1480 1816 aliaque

203 1825 352 1905 ejusmodi
372 1844 391 1886 a
409 1824 534 1887 domino
553 1825 758 1904 pertimescas.
781 1825 871 1887 Levis
893 1824 1100 1899 contristatio,
1122 1825 1169 1887 rel
1188 1822 1283 1886 etiam
1302 1825 1395 1886 timor
1415 1824 1480 1886 dis·

203 1913 352 1976 solvenda
375 1912 519 1975 amicitia
537 1931 600 1976 non
619 1921 793 1976 censeretur
811 1931 883 1976 saue
904 1913 997 1987 ratio,
1022 1914 1129 1976 saltem
1151 1914 1346 1994 plerumque,
1367 1931 1479 1994 pravos

202 1999 296 2064 libros
310 2001 407 2064 amico
421 2001 578 2064 reddendi.

242 2090 288 2152 ne
299 2090 514 2174 prohibitione
529 2090 678 2152 librorum
693 2091 824 2152 dicemus
841 2095 874 2152 in
890 2091 991 2153 Troot.
1006 2091 1042 2152 de
1059 2090 1212 2153 Censoris.

690 2271 738 2325 ΙΙΙ.
752 2300 789 2310 -
807 2268 848 2326 lia
861 2269 987 2326 adoreis.

242 2425 313 2484 ili.
330 2457 368 2466 ——
388 2422 509 2484 Chorea
533 2422 580 2484 rel
602 2421 791 2498 saltationes,
807 2429 899 2502 prout
919 2424 1010 2502 vulgo
1031 2423 1126 2497 fiunt,
1146 2421 1274 2502 periculi
1293 2428 1323 2484 et
1343 2421 1476 2484 scandali

203 2511 299 2591 plenae
312 2517 401 2584 suut,
418 2510 656 2591 innumerasque
671 2511 791 2573 animas
805 2511 919 2574 diaboli
937 2511 1053 2592 laqueis
1072 2511 1234 2586 irretiunt3
1251 2517 1281 2573 et
1300 2509 1332 2572 in
1351 2510 1407 2572 hoc
1426 2511 1475 2572 lu·

203 2597 293 2662 dendi
318 2618 414 2679 genus
435 2598 625 2662 unanimiter
648 2599 840 2662 invehuntur
858 2600 956 2662 saneti
977 2603 1091 2662 Patres.
1112 2602 1257 2662 Attamen
1281 2599 1391 2661 choroza
1410 2617 1477 2661 non

203 2707 288 2769 aque
302 2706 407 2750 omnes
419 2687 502 2749 idem
516 2688 635 2750 malum
649 2694 705 2750 aut
718 2688 891 2768 periculum
904 2687 1072 2769 perteniat.

324 2834 549 2914 Principia.

242 2964 265 3023 l.
283 2961 419 3037 chorea,
435 2983 492 3045 per
505 2982 550 3041 se,
566 2962 660 3026 etiam
674 2964 757 3025 inter
770 2963 883 3026 diversi
899 2982 988 3026 sexus
1004 2981 1161 3044 personas,
1177 2981 1240 3026 non
1257 2970 1331 3025 sunt
1346 2963 1474 3040 illicita,

204 3049 230 3112 si
244 3049 320 3112 fiant
332 3050 459 3114 honesto
473 3053 573 3126 modo,
584 3050 618 3113 id
631 3058 678 3114 est
692 3059 808 3114 remoto
822 3052 908 3115 omni
921 3059 1015 3127 tactu,
1030 3059 1132 3133 gestu,
1150 3059 1204 3114 aut
1219 3059 1289 3114 actu
1305 3052 1473 3132 impudico.

202 3138 290 3202 Ratio
304 3145 366 3215 est,
383 3140 456 3220 quia
469 3140 585 3204 chorea
598 3159 651 3220 per
666 3159 696 3202 se
711 3139 920 3204 indifferentes
932 3146 1022 3215 sunt,
1038 3159 1094 3203 neo
1108 3142 1170 3205 ulla
1184 3141 1248 3220 lege
1259 3141 1473 3222 prohibentur.

203 3263 240 3272 -
254 3227 305 3289 Ite
321 3231 527 3292 communiter.
540 3265 581 3276 -
597 3230 632 3292 S.
646 3230 716 3310 Lip.
734 3227 756 3289 l.
772 3231 828 3304 III,
845 3250 875 3290 n.
894 3233 978 3292 aaa?

241 3319 277 3378 ll.
294 3317 415 3380 Ghoreae
441 3318 610 3381 inhonesta
641 3318 759 3380 ratione
784 3319 980 3395 nuditatum,
1010 3317 1093 3380 modi
1119 3318 1265 3391 saltandi,
1293 3317 1473 3393 verborum,

203 3412 360 3484 gestuum,
378 3414 543 3482 cantuum,
560 3413 689 3488 possunt
703 3425 767 3470 esse
781 3408 915 3486 graviter
929 3407 1058 3483 illie-ita,
1075 3411 1111 3469 ut
1124 3413 1218 3488 patet.
1239 3397 1322 3469 Inter
1339 3405 1407 3468 illas
1420 3425 1475 3468 au-

202 3498 265 3555 tem
280 3513 298 3556 a
313 3495 422 3558 multis
439 3503 634 3559 recensentur
655 3495 831 3558 saltationes
850 3495 1046 3570 recentiores,
1067 3515 1137 3577 qua
1158 3495 1260 3576 gallice
1280 3495 1426 3557 dicuntur
1445 3493 1475 3555 lo

209 3580 309 3656 Volso,
326 3582 356 3645 la
371 3583 483 3662 Polla,
502 3583 529 3646 ie
542 3583 655 3666 Gobp,
672 3590 704 3646 et
717 3584 784 3647 alia
797 3583 867 3646 istis
883 3584 1009 3647 similes
1022 3587 1064 3646 Aa
1077 3583 1257 3648 Conlessarii
1268 3583 1328 3646 erit
1337 3583 1476 3664 judicare

202 3667 239 3729 de
252 3670 487 3749 particularibus
502 3672 623 3735 casibus
640 3692 678 3734 ex
691 3675 796 3748 modo,
815 3671 1072 3748 circiunstantiiS,
1089 3672 1238 3752 gravitate
1251 3671 1378 3746 motivi,
1394 3679 1452 3734 elo.

242 3759 292 3819 Ill.
310 3760 346 3820 In
359 3760 446 3840 praxi
461 3761 630 3841 generatim
644 3761 759 3824 choreae
773 3761 917 3844 qualibet
931 3762 1014 3824 inter
1025 3779 1167 3842 personas
1182 3759 1293 3823 diversi
1309 3779 1400 3822 sexus
1415 3760 1474 3822 im·

202 3844 360 3924 pediendae
375 3855 463 3922 sunt,
479 3855 633 3930 quantum
646 3849 712 3912 lieri
727 3856 842 3930 potest;
859 3850 932 3931 quia
946 3857 1037 3932 prout
1051 3849 1157 3912 haberi
1172 3849 1279 3922 solent,
1295 3849 1474 3929 plerumque

202 3932 376 4012 periculosa
391 3943 474 3998 sunt.
488 3937 565 4000 Hinc
577 3937 703 4000 Parochi
715 3944 746 4000 et
760 3937 939 4001 Confessarii
953 3938 1092 4001 subditos
1104 3944 1134 4000 et
1146 3937 1330 4018 prenitentes
1345 3935 1384 3999 ab
1398 3937 1470 4010 illis,

204 4029 356 4100 quantum
378 4023 444 4087 fiori
467 4032 583 4105 potest,
607 4031 742 4088 avertere
760 4025 882 4088 debent.
899 4063 939 4072 —-
957 4027 1008 4088 Ita
1026 4029 1221 4088 commonitor
1241 4031 1353 4088 nostra
1373 4024 1472 4089 atatis

203 4109 356 4187 Doctores,
371 4119 401 4175 et
417 4113 592 4176 animarum
606 4113 779 4176 directores.

327 4257 538 4325 ResolveS.

245 4385 313 4446 243.
331 4392 418 4449 -10
433 4388 491 4463 Qui
506 4388 551 4451 ita
565 4387 682 4451 infirmi
697 4396 785 4462 sunt,
803 4395 839 4450 ut
853 4407 943 4469 grave
956 4389 1098 4469 peccandi
1111 4389 1280 4470 periculum
1296 4387 1426 4451 subeant
1439 4387 1471 4449 in
1569 4419 1572 4428 ·

205 4471 434 4550 saltationibus,
451 4475 488 4538 ab
510 4474 548 4538 iis
567 4477 625 4539 sub
645 4484 764 4557 peccato
786 4475 907 4539 mortali
925 4477 1078 4540 abstinere
1092 4477 1218 4554 debent;
1240 4477 1300 4540 nisi
1322 4475 1399 4542 forte
1417 4475 1471 4538 ali·
