3206 5024
544 279 587 323 nn
606 277 806 322 sancerrrs
826 276 997 322 nnmnoer
1339 265 1408 325 319

126 417 130 424 ·
173 392 296 472 Triplex
310 389 515 470 distinguitur
529 393 680 452 secretum
697 407 705 448 :

174 487 207 544 10
229 478 392 548 Naturale,
420 478 446 540 si
467 477 505 540 ab
524 477 590 558 ipsa
613 480 726 538 natura
744 476 788 538 rei
807 476 938 538 celandae
956 475 1144 556 imponatur,
1161 494 1191 537 r.
1210 493 1269 556 gn,
1289 477 1409 558 siquid

133 569 213 633 selas
227 568 309 650 quod
328 567 523 630 manifestare
536 583 670 646 nequeas
684 565 749 627 sine
764 565 850 646 gravi
868 563 994 628 alterius
1012 564 1135 627 lesione
1149 563 1261 626 sivein
1275 566 1409 628 aestima-

133 659 234 732 tione,
252 657 315 719 sive
326 655 360 717 in
374 655 478 728 bonis,
496 661 552 717 eto.

129 786 133 792 -
174 751 207 810 2⁰
226 747 423 820 Promissum,
447 743 474 804 si
494 741 867 825 quiS‚arcan11mabalio
889 743 1016 806 audiens
1037 743 1085 806 vel
1106 759 1176 804 casu
1191 741 1324 819 discens,
1340 762 1408 824 pro-

133 835 242 898 mittat
256 851 287 896 se
301 833 332 895 id
346 850 410 894 non
423 833 642 894 revelaturum.

176 927 207 987 30
232 923 440 998 Commissum,
467 921 586 1002 siquis
612 920 700 982 alteri
719 919 879 1000 quidpiam
899 919 1089 994 manifestet,
1113 924 1145 981 et
1168 918 1261 982 simul
1285 922 1322 983 ab
1343 919 1409 1002 ipso

133 1011 294 1076 silentium
308 1009 386 1072 eirca
398 1007 475 1072 illud
489 1008 580 1071 tacite
595 1009 643 1072 vel
657 1026 796 1088 expresse
809 1007 922 1088 exigat.
1328 1023 1330 1028 ’

256 1197 481 1277 Principia.

175 1363 247 1424 ree.
262 1395 302 1404 —-
315 1361 338 1420 l.
356 1361 511 1422 Secretum
526 1357 667 1420 naturale
681 1357 715 1419 in
729 1374 762 1419 re
776 1355 862 1436 gravi
874 1356 987 1437 obligat
997 1375 1053 1439 per
1066 1377 1095 1418 se
1109 1357 1167 1420 sub
1182 1358 1282 1439 gravi,
1298 1365 1330 1421 et
1343 1359 1411 1441 qui·

136 1450 207 1511 dem
227 1446 420 1530 exjustitia,
441 1445 503 1509 nisi
518 1448 604 1528 justa
622 1464 713 1508 eausa
731 1451 863 1508 excuset.
884 1444 973 1509 Ratio
994 1453 1054 1518 est,
1077 1445 1149 1526 quia
1168 1464 1206 1508 ex
1228 1447 1410 1511 revelatione

136 1537 242 1600 secreti
256 1535 395 1617 sequitur
409 1555 470 1617 per
485 1554 515 1596 se
534 1535 685 1597 damnum
703 1533 851 1615 proximi,
868 1533 922 1614 qui
934 1535 986 1614 J‘us
999 1533 1106 1609 habet,
1122 1550 1161 1595 ne
1175 1534 1243 1597 sine
1256 1553 1348 1598 causa
1362 1556 1411 1598 ra-

136 1626 276 1689 tionabili
290 1626 428 1687 laedatur.
448 1659 487 1669 -
502 1623 539 1684 S.
551 1623 621 1705 Lip.
637 1643 668 1683 o.
685 1626 755 1686 970.
772 1659 811 1668 --
825 1621 935 1700 Salac,
952 1629 1008 1686 ete.

176 1717 213 1776 ll.
238 1715 393 1776 Socratem
413 1715 609 1794 promissam,
631 1718 741 1792 preter
760 1710 977 1791 obligationem
1003 1710 1109 1774 secreti
1129 1712 1294 1786 naturalis,
1317 1731 1412 1792 quam

133 1803 254 1866 ratione
268 1801 406 1864 materia
420 1801 584 1882 aliquando
598 1801 741 1863 inducere
757 1805 871 1880 potest,
885 1819 942 1881 per
955 1819 1000 1874 se,
1019 1800 1052 1863 vi
1069 1799 1163 1862 solius
1183 1799 1409 1880 promissionis,

136 1891 252 1972 obligat
264 1890 398 1971 graviter
410 1890 457 1952 rel
472 1889 579 1952 lexiter
592 1892 683 1970 juxta
699 1888 904 1951 intentionem
920 1888 1130 1968 promittentis
1147 1907 1154 1949 :
1171 1889 1289 1964 leviter,
1304 1889 1330 1951 si
1343 1906 1412 1968 pro-

134 1980 280 2054 mittens,
298 1983 334 2040 ut
348 1996 426 2058 sape
436 1977 488 2052 fit,
505 1995 543 2040 ex
557 1977 702 2040 fidelitate
717 1983 859 2052 tantum;
876 1976 1010 2058 graviter
1024 1977 1059 2040 in
1074 1977 1203 2040 materia
1217 1977 1319 2057 gravi,
1334 1977 1361 2039 si
1375 1995 1413 2040 ex

128 2068 257 2150 justitia
271 2086 303 2130 se
316 2066 449 2145 obligare
463 2065 603 2128 voluerit.
620 2102 659 2110 —
671 2066 708 2129 S.
725 2065 806 2146 Lip„
826 2065 915 2141 iota,
933 2075 961 2128 et
975 2066 1033 2128 otii
1043 2070 1250 2127 communiter.
1372 2121 1373 2124 ,

177 2159 228 2217 111.
244 2157 400 2216 Secretum
419 2157 606 2215 commissam
623 2173 677 2216 seu
691 2157 953 2231 communicatum,
970 2156 1051 2236 quod
1065 2155 1178 2217 dieitur
1192 2154 1285 2217 etiam
1299 2155 1413 2236 rigoro-

136 2262 224 2318 sum,
240 2241 353 2321 obligat
362 2262 420 2324 per
431 2261 461 2303 se
475 2241 532 2304 sub
547 2243 632 2322 gravi
652 2241 840 2324 exjustitia,
857 2248 888 2304 et
906 2243 1031 2324 quidem
1051 2242 1189 2306 strictius
1208 2262 1242 2305 ac
1263 2249 1413 2306 secretum

128 2350 220 2407 ‚mere
238 2330 392 2406 naturale,
413 2339 504 2412 atque
525 2331 620 2394 etiem
644 2331 847 2412 promissum;
869 2332 942 2413 quia
960 2339 1071 2412 praeter
1085 2332 1302 2414 obligationem
1324 2339 1414 2395 natu-

126 2419 232 2506 ralem
246 2427 335 2498 urget
348 2418 442 2481 etiam
456 2419 599 2499 obligatio
612 2439 649 2482 ex
662 2426 820 2484 contractu
834 2438 959 2484 oneroso
975 2439 1114 2501 expresse
1131 2421 1178 2485 vel
1200 2421 1291 2484 tacite
1313 2440 1413 2486 susce-

133 2507 528 2590 pta-scopatio.
983 2507 985 2514 ’

256 2695 457 2772 Quaesita.

174 2861 246 2921 tro.
260 2893 300 2901 —
312 2859 413 2932 Quen.
431 2862 463 2920 10
480 2857 623 2932 Quanam
637 2861 700 2918 sint
714 2877 808 2920 eoasoe
812 2859 909 2940 justa
923 2865 1069 2920 secretum
1082 2857 1316 2942 manifestandi?

126 3021 131 3028 Ι
176 2946 266 3028 Resp.
291 2965 303 3006 .·
324 2951 356 3008 10
377 2949 548 3008 Consensus
567 2953 646 3008 reete
667 2953 874 3028 praesumptus
893 2946 992 3021 illius,
1011 2950 1098 3027 eujus
1116 2947 1245 3010 interest
1264 2955 1414 3011 secretum

136 3033 292 3098 occultari.
308 3070 348 3079 -
362 3038 394 3096 2⁰
408 3033 581 3114 Divulgatio
600 3034 643 3096 roi
662 3035 785 3098 aliunde
799 3035 941 3114 prolecta.
963 3071 1002 3080 —
1025 3040 1056 3099 3⁰
1070 3039 1224 3098 Damnum
1244 3055 1281 3098 es
1302 3043 1413 3099 serrato

128 3127 315 3202 secuturum
328 3121 511 3202 Reipublicae
523 3123 571 3184 vel
582 3123 722 3204 privatis.
738 3124 883 3186 Attamen
898 3123 923 3185 si
939 3130 1049 3202 agatur
1061 3125 1097 3186 de
1112 3125 1224 3188 damno
1236 3127 1302 3206 jam
1317 3126 1412 3202 illato,

133 3230 198 3275 non
212 3217 296 3290 potes
310 3210 392 3273 licite
407 3219 557 3292 secretum
574 3211 776 3274 commissum
790 3214 938 3286 revelare,
952 3225 1109 3293 quousque
1124 3213 1337 3276 damnificatur
1348 3213 1414 3293 ipse

134 3319 168 3362 se
182 3300 305 3380 prodere
316 3318 379 3361 non
393 3305 524 3361 tenetur.
539 3335 581 3346 -
591 3299 626 3360 S.
643 3301 748 3381 Ligor.
764 3321 795 3360 a.
813 3305 884 3375 971,
900 3301 996 3381 Lupo,
1016 3300 1165 3380 Serretes,
1181 3309 1237 3365 etc.

176 3391 278 3464 ann.
294 3391 329 3450 2⁰
341 3387 390 3450 Aa
402 3391 499 3471 possis
516 3389 652 3450 revelare
671 3399 834 3465 secretam,
852 3392 879 3450 si
888 3393 1070 3470 promiseris
1088 3389 1166 3454 illud
1187 3409 1306 3452 servare
1325 3390 1414 3450 etiam

131 3496 201 3538 cam
216 3477 284 3538 vita
291 3479 436 3558 jactura?

175 3565 264 3646 Resp.
283 3571 314 3627 10
328 3566 352 3626 Α
358 3565 455 3647 [firm.
459 3612 469 3644 ,
486 3565 513 3626 si
529 3564 606 3626 illud
624 3565 726 3646 exigat
743 3565 861 3630 bonum
875 3583 1052 3643 eomntune,
1069 3567 1142 3650 quia
1162 3565 1322 3647 promissio
1337 3565 1415 3630 iacta

133 3657 240 3716 contra
254 3655 370 3716 bonum
385 3672 546 3716 commune
561 3654 646 3716 nulla
658 3660 715 3717 est.

126 3819 130 3826 ¹
175 3743 269 3824 Resp.
293 3747 325 3804 10
344 3743 435 3824 Nep,
459 3742 485 3804 si
507 3749 616 3823 agatur
638 3745 673 3820 de
692 3750 745 3806 tuo
763 3744 883 3824 proprio
898 3746 1010 3807 damno
1029 3743 1208 3826 simpliciter
1222 3741 1323 3824 gravi,
1340 3743 1415 3825 quia

132 3837 262 3913 prestat
282 3849 400 3894 servare
423 3837 574 3894 secretum
594 3831 652 3894 boc
673 3832 793 3913 speciali
816 3838 971 3898 contractu
994 3833 1191 3914 promissum.
1218 3831 1295 3916 Nep.
1319 3831 1414 3895 etiam

129 3919 339 4003 probabilius,
357 3919 383 3982 si
398 3927 505 4000 agatur
520 3919 556 3982 de
571 3921 750 4008 damnique
765 3927 917 3998 extremo,
930 3922 1003 4004 quia
1011 3921 1076 4003 Juri
1090 3929 1142 3983 tuo
1153 3939 1290 4001 expresse
1299 3939 1414 3984 renun-

134 4007 222 4070 tiasti
231 4056 238 4082 ‚
248 4027 303 4071 nec
317 4008 389 4070 illici
395 4013 462 4071 tum
476 4015 522 4070 est
533 4009 674 4071 omittere
684 4010 757 4073 vita
767 4012 1042 4085 conservationem,
1056 4008 1286 4089 utpromissum
1300 4027 1410 4072 serves.

132 4099 176 4142 -‘
191 4097 245 4158 lto
257 4097 355 4178 Lupo,
371 4097 516 4172 Locroic,
534 4107 563 4158 et
573 4095 609 4160 S.
624 4097 694 4180 Lig.
714 4117 745 4159 a.
763 4103 833 4163 971.
851 4136 890 4146 -
904 4100 1050 4162 Attamen
1067 4099 1096 4160 S.
1113 4099 1227 4160 Auctor
1241 4097 1414 4178 oppositum

133 4184 213 4248 satis
227 4185 381 4265 probabile
392 4185 503 4247 merito
518 4185 602 4247 dicit.

176 4277 247 4336 171.
264 4309 303 4320 -
317 4275 417 4348 Quen.
436 4278 467 4336 30
481 4275 532 4335 An
546 4282 650 4355 peccet
667 4263 802 4357 graviter
820 4277 876 4358 qui
892 4273 1006 4336 revelat
1023 4283 1169 4336 secretam
1190 4274 1244 4336 uni
1262 4275 1309 4337 aet
1325 4273 1415 4337 elteri

133 4362 200 4424 ario
209 4361 304 4444 probo
320 4361 373 4422 sab
387 4361 485 4423 eodem
499 4364 631 4424 secreto?

176 4450 270 4533 desp.
287 4450 364 4532 Nep.
376 4449 583 4532 probabiliter
592 4471 650 4534 per
659 4471 688 4514 se
695 4471 708 4530 ,·
723 4451 796 4533 quia
810 4451 844 4515 in
858 4452 915 4515 hoa
924 4469 995 4514 casu
1004 4451 1105 4532 gravis
1117 4451 1308 4534 injuriaerga
1317 4454 1414 4518 alium

132 4539 291 4603 committi
303 4557 366 4602 non
376 4538 509 4602 videtur.
522 4539 633 4619 Excipe
644 4541 809 4604 dummodo
819 4559 882 4603 non
896 4539 1047 4603 reveletur
1055 4559 1190 4622 persona
1203 4541 1414 4606 euisceratam
