<?xml version="1.0" encoding="UTF-8"?>
<!DOCTYPE html PUBLIC "-//W3C//DTD XHTML 1.0 Transitional//EN"
    "http://www.w3.org/TR/xhtml1/DTD/xhtml1-transitional.dtd">
<html xmlns="http://www.w3.org/1999/xhtml" xml:lang="en" lang="en">
 <head>
  <title>
</title>
<meta http-equiv="Content-Type" content="text/html;charset=utf-8" />
  <meta name='ocr-system' content='tesseract 3.04.00' />
  <meta name='ocr-capabilities' content='ocr_page ocr_carea ocr_par ocr_line ocrx_word'/>
</head>
<body>
  <div class='ocr_page' id='page_1' title='image "./compendiumtheol02gurygoog_0169.png"; bbox 0 0 3202 5020; ppageno 0'>
   <div class='ocr_carea' id='block_1_1' title="bbox 164 163 903 224">
    <p class='ocr_par' dir='ltr' id='par_1_1' title="bbox 164 163 903 224">
     <span class='ocr_line' id='line_1_1' title="bbox 164 163 903 224; baseline -0.008 0"><span class='ocrx_word' id='word_1_1' title='bbox 164 163 231 224; x_wconf 75' lang='lat'><strong>152</strong></span> <span class='ocrx_word' id='word_1_2' title='bbox 698 173 903 220; x_wconf 72' lang='lat' dir='ltr'><strong>reserares</strong></span> 
     </span>
    </p>
   </div>
   <div class='ocr_carea' id='block_1_2' title="bbox 205 313 1059 538">
    <p class='ocr_par' dir='ltr' id='par_1_2' title="bbox 205 313 1059 538">
     <span class='ocr_line' id='line_1_2' title="bbox 286 313 1049 446; baseline 0.008 -70"><span class='ocrx_word' id='word_1_3' title='bbox 286 313 481 390; x_wconf 84' lang='lat' dir='ltr'><strong>Quaesita.</strong></span> <span class='ocrx_word' id='word_1_4' title='bbox 1025 393 1049 446; x_wconf 61' lang='lat'><strong>·</strong></span> 
     </span>
     <span class='ocr_line' id='line_1_3' title="bbox 205 454 1059 538; baseline -0.008 -15"><span class='ocrx_word' id='word_1_5' title='bbox 205 463 255 524; x_wconf 81' lang='grc'><strong>97.</strong></span> <span class='ocrx_word' id='word_1_6' title='bbox 272 493 311 504; x_wconf 89' lang='grc'>-</span> <span class='ocrx_word' id='word_1_7' title='bbox 324 460 426 534; x_wconf 76' lang='lat' dir='ltr'><strong>Quae.</strong></span> <span class='ocrx_word' id='word_1_8' title='bbox 443 463 476 520; x_wconf 86' lang='lat' dir='ltr'><strong>l⁰</strong></span> <span class='ocrx_word' id='word_1_9' title='bbox 488 457 540 520; x_wconf 81' lang='lat' dir='ltr'><strong>Aa</strong></span> <span class='ocrx_word' id='word_1_10' title='bbox 555 456 666 537; x_wconf 80' lang='lat' dir='ltr'><strong>oblipet</strong></span> <span class='ocrx_word' id='word_1_11' title='bbox 678 455 728 518; x_wconf 75' lang='lat' dir='ltr'><strong>lea</strong></span> <span class='ocrx_word' id='word_1_12' title='bbox 745 456 832 519; x_wconf 77' lang='lat' dir='ltr'><strong>dubie</strong></span> <span class='ocrx_word' id='word_1_13' title='bbox 846 454 1059 538; x_wconf 64' lang='lat' dir='ltr'><strong>promulgato?</strong></span> 
     </span>
    </p>
   </div>
   <div class='ocr_carea' id='block_1_3' title="bbox 164 544 1450 2136">
    <p class='ocr_par' dir='ltr' id='par_1_3' title="bbox 167 544 1446 716">
     <span class='ocr_line' id='line_1_4' title="bbox 206 544 1446 630; baseline 0 -20"><span class='ocrx_word' id='word_1_14' title='bbox 206 548 296 630; x_wconf 82' lang='lat' dir='ltr'><strong>Resp.</strong></span> <span class='ocrx_word' id='word_1_15' title='bbox 308 546 399 628; x_wconf 73' lang='lat' dir='ltr'><strong>Nep,</strong></span> <span class='ocrx_word' id='word_1_16' title='bbox 416 547 490 627; x_wconf 92' lang='lat' dir='ltr'><strong>quia</strong></span> <span class='ocrx_word' id='word_1_17' title='bbox 503 563 565 608; x_wconf 90' lang='lat' dir='ltr'><strong>non</strong></span> <span class='ocrx_word' id='word_1_18' title='bbox 578 553 625 608; x_wconf 88' lang='lat' dir='ltr'><strong>est</strong></span> <span class='ocrx_word' id='word_1_19' title='bbox 641 544 825 608; x_wconf 86' lang='lat' dir='ltr'><strong>sufficienter</strong></span> <span class='ocrx_word' id='word_1_20' title='bbox 836 544 1032 606; x_wconf 87' lang='lat' dir='ltr'><strong>manifestata</strong></span> <span class='ocrx_word' id='word_1_21' title='bbox 1043 550 1075 606; x_wconf 89' lang='lat' dir='ltr'><strong>et</strong></span> <span class='ocrx_word' id='word_1_22' title='bbox 1090 544 1251 621; x_wconf 89' lang='lat' dir='ltr'><strong>intimata,</strong></span> <span class='ocrx_word' id='word_1_23' title='bbox 1269 552 1299 608; x_wconf 89' lang='lat' dir='ltr'><strong>et</strong></span> <span class='ocrx_word' id='word_1_24' title='bbox 1312 547 1446 627; x_wconf 88' lang='lat' dir='ltr'><strong>proinde</strong></span> 
     </span>
     <span class='ocr_line' id='line_1_5' title="bbox 167 632 1137 716; baseline -0.002 -18"><span class='ocrx_word' id='word_1_25' title='bbox 167 634 261 698; x_wconf 92' lang='lat' dir='ltr'><strong>dubia</strong></span> <span class='ocrx_word' id='word_1_26' title='bbox 274 641 334 711; x_wconf 87' lang='lat' dir='ltr'><strong>est;</strong></span> <span class='ocrx_word' id='word_1_27' title='bbox 348 635 511 698; x_wconf 78' lang='lat' dir='ltr'><strong>lexautem</strong></span> <span class='ocrx_word' id='word_1_28' title='bbox 526 635 620 697; x_wconf 91' lang='lat' dir='ltr'><strong>dubia</strong></span> <span class='ocrx_word' id='word_1_29' title='bbox 633 651 696 697; x_wconf 90' lang='lat' dir='ltr'><strong>ncu</strong></span> <span class='ocrx_word' id='word_1_30' title='bbox 710 632 833 712; x_wconf 88' lang='lat' dir='ltr'><strong>obligat.</strong></span> <span class='ocrx_word' id='word_1_31' title='bbox 850 667 890 678; x_wconf 90' lang='lat'><strong>-—</strong></span> <span class='ocrx_word' id='word_1_32' title='bbox 904 632 941 696; x_wconf 88' lang='lat' dir='ltr'><strong>S.</strong></span> <span class='ocrx_word' id='word_1_33' title='bbox 955 633 1026 716; x_wconf 75' lang='lat' dir='ltr'><strong>La&#39;p.</strong></span> <span class='ocrx_word' id='word_1_34' title='bbox 1042 653 1073 693; x_wconf 80' lang='lat' dir='ltr'><strong>a.</strong></span> <span class='ocrx_word' id='word_1_35' title='bbox 1085 636 1137 696; x_wconf 81' lang='grc'><strong>97.</strong></span> 
     </span>
    </p>

    <p class='ocr_par' dir='ltr' id='par_1_4' title="bbox 206 721 1314 806">
     <span class='ocr_line' id='line_1_6' title="bbox 206 721 1314 806; baseline 0 -20"><span class='ocrx_word' id='word_1_36' title='bbox 206 727 308 800; x_wconf 76' lang='lat' dir='ltr'><strong>Quae.</strong></span> <span class='ocrx_word' id='word_1_37' title='bbox 323 728 356 786; x_wconf 71' lang='grc'><strong>90</strong></span> <span class='ocrx_word' id='word_1_38' title='bbox 371 724 422 785; x_wconf 84' lang='lat' dir='ltr'><strong>Aa</strong></span> <span class='ocrx_word' id='word_1_39' title='bbox 436 723 511 805; x_wconf 79' lang='lat' dir='ltr'><strong>leges</strong></span> <span class='ocrx_word' id='word_1_40' title='bbox 523 723 690 806; x_wconf 74' lang='lat' dir='ltr'><strong>pontificiae</strong></span> <span class='ocrx_word' id='word_1_41' title='bbox 704 721 837 804; x_wconf 82' lang='lat' dir='ltr'><strong>oblipent</strong></span> <span class='ocrx_word' id='word_1_42' title='bbox 846 726 948 784; x_wconf 81' lang='lat' dir='ltr'><strong>statim</strong></span> <span class='ocrx_word' id='word_1_43' title='bbox 962 741 997 784; x_wconf 88' lang='lat' dir='ltr'><strong>ac</strong></span> <span class='ocrx_word' id='word_1_44' title='bbox 1007 721 1206 803; x_wconf 78' lang='lat' dir='ltr'><strong>praaalpotoe</strong></span> <span class='ocrx_word' id='word_1_45' title='bbox 1220 723 1314 786; x_wconf 77' lang='lat' dir='ltr'><strong>aaut?</strong></span> 
     </span>
    </p>

    <p class='ocr_par' dir='ltr' id='par_1_5' title="bbox 167 809 1443 982">
     <span class='ocr_line' id='line_1_7' title="bbox 204 809 1443 895; baseline 0.002 -21"><span class='ocrx_word' id='word_1_46' title='bbox 204 813 297 894; x_wconf 79' lang='lat' dir='ltr'><strong>Reep.</strong></span> <span class='ocrx_word' id='word_1_47' title='bbox 308 812 436 895; x_wconf 79' lang='lat' dir='ltr'><strong>Affirm.</strong></span> <span class='ocrx_word' id='word_1_48' title='bbox 450 817 511 877; x_wconf 81' lang='lat' dir='ltr'><strong>Lex</strong></span> <span class='ocrx_word' id='word_1_49' title='bbox 524 812 609 874; x_wconf 90' lang='lat' dir='ltr'><strong>enim</strong></span> <span class='ocrx_word' id='word_1_50' title='bbox 627 812 822 893; x_wconf 85' lang='lat' dir='ltr'><strong>promulgata</strong></span> <span class='ocrx_word' id='word_1_51' title='bbox 838 829 873 873; x_wconf 90' lang='lat' dir='ltr'><strong>ec</strong></span> <span class='ocrx_word' id='word_1_52' title='bbox 890 811 956 891; x_wconf 88' lang='lat' dir='ltr'><strong>ipsc</strong></span> <span class='ocrx_word' id='word_1_53' title='bbox 980 811 1087 874; x_wconf 86' lang='lat' dir='ltr'><strong>statim</strong></span> <span class='ocrx_word' id='word_1_54' title='bbox 1109 809 1175 873; x_wconf 83' lang='lat' dir='ltr'><strong>vim</strong></span> <span class='ocrx_word' id='word_1_55' title='bbox 1192 809 1302 888; x_wconf 88' lang='lat' dir='ltr'><strong>babet,</strong></span> <span class='ocrx_word' id='word_1_56' title='bbox 1319 820 1350 875; x_wconf 90' lang='lat' dir='ltr'><strong>et</strong></span> <span class='ocrx_word' id='word_1_57' title='bbox 1362 815 1443 877; x_wconf 86' lang='lat' dir='ltr'><strong>obli-</strong></span> 
     </span>
     <span class='ocr_line' id='line_1_8' title="bbox 167 899 1328 982; baseline -0.001 -18"><span class='ocrx_word' id='word_1_58' title='bbox 167 907 219 982; x_wconf 89' lang='lat' dir='ltr'><strong>gat</strong></span> <span class='ocrx_word' id='word_1_59' title='bbox 233 899 327 963; x_wconf 88' lang='lat' dir='ltr'><strong>etiam</strong></span> <span class='ocrx_word' id='word_1_60' title='bbox 340 900 475 976; x_wconf 78' lang='lat' dir='ltr'><strong>insutu,</strong></span> <span class='ocrx_word' id='word_1_61' title='bbox 492 907 529 964; x_wconf 90' lang='lat' dir='ltr'><strong>ut</strong></span> <span class='ocrx_word' id='word_1_62' title='bbox 543 901 647 976; x_wconf 87' lang='lat' dir='ltr'><strong>aiunt,</strong></span> <span class='ocrx_word' id='word_1_63' title='bbox 662 901 793 963; x_wconf 88' lang='lat' dir='ltr'><strong>secundo</strong></span> <span class='ocrx_word' id='word_1_64' title='bbox 805 918 972 963; x_wconf 84' lang='lat' dir='ltr'><strong>aesomnes</strong></span> <span class='ocrx_word' id='word_1_65' title='bbox 986 900 1041 981; x_wconf 88' lang='lat' dir='ltr'><strong>qui</strong></span> <span class='ocrx_word' id='word_1_66' title='bbox 1055 917 1123 962; x_wconf 90' lang='lat' dir='ltr'><strong>cam</strong></span> <span class='ocrx_word' id='word_1_67' title='bbox 1134 905 1328 979; x_wconf 87' lang='lat' dir='ltr'><strong>cognoscunt.</strong></span> 
     </span>
    </p>

    <p class='ocr_par' dir='ltr' id='par_1_6' title="bbox 164 987 1445 1162">
     <span class='ocr_line' id='line_1_9' title="bbox 207 987 1445 1074; baseline 0.002 -22"><span class='ocrx_word' id='word_1_68' title='bbox 207 993 309 1066; x_wconf 73' lang='lat' dir='ltr'><strong>Quen.</strong></span> <span class='ocrx_word' id='word_1_69' title='bbox 327 995 360 1054; x_wconf 84' lang='lat'><strong>3⁰</strong></span> <span class='ocrx_word' id='word_1_70' title='bbox 372 991 423 1052; x_wconf 86' lang='lat' dir='ltr'><strong>Aa</strong></span> <span class='ocrx_word' id='word_1_71' title='bbox 435 990 575 1072; x_wconf 76' lang='lat' dir='ltr'><strong>sufficiat</strong></span> <span class='ocrx_word' id='word_1_72' title='bbox 586 999 620 1050; x_wconf 82' lang='lat' dir='ltr'><strong>ut</strong></span> <span class='ocrx_word' id='word_1_73' title='bbox 632 989 708 1071; x_wconf 78' lang='lat' dir='ltr'><strong>lepos</strong></span> <span class='ocrx_word' id='word_1_74' title='bbox 717 987 896 1072; x_wconf 78' lang='lat' dir='ltr'><em>episcopales</em></span> <span class='ocrx_word' id='word_1_75' title='bbox 902 987 1137 1070; x_wconf 78' lang='lat' dir='ltr'><strong>proreclpentur</strong></span> <span class='ocrx_word' id='word_1_76' title='bbox 1150 987 1182 1049; x_wconf 82' lang='lat' dir='ltr'><strong>ia</strong></span> <span class='ocrx_word' id='word_1_77' title='bbox 1195 990 1316 1052; x_wconf 81' lang='lat' dir='ltr'><strong>cc&#39;eitate</strong></span> <span class='ocrx_word' id='word_1_78' title='bbox 1331 993 1445 1074; x_wconf 83' lang='lat' dir='ltr'><strong>cpisco-</strong></span> 
     </span>
     <span class='ocr_line' id='line_1_10' title="bbox 164 1076 622 1162; baseline 0.004 -24"><span class='ocrx_word' id='word_1_79' title='bbox 164 1076 254 1161; x_wconf 82' lang='lat' dir='ltr'><strong>poli?</strong></span> <span class='ocrx_word' id='word_1_80' title='bbox 267 1114 307 1124; x_wconf 92' lang='lat'>—</span> <span class='ocrx_word' id='word_1_81' title='bbox 321 1089 350 1141; x_wconf 87' lang='lat' dir='ltr'><strong>et</strong></span> <span class='ocrx_word' id='word_1_82' title='bbox 357 1079 484 1162; x_wconf 81' lang='lat' dir='ltr'><strong>papales</strong></span> <span class='ocrx_word' id='word_1_83' title='bbox 501 1077 622 1142; x_wconf 76' lang='lat' dir='ltr'><strong>Roma?</strong></span> 
     </span>
    </p>

    <p class='ocr_par' dir='ltr' id='par_1_7' title="bbox 169 1165 1446 1516">
     <span class='ocr_line' id='line_1_11' title="bbox 209 1165 1442 1250; baseline 0.002 -20"><span class='ocrx_word' id='word_1_84' title='bbox 209 1166 302 1249; x_wconf 84' lang='lat' dir='ltr'><strong>Resp.</strong></span> <span class='ocrx_word' id='word_1_85' title='bbox 319 1169 343 1229; x_wconf 83' lang='lat' dir='ltr'><em>A</em></span> <span class='ocrx_word' id='word_1_86' title='bbox 350 1168 461 1250; x_wconf 65' lang='lat' dir='ltr'><strong>spem„</strong></span> <span class='ocrx_word' id='word_1_87' title='bbox 478 1167 553 1249; x_wconf 78' lang='lat' dir='ltr'><strong>qrria</strong></span> <span class='ocrx_word' id='word_1_88' title='bbox 563 1168 620 1230; x_wconf 89' lang='lat' dir='ltr'><strong>boc</strong></span> <span class='ocrx_word' id='word_1_89' title='bbox 634 1165 746 1230; x_wconf 90' lang='lat' dir='ltr'><strong>sufficit</strong></span> <span class='ocrx_word' id='word_1_90' title='bbox 759 1173 796 1230; x_wconf 93' lang='lat' dir='ltr'><strong>ut</strong></span> <span class='ocrx_word' id='word_1_91' title='bbox 807 1167 917 1248; x_wconf 86' lang='lat' dir='ltr'><strong>popule</strong></span> <span class='ocrx_word' id='word_1_92' title='bbox 930 1166 1097 1230; x_wconf 86' lang='lat' dir='ltr'><strong>christiano</strong></span> <span class='ocrx_word' id='word_1_93' title='bbox 1108 1165 1297 1231; x_wconf 87' lang='lat' dir='ltr'><strong>manifestari</strong></span> <span class='ocrx_word' id='word_1_94' title='bbox 1310 1167 1442 1249; x_wconf 82' lang='lat' dir='ltr'><strong>possint.</strong></span> 
     </span>
     <span class='ocr_line' id='line_1_12' title="bbox 169 1254 1445 1338; baseline 0.002 -20"><span class='ocrx_word' id='word_1_95' title='bbox 169 1258 318 1318; x_wconf 78' lang='lat' dir='ltr'><strong>Praeterea</strong></span> <span class='ocrx_word' id='word_1_96' title='bbox 341 1258 451 1319; x_wconf 88' lang='lat' dir='ltr'><strong>medus</strong></span> <span class='ocrx_word' id='word_1_97' title='bbox 473 1254 728 1338; x_wconf 81' lang='lat' dir='ltr'><strong>promulgationis</strong></span> <span class='ocrx_word' id='word_1_98' title='bbox 748 1263 795 1318; x_wconf 90' lang='lat' dir='ltr'><strong>est</strong></span> <span class='ocrx_word' id='word_1_99' title='bbox 817 1255 852 1317; x_wconf 93' lang='lat' dir='ltr'><strong>iu</strong></span> <span class='ocrx_word' id='word_1_100' title='bbox 875 1262 1024 1336; x_wconf 74' lang='lat' dir='ltr'>potestate</span> <span class='ocrx_word' id='word_1_101' title='bbox 1046 1256 1237 1336; x_wconf 78' lang='lat' dir='ltr'><strong>legislatoris.</strong></span> <span class='ocrx_word' id='word_1_102' title='bbox 1250 1293 1291 1302; x_wconf 93' lang='lat'>-</span> <span class='ocrx_word' id='word_1_103' title='bbox 1304 1261 1395 1320; x_wconf 88' lang='lat' dir='ltr'><strong>Porro</strong></span> <span class='ocrx_word' id='word_1_104' title='bbox 1408 1259 1445 1320; x_wconf 90' lang='lat' dir='ltr'><strong>in</strong></span> 
     </span>
     <span class='ocr_line' id='line_1_13' title="bbox 170 1343 1446 1426; baseline 0.002 -20"><span class='ocrx_word' id='word_1_105' title='bbox 170 1345 259 1424; x_wconf 87' lang='lat' dir='ltr'><strong>praxi</strong></span> <span class='ocrx_word' id='word_1_106' title='bbox 283 1344 423 1425; x_wconf 86' lang='lat' dir='ltr'><strong>Episcopi</strong></span> <span class='ocrx_word' id='word_1_107' title='bbox 451 1345 583 1425; x_wconf 89' lang='lat' dir='ltr'><strong>obligare</strong></span> <span class='ocrx_word' id='word_1_108' title='bbox 605 1343 715 1407; x_wconf 82' lang='lat' dir='ltr'><strong>rolmrt</strong></span> <span class='ocrx_word' id='word_1_109' title='bbox 740 1361 793 1424; x_wconf 87' lang='lat' dir='ltr'><strong>per</strong></span> <span class='ocrx_word' id='word_1_110' title='bbox 819 1344 1097 1424; x_wconf 78' lang='lat' dir='ltr'><strong>promulgationem</strong></span> <span class='ocrx_word' id='word_1_111' title='bbox 1122 1345 1157 1406; x_wconf 92' lang='lat' dir='ltr'><strong>in</strong></span> <span class='ocrx_word' id='word_1_112' title='bbox 1180 1346 1255 1408; x_wconf 92' lang='lat' dir='ltr'><strong>urbe</strong></span> <span class='ocrx_word' id='word_1_113' title='bbox 1283 1345 1446 1426; x_wconf 86' lang='lat' dir='ltr'><strong>episcopali</strong></span> 
     </span>
     <span class='ocr_line' id='line_1_14' title="bbox 170 1431 1187 1516; baseline 0 -22"><span class='ocrx_word' id='word_1_114' title='bbox 170 1431 297 1508; x_wconf 83' lang='lat' dir='ltr'><strong>tactam,</strong></span> <span class='ocrx_word' id='word_1_115' title='bbox 314 1439 344 1494; x_wconf 90' lang='lat' dir='ltr'><strong>et</strong></span> <span class='ocrx_word' id='word_1_116' title='bbox 359 1433 518 1497; x_wconf 86' lang='lat' dir='ltr'><strong>Pontifices</strong></span> <span class='ocrx_word' id='word_1_117' title='bbox 533 1451 668 1514; x_wconf 79' lang='lat' dir='ltr'>peream</span> <span class='ocrx_word' id='word_1_118' title='bbox 683 1451 752 1514; x_wconf 74' lang='lat' dir='ltr'><strong>quae</strong></span> <span class='ocrx_word' id='word_1_119' title='bbox 765 1433 927 1497; x_wconf 83' lang='lat' dir='ltr'><strong>Romaefit.</strong></span> <span class='ocrx_word' id='word_1_120' title='bbox 1184 1507 1187 1516; x_wconf 29' lang='grc' dir='ltr'><strong><em>Ι</em></strong></span> 
     </span>
    </p>

    <p class='ocr_par' dir='ltr' id='par_1_8' title="bbox 171 1501 1450 2136">
     <span class='ocr_line' id='line_1_15' title="bbox 211 1501 1447 1604; baseline 0.002 -20"><span class='ocrx_word' id='word_1_121' title='bbox 211 1521 316 1597; x_wconf 80' lang='lat' dir='ltr'><strong>Quoad</strong></span> <span class='ocrx_word' id='word_1_122' title='bbox 330 1525 418 1584; x_wconf 83' lang='lat' dir='ltr'><strong>Gonc.</strong></span> <span class='ocrx_word' id='word_1_123' title='bbox 435 1522 533 1598; x_wconf 76' lang='lat' dir='ltr'><strong>Tria,</strong></span> <span class='ocrx_word' id='word_1_124' title='bbox 550 1529 670 1585; x_wconf 89' lang='lat' dir='ltr'><strong>certum</strong></span> <span class='ocrx_word' id='word_1_125' title='bbox 684 1501 730 1584; x_wconf 85' lang='lat' dir='ltr'><strong>esl</strong></span> <span class='ocrx_word' id='word_1_126' title='bbox 751 1521 870 1584; x_wconf 89' lang='lat' dir='ltr'><strong>decreta</strong></span> <span class='ocrx_word' id='word_1_127' title='bbox 887 1523 1024 1601; x_wconf 85' lang='lat' dir='ltr'><strong>ejusdem</strong></span> <span class='ocrx_word' id='word_1_128' title='bbox 1038 1523 1077 1584; x_wconf 91' lang='lat' dir='ltr'><strong>ad</strong></span> <span class='ocrx_word' id='word_1_129' title='bbox 1091 1519 1199 1585; x_wconf 85' lang='lat' dir='ltr'><strong>Fidem</strong></span> <span class='ocrx_word' id='word_1_130' title='bbox 1218 1529 1248 1585; x_wconf 91' lang='lat' dir='ltr'><strong>et</strong></span> <span class='ocrx_word' id='word_1_131' title='bbox 1266 1541 1366 1586; x_wconf 91' lang='lat' dir='ltr'><strong>mores</strong></span> <span class='ocrx_word' id='word_1_132' title='bbox 1378 1541 1447 1604; x_wconf 87' lang='lat' dir='ltr'><strong>spe-</strong></span> 
     </span>
     <span class='ocr_line' id='line_1_16' title="bbox 172 1609 1444 1693; baseline 0.002 -21"><span class='ocrx_word' id='word_1_133' title='bbox 172 1609 287 1672; x_wconf 86' lang='lat' dir='ltr'><strong>ctantia</strong></span> <span class='ocrx_word' id='word_1_134' title='bbox 310 1610 441 1690; x_wconf 89' lang='lat' dir='ltr'><strong>obligare</strong></span> <span class='ocrx_word' id='word_1_135' title='bbox 461 1611 556 1674; x_wconf 90' lang='lat' dir='ltr'><strong>etiam</strong></span> <span class='ocrx_word' id='word_1_136' title='bbox 578 1610 613 1672; x_wconf 89' lang='lat' dir='ltr'><strong>in</strong></span> <span class='ocrx_word' id='word_1_137' title='bbox 636 1611 676 1672; x_wconf 90' lang='lat' dir='ltr'><strong>iis</strong></span> <span class='ocrx_word' id='word_1_138' title='bbox 696 1609 770 1672; x_wconf 89' lang='lat' dir='ltr'><strong>locis</strong></span> <span class='ocrx_word' id='word_1_139' title='bbox 789 1609 844 1672; x_wconf 93' lang='lat' dir='ltr'><strong>ubi</strong></span> <span class='ocrx_word' id='word_1_140' title='bbox 866 1609 1035 1689; x_wconf 79' lang='lat' dir='ltr'><strong>specialiter</strong></span> <span class='ocrx_word' id='word_1_141' title='bbox 1052 1629 1116 1674; x_wconf 90' lang='lat' dir='ltr'><strong>non</strong></span> <span class='ocrx_word' id='word_1_142' title='bbox 1136 1618 1213 1674; x_wconf 90' lang='lat' dir='ltr'><strong>sunt</strong></span> <span class='ocrx_word' id='word_1_143' title='bbox 1234 1611 1444 1693; x_wconf 89' lang='lat' dir='ltr'><strong>promulgata;</strong></span> 
     </span>
     <span class='ocr_line' id='line_1_17' title="bbox 171 1697 1449 1780; baseline 0.003 -20"><span class='ocrx_word' id='word_1_144' title='bbox 171 1698 309 1780; x_wconf 84' lang='lat' dir='ltr'><strong>itemque</strong></span> <span class='ocrx_word' id='word_1_145' title='bbox 319 1698 475 1762; x_wconf 88' lang='lat' dir='ltr'><strong>decretmn</strong></span> <span class='ocrx_word' id='word_1_146' title='bbox 490 1700 568 1762; x_wconf 87' lang='lat' dir='ltr'><strong>circa</strong></span> <span class='ocrx_word' id='word_1_147' title='bbox 584 1697 787 1762; x_wconf 87' lang='lat' dir='ltr'><strong>matrimonia</strong></span> <span class='ocrx_word' id='word_1_148' title='bbox 800 1698 989 1761; x_wconf 88' lang='lat' dir='ltr'><strong>clandestina</strong></span> <span class='ocrx_word' id='word_1_149' title='bbox 1006 1717 1069 1761; x_wconf 90' lang='lat' dir='ltr'><strong>uon</strong></span> <span class='ocrx_word' id='word_1_150' title='bbox 1081 1700 1213 1780; x_wconf 87' lang='lat' dir='ltr'><strong>obligare</strong></span> <span class='ocrx_word' id='word_1_151' title='bbox 1227 1700 1288 1762; x_wconf 92' lang='lat' dir='ltr'><strong>nisi</strong></span> <span class='ocrx_word' id='word_1_152' title='bbox 1300 1701 1334 1762; x_wconf 89' lang='lat' dir='ltr'><strong>in</strong></span> <span class='ocrx_word' id='word_1_153' title='bbox 1343 1718 1449 1780; x_wconf 84' lang='lat' dir='ltr'><strong>parce-</strong></span> 
     </span>
     <span class='ocr_line' id='line_1_18' title="bbox 179 1785 1449 1870; baseline 0.002 -20"><span class='ocrx_word' id='word_1_154' title='bbox 179 1785 235 1850; x_wconf 90' lang='lat' dir='ltr'><strong>ciis</strong></span> <span class='ocrx_word' id='word_1_155' title='bbox 257 1787 312 1850; x_wconf 94' lang='lat' dir='ltr'><strong>ubi</strong></span> <span class='ocrx_word' id='word_1_156' title='bbox 333 1787 539 1869; x_wconf 81' lang='lat' dir='ltr'><strong>promulgatio</strong></span> <span class='ocrx_word' id='word_1_157' title='bbox 560 1787 723 1868; x_wconf 85' lang='lat' dir='ltr'><strong>praecessit.</strong></span> <span class='ocrx_word' id='word_1_158' title='bbox 749 1787 854 1863; x_wconf 86' lang='lat' dir='ltr'><strong>Quoad</strong></span> <span class='ocrx_word' id='word_1_159' title='bbox 878 1787 939 1849; x_wconf 89' lang='lat' dir='ltr'><strong>alia</strong></span> <span class='ocrx_word' id='word_1_160' title='bbox 959 1788 1078 1850; x_wconf 86' lang='lat' dir='ltr'><strong>decreta</strong></span> <span class='ocrx_word' id='word_1_161' title='bbox 1107 1807 1175 1870; x_wconf 81' lang='lat' dir='ltr'><strong>qum</strong></span> <span class='ocrx_word' id='word_1_162' title='bbox 1200 1789 1449 1852; x_wconf 78' lang='lat' dir='ltr'><strong>reformationem</strong></span> 
     </span>
     <span class='ocr_line' id='line_1_19' title="bbox 173 1875 1450 1958; baseline 0.002 -20"><span class='ocrx_word' id='word_1_163' title='bbox 173 1875 357 1958; x_wconf 88' lang='lat' dir='ltr'><strong>respiciunt,</strong></span> <span class='ocrx_word' id='word_1_164' title='bbox 388 1878 521 1940; x_wconf 91' lang='lat' dir='ltr'><strong>tenenda</strong></span> <span class='ocrx_word' id='word_1_165' title='bbox 544 1883 591 1939; x_wconf 90' lang='lat' dir='ltr'><strong>est</strong></span> <span class='ocrx_word' id='word_1_166' title='bbox 619 1875 772 1939; x_wconf 87' lang='lat' dir='ltr'><strong>sententia</strong></span> <span class='ocrx_word' id='word_1_167' title='bbox 800 1893 936 1938; x_wconf 87' lang='lat' dir='ltr'><strong>assereus</strong></span> <span class='ocrx_word' id='word_1_168' title='bbox 966 1875 1033 1956; x_wconf 86' lang='lat' dir='ltr'><strong>ipsa</strong></span> <span class='ocrx_word' id='word_1_169' title='bbox 1059 1877 1175 1958; x_wconf 91' lang='lat' dir='ltr'><strong>ubique</strong></span> <span class='ocrx_word' id='word_1_170' title='bbox 1202 1877 1348 1958; x_wconf 82' lang='lat' dir='ltr'><strong>obligare,</strong></span> <span class='ocrx_word' id='word_1_171' title='bbox 1375 1895 1450 1940; x_wconf 90' lang='lat' dir='ltr'><strong>cum</strong></span> 
     </span>
     <span class='ocr_line' id='line_1_20' title="bbox 174 1963 1446 2048; baseline 0.001 -20"><span class='ocrx_word' id='word_1_172' title='bbox 174 1967 279 2028; x_wconf 73' lang='lat' dir='ltr'><strong>Romae</strong></span> <span class='ocrx_word' id='word_1_173' title='bbox 293 1965 395 2028; x_wconf 89' lang='lat' dir='ltr'><strong>debito</strong></span> <span class='ocrx_word' id='word_1_174' title='bbox 408 1967 497 2031; x_wconf 88' lang='lat' dir='ltr'><strong>modo</strong></span> <span class='ocrx_word' id='word_1_175' title='bbox 511 1965 705 2046; x_wconf 88' lang='lat' dir='ltr'><strong>promulgata</strong></span> <span class='ocrx_word' id='word_1_176' title='bbox 718 1963 941 2035; x_wconf 76' lang='lat' dir='ltr'><strong>sint—Scae„</strong></span> <span class='ocrx_word' id='word_1_177' title='bbox 958 1972 988 2028; x_wconf 94' lang='lat' dir='ltr'><strong>et</strong></span> <span class='ocrx_word' id='word_1_178' title='bbox 997 1965 1112 2028; x_wconf 78' lang='lat' dir='ltr'><strong>dcccl.</strong></span> <span class='ocrx_word' id='word_1_179' title='bbox 1127 1966 1214 2028; x_wconf 71' lang='lat' dir='ltr'><strong>luris</strong></span> <span class='ocrx_word' id='word_1_180' title='bbox 1221 1977 1322 2048; x_wconf 76' lang='lat' dir='ltr'><strong>pont,</strong></span> <span class='ocrx_word' id='word_1_181' title='bbox 1336 1987 1394 2029; x_wconf 82' lang='lat' dir='ltr'><strong>cer.</strong></span> <span class='ocrx_word' id='word_1_182' title='bbox 1408 1969 1446 2040; x_wconf 87' lang='lat'><strong>11,</strong></span> 
     </span>
     <span class='ocr_line' id='line_1_21' title="bbox 174 2053 762 2136; baseline 0.003 -22"><span class='ocrx_word' id='word_1_183' title='bbox 174 2054 231 2116; x_wconf 83' lang='lat' dir='ltr'><strong>eol.</strong></span> <span class='ocrx_word' id='word_1_184' title='bbox 245 2057 336 2118; x_wconf 79' lang='grc'><strong>9398.</strong></span> <span class='ocrx_word' id='word_1_185' title='bbox 349 2089 390 2101; x_wconf 90' lang='lat'><strong>--</strong></span> <span class='ocrx_word' id='word_1_186' title='bbox 406 2055 441 2116; x_wconf 91' lang='lat' dir='ltr'><strong>V.</strong></span> <span class='ocrx_word' id='word_1_187' title='bbox 459 2053 543 2131; x_wconf 80' lang='lat' dir='ltr'><strong>Cea,</strong></span> <span class='ocrx_word' id='word_1_188' title='bbox 559 2075 591 2118; x_wconf 85' lang='lat' dir='ltr'><strong>a.</strong></span> <span class='ocrx_word' id='word_1_189' title='bbox 607 2058 647 2118; x_wconf 86' lang='grc'><strong>89</strong></span> <span class='ocrx_word' id='word_1_190' title='bbox 659 2064 762 2136; x_wconf 82' lang='lat' dir='ltr'><strong>etseq.</strong></span> 
     </span>
    </p>
   </div>
   <div class='ocr_carea' id='block_1_4' title="bbox 681 2259 942 2324">
    <p class='ocr_par' dir='ltr' id='par_1_9' title="bbox 681 2259 942 2324">
     <span class='ocr_line' id='line_1_22' title="bbox 681 2259 942 2324; baseline -0.023 0"><span class='ocrx_word' id='word_1_191' title='bbox 681 2259 895 2324; x_wconf 79' lang='lat' dir='ltr'>ARTIGULUS</span> <span class='ocrx_word' id='word_1_192' title='bbox 915 2259 942 2318; x_wconf 92' lang='grc' dir='ltr'>Π</span> 
     </span>
    </p>
   </div>
   <div class='ocr_carea' id='block_1_5' title="bbox 578 2413 1051 2459">
    <p class='ocr_par' dir='ltr' id='par_1_10' title="bbox 578 2413 1051 2459">
     <span class='ocr_line' id='line_1_23' title="bbox 578 2413 1051 2459; baseline -0.002 0"><span class='ocrx_word' id='word_1_193' title='bbox 578 2414 620 2459; x_wconf 80' lang='grc' dir='ltr'><strong>ΒΕ</strong></span> <span class='ocrx_word' id='word_1_194' title='bbox 645 2413 920 2459; x_wconf 75' lang='lat' dir='ltr'><strong>ACGEPTATIONE</strong></span> <span class='ocrx_word' id='word_1_195' title='bbox 949 2413 1051 2458; x_wconf 79' lang='lat' dir='ltr'><strong>LEGIS</strong></span> 
     </span>
    </p>
   </div>
   <div class='ocr_carea' id='block_1_6' title="bbox 179 2547 1454 2720">
    <p class='ocr_par' dir='ltr' id='par_1_11' title="bbox 179 2547 1454 2720">
     <span class='ocr_line' id='line_1_24' title="bbox 218 2547 1454 2640; baseline -0.003 -26"><span class='ocrx_word' id='word_1_196' title='bbox 218 2550 268 2614; x_wconf 87' lang='grc'><strong>98.</strong></span> <span class='ocrx_word' id='word_1_197' title='bbox 286 2583 326 2594; x_wconf 88' lang='grc'>-</span> <span class='ocrx_word' id='word_1_198' title='bbox 348 2549 522 2629; x_wconf 85' lang='lat' dir='ltr'><strong>Acoeptatic</strong></span> <span class='ocrx_word' id='word_1_199' title='bbox 535 2549 610 2630; x_wconf 83' lang='lat' dir='ltr'><strong>legis</strong></span> <span class='ocrx_word' id='word_1_200' title='bbox 623 2549 859 2625; x_wconf 78' lang='lat' dir='ltr'><strong>estsubmissm,</strong></span> <span class='ocrx_word' id='word_1_201' title='bbox 876 2565 938 2629; x_wconf 84' lang='lat' dir='ltr'><strong>qua</strong></span> <span class='ocrx_word' id='word_1_202' title='bbox 959 2547 1091 2622; x_wconf 87' lang='lat' dir='ltr'><strong>subditi,</strong></span> <span class='ocrx_word' id='word_1_203' title='bbox 1109 2549 1218 2610; x_wconf 88' lang='lat' dir='ltr'><strong>saltem</strong></span> <span class='ocrx_word' id='word_1_204' title='bbox 1236 2548 1335 2640; x_wconf 73' lang='lat' dir='ltr'><strong>quoad</strong></span> <span class='ocrx_word' id='word_1_205' title='bbox 1355 2550 1454 2628; x_wconf 85' lang='lat' dir='ltr'><strong>majo-</strong></span> 
     </span>
     <span class='ocr_line' id='line_1_25' title="bbox 179 2633 1328 2720; baseline -0.002 -20"><span class='ocrx_word' id='word_1_206' title='bbox 179 2653 246 2700; x_wconf 87' lang='lat' dir='ltr'><strong>rem</strong></span> <span class='ocrx_word' id='word_1_207' title='bbox 259 2643 291 2700; x_wconf 90' lang='lat' dir='ltr'><strong>et</strong></span> <span class='ocrx_word' id='word_1_208' title='bbox 304 2637 456 2702; x_wconf 89' lang='lat' dir='ltr'><strong>saniorem</strong></span> <span class='ocrx_word' id='word_1_209' title='bbox 470 2645 606 2720; x_wconf 88' lang='lat' dir='ltr'><strong>partem,</strong></span> <span class='ocrx_word' id='word_1_210' title='bbox 624 2638 791 2702; x_wconf 85' lang='lat' dir='ltr'><strong>formaliter</strong></span> <span class='ocrx_word' id='word_1_211' title='bbox 805 2638 854 2700; x_wconf 87' lang='lat' dir='ltr'><strong>vel</strong></span> <span class='ocrx_word' id='word_1_212' title='bbox 865 2636 1039 2700; x_wconf 81' lang='lat' dir='ltr'><strong>virtualiter</strong></span> <span class='ocrx_word' id='word_1_213' title='bbox 1053 2636 1149 2716; x_wconf 89' lang='lat' dir='ltr'><strong>legem</strong></span> <span class='ocrx_word' id='word_1_214' title='bbox 1163 2633 1328 2717; x_wconf 79' lang='lat' dir='ltr'><strong>acceptant.</strong></span> 
     </span>
    </p>
   </div>
   <div class='ocr_carea' id='block_1_7' title="bbox 302 2791 526 2873">
    <p class='ocr_par' dir='ltr' id='par_1_12' title="bbox 302 2791 526 2873">
     <span class='ocr_line' id='line_1_26' title="bbox 302 2791 526 2873; baseline 0.004 -17"><span class='ocrx_word' id='word_1_215' title='bbox 302 2791 526 2873; x_wconf 84' lang='lat' dir='ltr'><strong>Principia.</strong></span> 
     </span>
    </p>
   </div>
   <div class='ocr_carea' id='block_1_8' title="bbox 181 2915 1461 3356">
    <p class='ocr_par' dir='ltr' id='par_1_13' title="bbox 181 2915 1461 3356">
     <span class='ocr_line' id='line_1_27' title="bbox 221 2915 1456 3002; baseline -0.002 -21"><span class='ocrx_word' id='word_1_216' title='bbox 221 2922 245 2981; x_wconf 95' lang='grc' dir='ltr'><strong>Ι.</strong></span> <span class='ocrx_word' id='word_1_217' title='bbox 262 2921 317 2982; x_wconf 88' lang='lat' dir='ltr'><strong>Per</strong></span> <span class='ocrx_word' id='word_1_218' title='bbox 340 2939 371 2982; x_wconf 91' lang='lat' dir='ltr'><strong>se</strong></span> <span class='ocrx_word' id='word_1_219' title='bbox 387 2921 451 2995; x_wconf 83' lang='lat' dir='ltr'><strong>lex,</strong></span> <span class='ocrx_word' id='word_1_220' title='bbox 471 2922 570 3002; x_wconf 87' lang='lat' dir='ltr'><strong>quoad</strong></span> <span class='ocrx_word' id='word_1_221' title='bbox 587 2920 653 2984; x_wconf 81' lang='lat' dir='ltr'><strong>vim</strong></span> <span class='ocrx_word' id='word_1_222' title='bbox 672 2917 841 3000; x_wconf 86' lang='lat' dir='ltr'><strong>obligandi,</strong></span> <span class='ocrx_word' id='word_1_223' title='bbox 857 2915 942 2981; x_wconf 90' lang='lat' dir='ltr'><strong>nullo</strong></span> <span class='ocrx_word' id='word_1_224' title='bbox 961 2919 1053 2980; x_wconf 89' lang='lat' dir='ltr'><strong>modo</strong></span> <span class='ocrx_word' id='word_1_225' title='bbox 1070 2918 1182 2999; x_wconf 89' lang='lat' dir='ltr'><strong>pendet</strong></span> <span class='ocrx_word' id='word_1_226' title='bbox 1198 2918 1236 2980; x_wconf 92' lang='lat' dir='ltr'><strong>ab</strong></span> <span class='ocrx_word' id='word_1_227' title='bbox 1251 2918 1456 2998; x_wconf 76' lang='lat' dir='ltr'><strong>acceptatione</strong></span> 
     </span>
     <span class='ocr_line' id='line_1_28' title="bbox 181 3005 1458 3088; baseline -0.002 -19"><span class='ocrx_word' id='word_1_228' title='bbox 181 3007 301 3088; x_wconf 80' lang='lat' dir='ltr'><strong>pcpu1i3</strong></span> <span class='ocrx_word' id='word_1_229' title='bbox 319 3027 403 3072; x_wconf 91' lang='lat' dir='ltr'><strong>secus</strong></span> <span class='ocrx_word' id='word_1_230' title='bbox 417 3009 502 3072; x_wconf 90' lang='lat' dir='ltr'><strong>enim</strong></span> <span class='ocrx_word' id='word_1_231' title='bbox 516 3009 611 3072; x_wconf 91' lang='lat' dir='ltr'><strong>simul</strong></span> <span class='ocrx_word' id='word_1_232' title='bbox 625 3026 697 3072; x_wconf 91' lang='lat' dir='ltr'><strong>cum</strong></span> <span class='ocrx_word' id='word_1_233' title='bbox 712 3006 881 3088; x_wconf 87' lang='lat' dir='ltr'><strong>Superioris</strong></span> <span class='ocrx_word' id='word_1_234' title='bbox 893 3011 1042 3087; x_wconf 87' lang='lat' dir='ltr'><strong>potestate</strong></span> <span class='ocrx_word' id='word_1_235' title='bbox 1057 3011 1210 3072; x_wconf 90' lang='lat' dir='ltr'><strong>corrueret</strong></span> <span class='ocrx_word' id='word_1_236' title='bbox 1232 3005 1334 3070; x_wconf 90' lang='lat' dir='ltr'><strong>omnis</strong></span> <span class='ocrx_word' id='word_1_237' title='bbox 1353 3007 1458 3086; x_wconf 87' lang='lat' dir='ltr'><strong>legum</strong></span> 
     </span>
     <span class='ocr_line' id='line_1_29' title="bbox 182 3094 1459 3178; baseline -0.003 -20"><span class='ocrx_word' id='word_1_238' title='bbox 182 3096 362 3172; x_wconf 79' lang='lat' dir='ltr'><strong>auotoritaS,</strong></span> <span class='ocrx_word' id='word_1_239' title='bbox 381 3104 472 3178; x_wconf 76' lang='lat' dir='ltr'><strong>atque</strong></span> <span class='ocrx_word' id='word_1_240' title='bbox 485 3098 558 3160; x_wconf 90' lang='lat' dir='ltr'><strong>adeo</strong></span> <span class='ocrx_word' id='word_1_241' title='bbox 578 3097 673 3160; x_wconf 91' lang='lat' dir='ltr'><strong>totius</strong></span> <span class='ocrx_word' id='word_1_242' title='bbox 688 3095 806 3158; x_wconf 89' lang='lat' dir='ltr'><strong>ordinis</strong></span> <span class='ocrx_word' id='word_1_243' title='bbox 819 3094 937 3157; x_wconf 89' lang='lat' dir='ltr'><strong>socialis</strong></span> <span class='ocrx_word' id='word_1_244' title='bbox 952 3095 1109 3158; x_wconf 81' lang='lat' dir='ltr'><strong>subversio</strong></span> <span class='ocrx_word' id='word_1_245' title='bbox 1124 3102 1313 3177; x_wconf 86' lang='lat' dir='ltr'><strong>sequeretur.</strong></span> <span class='ocrx_word' id='word_1_246' title='bbox 1331 3098 1459 3158; x_wconf 86' lang='lat' dir='ltr'><strong>Constat</strong></span> 
     </span>
     <span class='ocr_line' id='line_1_30' title="bbox 183 3181 1459 3266; baseline -0.005 -17"><span class='ocrx_word' id='word_1_247' title='bbox 183 3185 279 3249; x_wconf 88' lang='lat' dir='ltr'><strong>etiam</strong></span> <span class='ocrx_word' id='word_1_248' title='bbox 296 3203 332 3248; x_wconf 82' lang='lat' dir='ltr'><strong>ex</strong></span> <span class='ocrx_word' id='word_1_249' title='bbox 344 3186 550 3266; x_wconf 88' lang='lat' dir='ltr'><strong>propositione</strong></span> <span class='ocrx_word' id='word_1_250' title='bbox 564 3191 603 3249; x_wconf 83' lang='grc'><strong>98</strong></span> <span class='ocrx_word' id='word_1_251' title='bbox 617 3185 655 3248; x_wconf 89' lang='lat' dir='ltr'><strong>ab</strong></span> <span class='ocrx_word' id='word_1_252' title='bbox 669 3185 842 3247; x_wconf 81' lang='lat' dir='ltr'><strong>Alexandro</strong></span> <span class='ocrx_word' id='word_1_253' title='bbox 861 3185 915 3245; x_wconf 84' lang='lat' dir='ltr'><strong>Vll</strong></span> <span class='ocrx_word' id='word_1_254' title='bbox 930 3184 1087 3258; x_wconf 89' lang='lat' dir='ltr'><strong>damnata,</strong></span> <span class='ocrx_word' id='word_1_255' title='bbox 1104 3201 1172 3264; x_wconf 75' lang='lat' dir='ltr'><strong>quas</strong></span> <span class='ocrx_word' id='word_1_256' title='bbox 1187 3183 1231 3246; x_wconf 90' lang='lat' dir='ltr'><strong>sic</strong></span> <span class='ocrx_word' id='word_1_257' title='bbox 1240 3185 1340 3265; x_wconf 87' lang='lat' dir='ltr'><strong>jacet:</strong></span> <span class='ocrx_word' id='word_1_258' title='bbox 1357 3181 1459 3264; x_wconf 84' lang='lat' dir='ltr'><strong>Pepo-</strong></span> 
     </span>
     <span class='ocr_line' id='line_1_31' title="bbox 185 3271 1461 3356; baseline -0.003 -21"><span class='ocrx_word' id='word_1_259' title='bbox 185 3273 230 3336; x_wconf 82' lang='lat' dir='ltr'><strong>lus</strong></span> <span class='ocrx_word' id='word_1_260' title='bbox 251 3293 311 3336; x_wconf 81' lang='lat' dir='ltr'><strong>coo</strong></span> <span class='ocrx_word' id='word_1_261' title='bbox 329 3283 449 3356; x_wconf 85' lang='lat' dir='ltr'><strong>peccat,</strong></span> <span class='ocrx_word' id='word_1_262' title='bbox 475 3275 596 3336; x_wconf 81' lang='lat' dir='ltr'><strong>etiamsi</strong></span> <span class='ocrx_word' id='word_1_263' title='bbox 612 3276 722 3355; x_wconf 79' lang='lat' dir='ltr'><strong>absque</strong></span> <span class='ocrx_word' id='word_1_264' title='bbox 742 3272 808 3334; x_wconf 84' lang='lat' dir='ltr'><strong>ullo</strong></span> <span class='ocrx_word' id='word_1_265' title='bbox 830 3291 920 3335; x_wconf 85' lang='lat' dir='ltr'><strong>causa</strong></span> <span class='ocrx_word' id='word_1_266' title='bbox 943 3292 1005 3334; x_wconf 81' lang='lat' dir='ltr'><strong>con</strong></span> <span class='ocrx_word' id='word_1_267' title='bbox 1027 3273 1155 3354; x_wconf 78' lang='lat' dir='ltr'><strong>receptat</strong></span> <span class='ocrx_word' id='word_1_268' title='bbox 1171 3272 1263 3354; x_wconf 74' lang='lat' dir='ltr'><strong>lepem</strong></span> <span class='ocrx_word' id='word_1_269' title='bbox 1278 3291 1297 3334; x_wconf 90' lang='grc' dir='ltr'><em>α</em></span> <span class='ocrx_word' id='word_1_270' title='bbox 1315 3271 1461 3354; x_wconf 79' lang='lat' dir='ltr'><strong>Principe</strong></span> 
     </span>
    </p>
   </div>
   <div class='ocr_carea' id='block_1_9' title="bbox 54 3362 661 3445">
    <p class='ocr_par' dir='ltr' id='par_1_14' title="bbox 54 3362 661 3445">
     <span class='ocr_line' id='line_1_32' title="bbox 54 3362 661 3445; baseline 0 -21"><span class='ocrx_word' id='word_1_271' title='bbox 54 3380 57 3387; x_wconf 86' lang='lat'>·</span> <span class='ocrx_word' id='word_1_272' title='bbox 179 3364 420 3445; x_wconf 59' lang='lat' dir='ltr'><strong>promulgatam.</strong></span> <span class='ocrx_word' id='word_1_273' title='bbox 436 3397 476 3408; x_wconf 85' lang='lat'><strong>-</strong></span> <span class='ocrx_word' id='word_1_274' title='bbox 489 3362 540 3424; x_wconf 89' lang='lat' dir='ltr'><strong>Ito</strong></span> <span class='ocrx_word' id='word_1_275' title='bbox 552 3382 661 3424; x_wconf 84' lang='lat' dir='ltr'><strong>omnes.</strong></span> 
     </span>
    </p>
   </div>
   <div class='ocr_carea' id='block_1_10' title="bbox 185 3447 1465 3800">
    <p class='ocr_par' dir='ltr' id='par_1_15' title="bbox 185 3447 1465 3800">
     <span class='ocr_line' id='line_1_33' title="bbox 224 3447 1462 3533; baseline -0.002 -19"><span class='ocrx_word' id='word_1_276' title='bbox 224 3453 262 3514; x_wconf 91' lang='lat'><strong>11.</strong></span> <span class='ocrx_word' id='word_1_277' title='bbox 279 3451 342 3513; x_wconf 86' lang='lat' dir='ltr'><strong>Per</strong></span> <span class='ocrx_word' id='word_1_278' title='bbox 356 3449 490 3512; x_wconf 80' lang='lat' dir='ltr'><strong>occidens</strong></span> <span class='ocrx_word' id='word_1_279' title='bbox 504 3452 686 3533; x_wconf 88' lang='lat' dir='ltr'><strong>quandoque</strong></span> <span class='ocrx_word' id='word_1_280' title='bbox 705 3451 755 3512; x_wconf 85' lang='lat' dir='ltr'><strong>lex</strong></span> <span class='ocrx_word' id='word_1_281' title='bbox 767 3468 830 3512; x_wconf 91' lang='lat' dir='ltr'><strong>non</strong></span> <span class='ocrx_word' id='word_1_282' title='bbox 848 3453 1000 3531; x_wconf 87' lang='lat' dir='ltr'><strong>acceptata</strong></span> <span class='ocrx_word' id='word_1_283' title='bbox 1019 3467 1080 3511; x_wconf 87' lang='lat' dir='ltr'><strong>non</strong></span> <span class='ocrx_word' id='word_1_284' title='bbox 1095 3448 1223 3529; x_wconf 83' lang='lat' dir='ltr'><strong>obligat,</strong></span> <span class='ocrx_word' id='word_1_285' title='bbox 1241 3448 1358 3512; x_wconf 89' lang='lat' dir='ltr'><strong>ratione</strong></span> <span class='ocrx_word' id='word_1_286' title='bbox 1373 3447 1462 3511; x_wconf 87' lang='lat' dir='ltr'><strong>taciti</strong></span> 
     </span>
     <span class='ocr_line' id='line_1_34' title="bbox 185 3537 1464 3621; baseline -0.003 -19"><span class='ocrx_word' id='word_1_287' title='bbox 185 3541 235 3604; x_wconf 82' lang='lat' dir='ltr'><strong>rel</strong></span> <span class='ocrx_word' id='word_1_288' title='bbox 247 3539 382 3621; x_wconf 84' lang='lat' dir='ltr'><strong>expressi</strong></span> <span class='ocrx_word' id='word_1_289' title='bbox 401 3557 565 3602; x_wconf 90' lang='lat' dir='ltr'><strong>consensus</strong></span> <span class='ocrx_word' id='word_1_290' title='bbox 585 3539 767 3621; x_wconf 67' lang='lat' dir='ltr'><strong>Superioris</strong></span> <span class='ocrx_word' id='word_1_291' title='bbox 789 3545 845 3601; x_wconf 90' lang='lat' dir='ltr'><strong>aut</strong></span> <span class='ocrx_word' id='word_1_292' title='bbox 863 3538 981 3600; x_wconf 87' lang='lat' dir='ltr'><strong>ratione</strong></span> <span class='ocrx_word' id='word_1_293' title='bbox 999 3537 1151 3619; x_wconf 89' lang='lat' dir='ltr'><strong>privilegii</strong></span> <span class='ocrx_word' id='word_1_294' title='bbox 1167 3539 1215 3601; x_wconf 85' lang='lat' dir='ltr'><strong>vel</strong></span> <span class='ocrx_word' id='word_1_295' title='bbox 1229 3537 1464 3600; x_wconf 89' lang='lat' dir='ltr'><strong>consuetudinis</strong></span> 
     </span>
     <span class='ocr_line' id='line_1_35' title="bbox 186 3625 1465 3709; baseline -0.005 -17"><span class='ocrx_word' id='word_1_296' title='bbox 186 3629 334 3694; x_wconf 77' lang='lat' dir='ltr'><strong>tolerata.</strong></span> <span class='ocrx_word' id='word_1_297' title='bbox 351 3632 476 3692; x_wconf 86' lang='lat' dir='ltr'><strong>Constat</strong></span> <span class='ocrx_word' id='word_1_298' title='bbox 496 3647 534 3692; x_wconf 83' lang='lat' dir='ltr'><strong>ex</strong></span> <span class='ocrx_word' id='word_1_299' title='bbox 552 3628 641 3709; x_wconf 84' lang='lat' dir='ltr'><strong>praxi</strong></span> <span class='ocrx_word' id='word_1_300' title='bbox 667 3628 701 3692; x_wconf 92' lang='lat' dir='ltr'><strong>in</strong></span> <span class='ocrx_word' id='word_1_301' title='bbox 721 3627 815 3694; x_wconf 80' lang='lat' dir='ltr'><strong>vmiis</strong></span> <span class='ocrx_word' id='word_1_302' title='bbox 830 3626 950 3690; x_wconf 90' lang='lat' dir='ltr'><strong>casibus</strong></span> <span class='ocrx_word' id='word_1_303' title='bbox 970 3634 1061 3708; x_wconf 89' lang='lat' dir='ltr'><strong>atque</strong></span> <span class='ocrx_word' id='word_1_304' title='bbox 1080 3644 1118 3688; x_wconf 83' lang='lat' dir='ltr'><strong>ex</strong></span> <span class='ocrx_word' id='word_1_305' title='bbox 1135 3643 1285 3689; x_wconf 89' lang='lat' dir='ltr'><strong>consensu</strong></span> <span class='ocrx_word' id='word_1_306' title='bbox 1302 3625 1465 3690; x_wconf 91' lang='lat' dir='ltr'><strong>communi</strong></span> 
     </span>
     <span class='ocr_line' id='line_1_36' title="bbox 186 3717 740 3800; baseline 0 -20"><span class='ocrx_word' id='word_1_307' title='bbox 186 3717 407 3799; x_wconf 84' lang='lat' dir='ltr'><strong>theologorum.</strong></span> <span class='ocrx_word' id='word_1_308' title='bbox 423 3752 463 3764; x_wconf 94' lang='lat'><em>-</em></span> <span class='ocrx_word' id='word_1_309' title='bbox 478 3717 515 3780; x_wconf 87' lang='lat' dir='ltr'><strong>S.</strong></span> <span class='ocrx_word' id='word_1_310' title='bbox 534 3717 603 3800; x_wconf 77' lang='lat' dir='ltr'><strong>Lz&#39;p.</strong></span> <span class='ocrx_word' id='word_1_311' title='bbox 622 3737 654 3778; x_wconf 82' lang='lat' dir='ltr'><strong>a.</strong></span> <span class='ocrx_word' id='word_1_312' title='bbox 669 3721 740 3782; x_wconf 70' lang='lat'><strong>138.</strong></span> 
     </span>
    </p>
   </div>
   <div class='ocr_carea' id='block_1_11' title="bbox 310 3863 508 3942">
    <p class='ocr_par' dir='ltr' id='par_1_16' title="bbox 310 3863 508 3942">
     <span class='ocr_line' id='line_1_37' title="bbox 310 3863 508 3942; baseline 0 -14"><span class='ocrx_word' id='word_1_313' title='bbox 310 3863 508 3942; x_wconf 73' lang='lat' dir='ltr'><strong>Quaesitae.</strong></span> 
     </span>
    </p>
   </div>
   <div class='ocr_carea' id='block_1_12' title="bbox 188 3995 1471 4526">
    <p class='ocr_par' dir='ltr' id='par_1_17' title="bbox 188 3995 1471 4526">
     <span class='ocr_line' id='line_1_38' title="bbox 229 3995 1468 4103; baseline -0.007 -38"><span class='ocrx_word' id='word_1_314' title='bbox 229 4004 279 4065; x_wconf 86' lang='grc'><strong>99.</strong></span> <span class='ocrx_word' id='word_1_315' title='bbox 295 4037 336 4046; x_wconf 88' lang='lat'><em>-</em></span> <span class='ocrx_word' id='word_1_316' title='bbox 349 4004 449 4103; x_wconf 72' lang='lat' dir='ltr'><strong>Quart.</strong></span> <span class='ocrx_word' id='word_1_317' title='bbox 468 4007 500 4064; x_wconf 90' lang='lat' dir='ltr'><strong>l⁰</strong></span> <span class='ocrx_word' id='word_1_318' title='bbox 524 4001 576 4062; x_wconf 81' lang='lat' dir='ltr'><strong>Aa</strong></span> <span class='ocrx_word' id='word_1_319' title='bbox 589 3999 698 4082; x_wconf 74' lang='lat' dir='ltr'><strong>obliget</strong></span> <span class='ocrx_word' id='word_1_320' title='bbox 716 3998 778 4077; x_wconf 76' lang='lat' dir='ltr'><strong>lec,</strong></span> <span class='ocrx_word' id='word_1_321' title='bbox 794 3997 823 4059; x_wconf 78' lang='lat' dir='ltr'><strong>ai</strong></span> <span class='ocrx_word' id='word_1_322' title='bbox 834 3997 934 4078; x_wconf 80' lang='lat' dir='ltr'><strong>major</strong></span> <span class='ocrx_word' id='word_1_323' title='bbox 951 4006 982 4058; x_wconf 85' lang='lat' dir='ltr'><strong>et</strong></span> <span class='ocrx_word' id='word_1_324' title='bbox 995 3997 1100 4058; x_wconf 79' lang='lat' dir='ltr'><strong>sanior</strong></span> <span class='ocrx_word' id='word_1_325' title='bbox 1112 4015 1186 4079; x_wconf 83' lang='lat' dir='ltr'><strong>pars</strong></span> <span class='ocrx_word' id='word_1_326' title='bbox 1202 3995 1311 4078; x_wconf 83' lang='lat' dir='ltr'><strong>populi</strong></span> <span class='ocrx_word' id='word_1_327' title='bbox 1326 4013 1391 4057; x_wconf 82' lang='lat' dir='ltr'><strong>eom</strong></span> <span class='ocrx_word' id='word_1_328' title='bbox 1407 4011 1468 4056; x_wconf 76' lang='lat' dir='ltr'><strong>aaa</strong></span> 
     </span>
     <span class='ocr_line' id='line_1_39' title="bbox 190 4089 1467 4262; baseline -0.007 -20"><span class='ocrx_word' id='word_1_329' title='bbox 190 4089 443 4262; x_wconf 40' lang='lat' dir='ltr'><strong>Mffiilglelltzzi</strong></span> <span class='ocrx_word' id='word_1_330' title='bbox 457 4181 555 4261; x_wconf 89' lang='lat' dir='ltr'><strong>major</strong></span> <span class='ocrx_word' id='word_1_331' title='bbox 569 4179 599 4240; x_wconf 89' lang='lat' dir='ltr'><strong>et</strong></span> <span class='ocrx_word' id='word_1_332' title='bbox 611 4175 713 4240; x_wconf 88' lang='lat' dir='ltr'><strong>sanior</strong></span> <span class='ocrx_word' id='word_1_333' title='bbox 731 4193 802 4256; x_wconf 88' lang='lat' dir='ltr'><strong>pars</strong></span> <span class='ocrx_word' id='word_1_334' title='bbox 816 4175 937 4257; x_wconf 87' lang='lat' dir='ltr'><strong>populi,</strong></span> <span class='ocrx_word' id='word_1_335' title='bbox 954 4179 1077 4257; x_wconf 89' lang='lat' dir='ltr'><strong>propter</strong></span> <span class='ocrx_word' id='word_1_336' title='bbox 1095 4171 1310 4238; x_wconf 89' lang='lat' dir='ltr'><strong>rationabilem</strong></span> <span class='ocrx_word' id='word_1_337' title='bbox 1324 4189 1467 4246; x_wconf 86' lang='lat' dir='ltr'><strong>causam,</strong></span> 
     </span>
     <span class='ocr_line' id='line_1_40' title="bbox 188 4261 1471 4350; baseline -0.008 -19"><span class='ocrx_word' id='word_1_338' title='bbox 188 4267 287 4349; x_wconf 86' lang='lat' dir='ltr'><strong>legem</strong></span> <span class='ocrx_word' id='word_1_339' title='bbox 309 4267 351 4330; x_wconf 84' lang='lat' dir='ltr'><strong>od</strong></span> <span class='ocrx_word' id='word_1_340' title='bbox 370 4276 484 4350; x_wconf 78' lang='lat' dir='ltr'><strong>ternpus</strong></span> <span class='ocrx_word' id='word_1_341' title='bbox 506 4268 608 4331; x_wconf 88' lang='lat' dir='ltr'><strong>solum</strong></span> <span class='ocrx_word' id='word_1_342' title='bbox 630 4283 694 4328; x_wconf 91' lang='lat' dir='ltr'><strong>ncn</strong></span> <span class='ocrx_word' id='word_1_343' title='bbox 711 4269 857 4345; x_wconf 80' lang='lat' dir='ltr'><strong>acceptet,</strong></span> <span class='ocrx_word' id='word_1_344' title='bbox 874 4281 908 4326; x_wconf 92' lang='lat' dir='ltr'><strong>eo</strong></span> <span class='ocrx_word' id='word_1_345' title='bbox 927 4264 987 4326; x_wconf 85' lang='lat' dir='ltr'><strong>fine</strong></span> <span class='ocrx_word' id='word_1_346' title='bbox 1001 4269 1037 4326; x_wconf 92' lang='lat' dir='ltr'><strong>ut</strong></span> <span class='ocrx_word' id='word_1_347' title='bbox 1056 4283 1075 4326; x_wconf 89' lang='lat' dir='ltr'><strong>a</strong></span> <span class='ocrx_word' id='word_1_348' title='bbox 1090 4264 1229 4344; x_wconf 80' lang='lat' dir='ltr'><strong>Principe</strong></span> <span class='ocrx_word' id='word_1_349' title='bbox 1245 4261 1383 4325; x_wconf 86' lang='lat' dir='ltr'><strong>obtineat</strong></span> <span class='ocrx_word' id='word_1_350' title='bbox 1400 4261 1471 4342; x_wconf 76' lang='lat' dir='ltr'><strong>eJus</strong></span> 
     </span>
     <span class='ocr_line' id='line_1_41' title="bbox 190 4347 1470 4438; baseline -0.008 -18"><span class='ocrx_word' id='word_1_351' title='bbox 190 4355 449 4438; x_wconf 84' lang='lat' dir='ltr'><strong>dispensationem</strong></span> <span class='ocrx_word' id='word_1_352' title='bbox 482 4357 530 4420; x_wconf 81' lang='lat' dir='ltr'><strong>vel</strong></span> <span class='ocrx_word' id='word_1_353' title='bbox 561 4353 806 4434; x_wconf 81' lang='lat' dir='ltr'><strong>abrogationem,</strong></span> <span class='ocrx_word' id='word_1_354' title='bbox 842 4370 880 4415; x_wconf 84' lang='lat' dir='ltr'><strong>ex</strong></span> <span class='ocrx_word' id='word_1_355' title='bbox 910 4351 1042 4432; x_wconf 87' lang='lat' dir='ltr'><strong>benigna</strong></span> <span class='ocrx_word' id='word_1_356' title='bbox 1074 4351 1326 4432; x_wconf 85' lang='lat' dir='ltr'><strong>interpretatione</strong></span> <span class='ocrx_word' id='word_1_357' title='bbox 1360 4347 1470 4412; x_wconf 86' lang='lat' dir='ltr'><strong>haberi</strong></span> 
     </span>
     <span class='ocr_line' id='line_1_42' title="bbox 190 4442 1369 4526; baseline -0.008 -17"><span class='ocrx_word' id='word_1_358' title='bbox 190 4444 302 4526; x_wconf 87' lang='lat' dir='ltr'><strong>peterit</strong></span> <span class='ocrx_word' id='word_1_359' title='bbox 316 4442 458 4522; x_wconf 86' lang='lat' dir='ltr'><strong>obligatio</strong></span> <span class='ocrx_word' id='word_1_360' title='bbox 472 4443 547 4524; x_wconf 88' lang='lat' dir='ltr'><strong>legis</strong></span> <span class='ocrx_word' id='word_1_361' title='bbox 561 4447 710 4526; x_wconf 86' lang='lat' dir='ltr'><strong>tanquam</strong></span> <span class='ocrx_word' id='word_1_362' title='bbox 724 4459 885 4524; x_wconf 87' lang='lat' dir='ltr'><strong>suspensa,</strong></span> <span class='ocrx_word' id='word_1_363' title='bbox 902 4442 1077 4522; x_wconf 87' lang='lat' dir='ltr'><strong>usquedum</strong></span> <span class='ocrx_word' id='word_1_364' title='bbox 1090 4459 1138 4502; x_wconf 89' lang='lat' dir='ltr'><strong>res</strong></span> <span class='ocrx_word' id='word_1_365' title='bbox 1152 4444 1369 4522; x_wconf 63' lang='lat' dir='ltr'><strong>componatur:</strong></span> 
     </span>
    </p>
   </div>
   <div class='ocr_carea' id='block_1_13' title="bbox 0 0 1646 5020">
    <p class='ocr_par' dir='ltr' id='par_1_18' title="bbox 0 0 1646 5020">
     <span class='ocr_line' id='line_1_43' title="bbox 0 0 1646 5020; baseline 0 0"><span class='ocrx_word' id='word_1_366' title='bbox 0 0 1646 5020; x_wconf 95' lang='lat' dir='ltr'><strong> </strong></span> 
     </span>
    </p>
   </div>
  </div>
 </body>
</html>
