3168 5002
430 230 721 278 unorosrrronuu
747 231 998 278 onuuavsnun
1306 225 1348 283 3¹1

112 339 160 396 26.
181 339 213 396 Si
226 339 305 412 quis,
321 339 366 394 vel
381 339 461 397 solus
475 340 522 399 vel
536 357 632 398 coram
645 343 727 411 aliis,
745 344 805 400 sive
819 343 1011 415 interrogatus
1030 346 1089 400 sive
1103 345 1217 417 propria
1234 349 1349 420 sponte,

79 421 143 480 sire
160 420 349 477 recreationis
367 436 454 478 causa
471 421 534 478 sive
551 439 729 495 quocumque
745 424 802 480 alio
819 424 889 492 line,
902 425 980 496 iurat
999 440 1031 481 se
1052 440 1108 481 non
1122 425 1225 482 iecisse
1241 426 1350 500 aliquid

79 500 155 573 quod
169 515 270 557 revera
285 500 366 570 tecit,
385 499 572 574 intelligendu
587 503 661 558 iutra
677 519 708 560 se
724 502 833 576 aliquid
850 504 930 560 aliud
945 504 1019 576 quod
1037 521 1093 560 non
1107 505 1189 572 lecit,
1203 506 1247 562 vel
1264 507 1351 564 aliam

78 583 157 638 viam
172 581 210 636 ab
223 595 257 636 ea
270 580 301 636 in
312 596 368 652 qua
383 581 463 651 tecit,
478 582 523 638 vel
539 582 658 655 quodvis
672 583 749 640 aliud
766 584 896 640 additum
905 601 1018 652 verum,
1033 601 1132 641 revera
1145 600 1202 640 non
1216 588 1351 643 mentitur

80 661 349 735 nccestperv‘urus.
1275 726 1280 734 ,

117 747 164 804 27.
185 749 277 806 Causa
294 747 373 820 justo
394 747 492 806 utendi
513 748 560 804 his
582 749 804 822 amphibologiis
825 751 884 820 est,
905 751 1016 824 quoties
1040 751 1069 807 id
1089 753 1284 809 necessarium
1303 755 1353 810 aut

81 827 158 885 utile
176 829 219 884 cst
237 827 274 884 ad
294 827 417 884 salutem
436 829 576 902 corporis,
593 830 743 900 honorem,
758 847 806 887 res
822 831 980 889 familiares
997 831 1133 902 tuendas,
1144 834 1190 889 vel
1203 833 1239 889 ad
1256 850 1354 906 quem-

80 907 263 1044 litbepuphlium
277 908 395 982 virtutis¹
409 909 520 978 actum,
533 909 574 966 ita
592 911 623 966 ut
638 911 767 968 veritatis
780 911 933 969 occultatio
948 916 1101 970 censeatur
1114 915 1183 970 tunc
1199 913 1353 988 expediens

83 1005 100 1046 e
127 1005 143 1045 s
207 1005 269 1045 osa.
1192 1021 1194 1025 ·

119 1075 165 1133 28.
186 1076 243 1144 Qui
260 1074 406 1132 mediante
426 1076 670 1133 commendatione
690 1077 736 1134 vel
757 1095 876 1135 munere
890 1077 926 1134 ad
948 1080 1147 1150 magistratum
1163 1080 1207 1137 vel
1227 1079 1354 1137 officium

8 1215 9 1220 ,
84 1155 234 1228 publicum
248 1157 395 1230 promotus
407 1157 465 1226 est,
481 1157 586 1228 poterit
599 1171 663 1212 cum
681 1158 862 1216 restrictione
876 1159 994 1216 mentali
1009 1162 1145 1233 praestare
1160 1161 1355 1232 juramentum

85 1235 159 1308 quod
172 1235 210 1291 da
223 1236 357 1293 mandato
368 1235 445 1307 regis
461 1253 478 1292 a
489 1236 634 1294 similibus
648 1237 721 1293 solet
734 1239 824 1310 exigi,
835 1255 892 1295 non
905 1239 1004 1295 habito
1020 1242 1152 1314 respectu
1166 1240 1202 1296 ad
1218 1240 1354 1297 intentio-

85 1331 152 1372 nem
165 1316 326 1386 exigentis:
341 1316 409 1388 quia
423 1331 479 1372 non
493 1317 605 1373 tenetur
619 1318 702 1374 lateri
717 1319 826 1375 crimen
840 1319 994 1375 occultum.

120 1403 177 1538 2⁹⁸1
190 1405 296 1538 lippiens
314 1405 409 1459 metus
433 1403 528 1475 gravis
550 1406 595 1461 est
615 1421 703 1461 eausa
722 1406 802 1477 justa
822 1408 1063 1463 sacramentorum
1080 1406 1355 1464 administrationem

85 1499 167 1540 simu
179 1499 214 1538 an
233 1501 255 1539 r.
758 1505 761 1512 ⁴

120 1569 169 1628 30.
188 1571 243 1627 Fas
258 1573 304 1627 est
317 1570 379 1626 viro
391 1570 526 1628 honorato
539 1571 670 1628 occidere
689 1573 850 1629 invasorem
867 1571 916 1645 qui
932 1573 1035 1628 nititur
1048 1572 1221 1630 calumniam
1235 1574 1354 1642 inferre,

87 1651 113 1708 si
140 1649 225 1708 aliter
247 1649 308 1707 baec
332 1650 490 1722 ignominia
508 1653 594 1709 vitari
612 1653 725 1724 nequit;
748 1652 825 1708 idem
850 1668 962 1724 quoque
983 1652 1148 1720 dicendum,
1171 1654 1197 1710 si
1218 1654 1282 1726 quis
1302 1655 1357 1710 im-

87 1732 186 1805 pingat
203 1731 316 1804 alapam
335 1730 383 1786 vel
402 1731 477 1788 iuste
496 1733 650 1806 percutiat,
666 1735 695 1788 et
713 1735 779 1806 post
799 1733 951 1805 impactam
970 1731 1083 1805 alapam
1100 1731 1147 1788 vel
1164 1733 1253 1789 ictum
1271 1733 1356 1790 histis

88 1812 191 1882 fugiat.
334 1866 336 1872 ,

121 1897 169 1955 31.
188 1897 377 1969 Regulariter,
393 1898 523 1955 occidere
534 1913 652 1973 possum
666 1898 758 1955 turem
770 1915 819 1972 pro
831 1899 1048 1956 conservatione
1063 1899 1149 1954 unius
1164 1899 1253 1955 aurei.

122 1984 167 2041 3²2.
184 1988 246 2042 Non
255 1985 349 2041 solum
358 1983 470 2041 licitum
480 1987 525 2042 est
536 1985 689 2042 defendere
699 1987 864 2043 defensione
874 1986 1068 2059 occisivaquae
1081 1989 1147 2042 actu
1160 1985 1356 2060 possidemus,

89 2066 141 2122 sed
154 2066 242 2122 etiam
257 2066 294 2122 ad
313 2081 376 2138 quae
388 2065 437 2138 jus
453 2067 617 2123 inchoatum
636 2067 789 2136 babemus,
804 2069 833 2123 et
845 2083 909 2140 que
923 2082 975 2124 nos
994 2082 1178 2141 possessuros
1197 2081 1357 2138 speramus.

122 2152 173 2210 33.
191 2153 312 2210 licitum
331 2153 377 2210 ost
393 2155 450 2210 tam
468 2152 575 2211 burredi
590 2171 675 2226 quam
693 2154 845 2226 legatario,
862 2155 960 2212 contra
973 2153 1082 2226 injuste
1101 2152 1304 2228 impedientem
1322 2167 1358 2208 na

89 2232 134 2290 vel
157 2233 311 2290 haereditas
330 2233 450 2291 adeatur
467 2235 513 2290 vel
533 2233 626 2306 legata
649 2235 806 2304 solvantur,
825 2251 856 2292 se
875 2234 970 2292 taliter
984 2234 1135 2290 detondere
1150 2256 1155 2289 :
1173 2233 1248 2290 sicut
1267 2233 1296 2290 et
1309 2233 1358 2306 jus

89 2313 210 2370 habenti
228 2314 259 2368 in
271 2313 433 2371 cathedram
449 2312 492 2372 vel
508 2314 702 2389 prebendam,
721 2319 819 2372 contre
833 2331 932 2372 earum
949 2315 1161 2389 possessionem
1179 2314 1287 2386 injusta
1306 2313 1359 2369 im-

89 2392 271 2467 pedientem.

124 2477 174 2537 at.
194 2479 273 2536 Licet
288 2497 435 2554 procurare
458 2481 588 2538 abortum
602 2445 669 2540 ante
682 2483 888 2540 animationem
903 2483 1004 2551 ioetus,
1019 2497 1055 2538 no
1069 2480 1166 2555 puella
1182 2478 1359 2554 deprebensa

89 2559 209 2632 gravida
224 2560 365 2618 occidatur
378 2563 428 2618 aut
442 2562 606 2619 infametur.

122 2647 170 2705 35.
190 2647 311 2705 Videtur
323 2649 484 2722 probabile,
502 2665 615 2706 omnem
631 2649 731 2706 ioetum
748 2648 898 2723 [quamdiu
912 2649 942 2706 in
964 2649 1044 2705 utero
1066 2649 1124 2714 esti
1147 2663 1244 2704 carere
1263 2647 1360 2703 anima

92 2727 238 2797 rationali,
254 2729 283 2784 et
303 2730 371 2785 tunc
394 2730 518 2803 primum
531 2729 665 2804 incipere
688 2730 818 2786 eamdem
837 2729 957 2798 habere,
981 2744 1047 2785 cum
1065 2729 1186 2802 paritur,
1206 2743 1240 2784 ac
1263 2741 1360 2784 conse-
1479 2785 1481 2790 ,

92 2811 210 2880 quenter
222 2809 376 2866 dicendum
392 2809 462 2879 erit,
480 2811 511 2866 in
524 2809 604 2866 nullo
618 2810 719 2866 abortu
732 2809 920 2866 homicidium
935 2808 1086 2866 committi.

127 2902 172 2960 36.
182 2905 359 2968 Permissum
367 2905 518 2976 estturari,
528 2921 584 2962 non
598 2904 692 2962 solum
701 2905 731 2961 in
740 2906 868 2962 extrema
876 2904 1059 2973 necessitate,
1072 2901 1122 2960 sed
1133 2905 1221 2960 etiam
1230 2903 1260 2959 in
1268 2901 1358 2974 gravi.

125 2997 171 3056 37.
190 3001 304 3058 Famuli
325 3002 354 3058 et
378 3000 493 3058 famulae
515 3001 679 3058 domestice
703 3000 824 3075 possunt
846 2999 956 3056 occulta
973 2999 1053 3055 beris
1072 2998 1135 3055 suis
1160 2997 1303 3071 surripere
1324 2996 1360 3078 ad

96 3080 330 3153 compensandam
349 3097 463 3155 operam
478 3098 559 3137 suam
578 3097 661 3153 quam
683 3082 820 3152 majorem
838 3080 970 3152 judicant
988 3079 1093 3136 salario
1114 3077 1189 3153 quod
1206 3077 1358 3152 recipiunt.

127 3173 170 3233 38.
190 3179 252 3234 Non
268 3178 382 3234 tenetur
394 3177 460 3250 quis
474 3176 527 3234 sub
543 3192 627 3250 poena
643 3176 752 3250 peccati
769 3175 899 3233 mortalis
912 3176 1065 3234 restituere
1079 3175 1153 3248 qnod
1171 3173 1299 3231 ablatum
1316 3175 1361 3229 est

97 3271 243 3330 perpauca
256 3257 345 3326 turta,
361 3260 623 3331 quantumcumque
639 3257 677 3312 sit
690 3271 794 3328 magna
809 3271 921 3313 summa
933 3255 1041 3312 totalis.

128 3341 170 3399 39,
191 3343 248 3413 Qui
263 3343 353 3401 aliurn
371 3345 466 3400 movet
483 3345 533 3402 aut
548 3343 660 3401 inducit
678 3345 713 3401 ad
735 3344 913 3402 inferendum
934 3359 1019 3415 grave
1035 3343 1172 3398 damnum
1191 3341 1289 3408 tertio,
1304 3351 1360 3393 non

97 3423 206 3480 tenetur
216 3423 253 3480 ad
268 3425 477 3482 restitutionem
491 3425 578 3482 istius
593 3424 690 3481 damni
705 3424 790 3482 illati.

129 3510 172 3568 td.
193 3511 360 3568 Contractus
375 3511 504 3569 mohatra
518 3512 617 3568 licitus
636 3513 695 3582 est,
712 3513 800 3568 etiam
816 3513 949 3585 respectu
961 3509 1090 3582 ejusdem
1101 3523 1244 3584 persone,
1255 3507 1283 3562 et
1295 3517 1359 3559 cum

97 3591 238 3650 contmctu
252 3592 504 3650 retrovenditionis
520 3591 626 3665 previa
641 3592 713 3648 inim
728 3609 794 3648 cum
808 3592 968 3648 intentione
980 3589 1063 3646 lucri.

128 3679 172 3736 tl.
192 3681 264 3738 Cum
281 3683 430 3738 numerata
449 3679 571 3754 pecunia
588 3679 738 3754 pretiosior
756 3679 796 3736 sit
813 3677 1006 3747 numeranda,
1022 3677 1051 3734 et
1067 3675 1165 3733 nullus
1179 3675 1218 3732 sit
1236 3671 1284 3744 qui
1305 3685 1360 3726 non

97 3761 210 3831 majoris
224 3761 310 3817 iaciat
323 3762 474 3834 pecuniam
489 3763 658 3834 praesentem
672 3775 758 3832 quam
773 3759 912 3826 iuturam3
925 3757 1151 3832 potestcraditor
1164 3752 1273 3826 aliquid
1285 3749 1361 3808 ultra

96 3844 198 3896 sortem
209 3857 227 3898 a
240 3841 415 3898 mutuatario
428 3841 556 3914 exigere,
572 3841 602 3898 et
617 3857 650 3898 eo
666 3839 751 3897 titulo
765 3839 802 3897 ab
816 3855 904 3896 usura
918 3839 1058 3896 excusari.
1347 3891 1353 3900 ,

127 3927 172 3984 tt.
193 3929 287 3986 llsura
302 3945 358 3986 non
376 3931 435 3998 est,
451 3929 519 3986 dum
538 3929 614 3987 ultra
629 3929 734 3986 sortem
753 3926 864 4000 aliquid
883 3927 1008 3998 exigitur
1029 3929 1163 3997 tanquam
1186 3936 1221 3975 er
1242 3918 1363 3977 benero-

97 4005 184 4064 lcntia
198 4010 227 4064 et
240 4009 416 4081 gratitudine
429 4008 573 4079 debitum,
590 4009 639 4066 sad
663 4009 756 4065 solum
776 4011 802 4065 si
820 4007 951 4079 exigatur
970 4009 1106 4078 tanquam
1128 4015 1162 4058 ex
1181 4001 1296 4071 justitia
1315 4000 1363 4056 de-

97 4085 196 4144 bitum.
1288 4111 1290 4120 ν

127 4173 175 4232 ia.
199 4175 306 4245 Quidni
337 4175 452 4232 nonnisi
481 4175 594 4232 veniale
627 4177 680 4245 sit,
709 4174 886 4233 detrahentis
918 4172 1115 4231 auctoritatem
1145 4183 1276 4240 magnam
1305 4165 1362 4223 sibi

97 4256 226 4325 maiam,
240 4255 313 4328 talso
327 4257 446 4314 crimine
461 4255 586 4314 elidere?

130 4343 177 4399 tt.
197 4343 348 4401 Probabile
359 4345 404 4400 ast
417 4359 473 4399 non
486 4359 608 4417 peccare
623 4343 792 4412 mortaliter,
807 4342 856 4416 qui
875 4340 997 4415 imponit
1011 4336 1115 4393 laisum
1133 4336 1240 4393 crimen
1259 4333 1361 4400 alicui,

99 4424 129 4476 nt
144 4439 230 4479 suam
241 4423 387 4496 justitiam
401 4425 430 4480 et
448 4424 584 4480 bonorem
603 4422 747 4481 defendat.
767 4424 802 4482 Et
817 4423 843 4479 si
861 4422 915 4478 boc
932 4435 989 4476 non
1007 4416 1046 4474 sit
1061 4415 1223 4492 probabile,
1239 4415 1287 4472 vir
1304 4411 1363 4470 ulla

100 4503 153 4558 erit
168 4504 266 4578 opinio
281 4503 438 4577 probabilis
453 4503 482 4560 in
497 4502 649 4574 theologia.
