3206 5024
189 181 257 242 286
410 239 411 246 ,
726 191 933 239 rascraros

188 307 246 371 hoo
266 311 372 370 autem
391 303 518 378 suffieit,
535 309 573 366 ut
591 301 632 366 sit
650 301 685 366 in
703 303 765 366 loco
784 304 865 366 unde
883 304 1008 370 Missam
1028 304 1114 386 sequi
1133 304 1230 387 possit
1244 308 1346 388 quoad
1364 314 1466 390 partes

188 394 373 479 praeoipuaS,
388 393 452 456 sive
466 392 610 467 videndo,
625 391 690 454 sive
703 390 870 467 audiendo,
884 395 992 456 autad
1006 393 1094 474 signa
1105 391 1237 458 aliorum
1249 395 1467 462 assistentium

189 481 453 645 atcfinacep'ppffl
466 568 500 632 id
513 576 561 633 est
571 588 766 652 perseverans
783 570 822 633 ab
836 568 926 634 initio
938 572 977 635 ad
990 571 1085 635 finem
1094 570 1211 647 Missa,
1225 573 1271 635 ita
1282 580 1321 637 ut
1332 574 1469 656 member

187 667 304 744 peccet,
314 659 369 742 qui
380 658 499 722 omittit
509 657 676 722 notabilem
687 661 753 742 ejus
762 663 896 741 partem,
908 667 941 723 et
951 660 1112 724 venialiter
1123 659 1177 742 qui
1187 669 1308 742 partem
1319 664 1467 746 exiguam

188 750 321 826 omittit,
337 749 399 812 nisi
413 750 500 830 justa
512 765 604 811 eausa
617 754 788 811 excusetur.

309 902 526 970 Resolves.

229 1065 262 1122 10
282 1056 383 1124 Missa
407 1055 506 1121 valide
527 1055 660 1130 assistit,
676 1055 746 1137 qui,
767 1056 826 1118 etsi
846 1057 1037 1119 Sacerdotem
1057 1073 1121 1119 non
1139 1055 1256 1132 rideat,
1280 1075 1336 1121 neo
1356 1060 1470 1125 audiat

188 1148 297 1221 verba,
318 1145 401 1208 Sacri
422 1151 525 1226 partes
546 1145 713 1224 distinguit
735 1145 839 1207 sonitu
862 1145 1066 1226 campanulae,
1086 1151 1181 1209 cantu
1207 1146 1308 1226 chori,
1328 1148 1468 1215 motibus

188 1235 416 1310 assistentium,
432 1233 546 1315 quibus
564 1232 721 1296 moraliter
734 1233 891 1315 Jungitur,
908 1232 978 1298 licet
993 1234 1035 1297 sit
1050 1239 1137 1297 extra
1155 1235 1336 1312 Ecclesiam,
1352 1236 1388 1300 in
1404 1255 1469 1320 qua

187 1325 280 1388 turha
294 1321 445 1386 contineri
460 1341 522 1386 non
536 1328 646 1404 potest.
667 1323 743 1384 Item
762 1321 817 1402 qui
834 1327 895 1385 stat
913 1329 982 1404 post
999 1323 1110 1398 altare,
1126 1331 1195 1404 post
1208 1324 1401 1402 columnam,
1418 1327 1466 1390 vel

186 1419 257 1494 post
270 1411 434 1494 parietem,
450 1412 540 1475 modo
554 1412 708 1492 adportes
723 1411 892 1492 precipuas
903 1410 1002 1476 Missae
1013 1412 1171 1475 advertere
1183 1412 1291 1493 possit.

227 1505 260 1564 2⁰
278 1503 356 1564 Item
371 1499 580 1584 probabilius,
603 1498 658 1580 qui
681 1506 728 1562 est
748 1499 782 1562 in
801 1500 891 1563 domo
913 1500 1069 1582 proxima,
1088 1519 1127 1562 cx
1146 1519 1207 1582 qua
1227 1520 1281 1582 per
1298 1502 1468 1568 fenestram

187 1590 236 1654 uel
253 1593 383 1672 januam
408 1590 502 1652 altare
523 1595 578 1651 aut
600 1587 778 1652 assistentes
797 1587 917 1664 videat,
944 1595 1000 1651 aut
1022 1595 1123 1670 partes
1149 1590 1249 1654 Missa
1272 1591 1466 1674 distinguat,

187 1680 355 1743 dummodo
372 1695 504 1760 parvum
523 1677 566 1740 sit
579 1676 716 1758 spatium
732 1676 814 1738 inter
828 1677 993 1741 Ecclesiam
1011 1682 1042 1740 et
1056 1677 1158 1740 locum
1171 1677 1204 1740 in
1221 1697 1283 1760 quo
1299 1687 1357 1743 est.
1374 1683 1467 1746 Saum

162 1772 163 1776 ’
187 1773 294 1832 autem
311 1766 338 1830 si
353 1784 502 1848 magnum
523 1767 659 1847 spatium
677 1771 733 1828 aut
755 1765 853 1846 platea
872 1766 1056 1842 intercedat,
1074 1771 1110 1829 ut
1130 1772 1313 1829 communius
1327 1769 1464 1833 docetur.

188 1891 229 1902 -
246 1855 281 1918 S.
295 1857 366 1938 Lip.
382 1876 414 1916 n.
428 1859 498 1919 311.

227 1949 259 2008 30
279 1949 344 2010 Non
365 1943 483 2008 assistit
501 1945 605 2018 Sacro,
621 1942 676 2024 qui
696 1949 782 2006 extra
802 1941 967 2006 Ecclesiam
982 1945 1120 2008 multum
1133 1963 1152 2006 a
1165 1945 1253 2025 longe
1267 1953 1389 2024 manet,
1404 1949 1467 2012 etsi

186 2034 354 2115 templum,
375 2033 484 2106 altare,
506 2033 630 2094 turham
654 2031 772 2107 videat,
796 2031 870 2114 quia
885 2031 920 2094 in
940 2052 1000 2096 usu
1021 2033 1179 2096 communi
1195 2034 1256 2097 dici
1277 2053 1340 2097 non
1363 2042 1467 2117 potest

187 2122 293 2185 audire
308 2128 339 2184 et
352 2122 456 2184 edesse
470 2119 638 2183 moraliter.
654 2123 749 2182 Juxta
762 2117 848 2203 Lup'o
867 2127 898 2182 et
911 2119 1000 2199 alios,
1017 2122 1154 2203 spatium
1171 2122 1301 2202 triginta
1314 2143 1465 2204 passuum

187 2227 206 2274 a
224 2211 316 2274 turba
333 2209 548 2272 assistentium
566 2227 629 2272 non
647 2210 721 2272 adeo
741 2226 890 2290 magnum
909 2208 1042 2286 videtur,
1058 2216 1096 2273 ut
1112 2209 1278 2291 impediat,
1295 2211 1463 2293 quominus

187 2298 257 2380 quis
275 2301 363 2362 Sacro
378 2298 471 2362 adsit.

308 2452 505 2532 Quaesita.

227 2613 296 2672 311.
317 2645 356 2654 -
379 2611 482 2685 Qum.
505 2613 537 2671 10
556 2607 700 2682 Quanam
725 2609 843 2668 omissio
868 2605 1038 2689 reputando
1061 2609 1103 2668 sit
1124 2609 1225 2689 prauis
1250 2613 1302 2666 out
1325 2603 1398 2668 leod
1423 2610 1462 2668 in

185 2695 302 2761 Missa?

227 2787 320 2868 Resp.
332 2813 344 2848 .·
358 2787 424 2850 Non
438 2785 522 2848 facile
532 2783 731 2848 determinari
742 2789 857 2864 potest;
872 2784 1015 2866 quamuis
1027 2783 1112 2847 enim
1121 2833 1128 2860 ,
1136 2787 1228 2866 juxta
1241 2803 1354 2864 omnes,
1367 2784 1466 2848 tertia

186 2892 258 2955 pars
271 2874 370 2938 Missa
384 2873 425 2936 sit
438 2873 595 2948 notabilis,
611 2891 674 2935 non
688 2879 794 2936 tamen
808 2878 927 2936 constat
946 2890 1015 2953 quae
1034 2873 1074 2936 sit
1096 2871 1187 2936 tertia
1203 2891 1287 2954 pars,
1303 2890 1376 2936 oum
1391 2891 1466 2954 pars

188 2961 332 3024 notabilis
341 2981 404 3025 non
414 2965 537 3025 tantum
547 2979 566 3023 a
577 2961 797 3036 diuturnitate,
810 2961 890 3023 seda
901 2960 1051 3040 dignitate
1062 2962 1158 3024 etiam
1167 2960 1329 3043 dijudicari
1341 2961 1464 3026 debeat.

187 3052 258 3114 Haeo
269 3055 373 3112 tamen
383 3052 475 3130 juxta
488 3068 684 3113 communem
699 3048 886 3112 sententiam
900 3050 998 3112 statui
1011 3067 1098 3131 posse
1112 3049 1259 3114 uidentur
1272 3070 1280 3112 :

228 3145 261 3202 l⁰
281 3143 377 3202 Grave
391 3145 437 3201 est
450 3137 591 3201 omittere
603 3139 709 3201 omnia
722 3157 820 3219 usque
832 3139 871 3200 ad
885 3137 1081 3202 Ollertorium
1095 3139 1248 3202 inclusive.
1262 3141 1342 3203 Leve
1355 3145 1463 3203 autem

187 3232 266 3292 oerto
281 3231 326 3290 est
336 3225 477 3289 omittere
488 3227 593 3290 omnia
605 3245 704 3308 usque
713 3228 752 3289 ad
761 3226 931 3308 Epistolam
944 3227 1107 3308 exclusive,
1122 3234 1153 3290 et
1162 3227 1356 3312 probabilius
1367 3227 1465 3291 etiam

187 3317 348 3392 inclusioe;
362 3315 426 3378 imo
439 3315 643 3398 probabiliter
660 3315 769 3391 etiam,
779 3315 879 3398 jurato
898 3315 935 3380 S.
951 3315 1035 3398 Lep,
1051 3337 1083 3380 a.
1100 3321 1174 3392 310,
1191 3333 1289 3398 usque
1307 3317 1346 3379 ad
1362 3321 1465 3380 Eran-

187 3405 302 3486 gelium
323 3403 482 3484 inclusive,
505 3403 583 3466 lieet·
594 3407 624 3466 S.
641 3408 748 3468 Doctor
771 3403 941 3486 oppositam
963 3405 1148 3469 sententiam
1172 3411 1208 3467 ut
1223 3404 1464 3488 probabiliorem

186 3493 307 3558 habeat.
323 3493 413 3560 Ratio
426 3494 538 3556 horum
552 3498 613 3568 est,
630 3494 704 3574 quia
717 3512 786 3574 quae
799 3494 991 3575 procedunt,
1007 3493 1128 3575 proprie
1142 3495 1181 3558 ad
1198 3493 1387 3557 Sacrificium
1398 3509 1467 3555 non

186 3583 357 3663 pertinent,
375 3583 427 3646 sed
440 3587 515 3644 sunt
528 3586 654 3645 tantum
668 3582 765 3646 veluti
776 3582 957 3664 preparatio
972 3585 1012 3646 ad
1026 3583 1115 3647 illud.
1130 3618 1172 3630 -
1184 3582 1271 3665 Lupo
1277 3628 1288 3661 ,
1305 3589 1360 3645 eto.

227 3677 258 3736 2⁰
278 3675 377 3737 Grave
396 3678 457 3747 est,
474 3673 563 3752 juxta
586 3691 698 3750 omues,
719 3671 861 3734 omittere
882 3671 988 3735 omnia
1009 3675 1080 3734 ante
1098 3671 1301 3753 Evangelium
1319 3675 1350 3732 et
1368 3667 1466 3732 simul

186 3761 292 3824 omnia
314 3766 382 3842 post
401 3759 671 3836 communionem
688 3779 751 3823 non
767 3778 838 3822 vero
857 3760 999 3824 omittere
1017 3760 1071 3823 illa
1087 3765 1212 3824 tantum
1230 3777 1300 3841 quae
1317 3762 1466 3822 eommu-

187 3849 312 3912 nionem
331 3854 514 3930 sequuntur,
528 3847 592 3910 imo
606 3867 661 3910 nec
675 3848 818 3912 omittere
832 3849 937 3911 omnia
954 3855 1027 3913 ante
1040 3849 1209 3931 Epistolam
1227 3853 1258 3911 et
1275 3847 1381 3911 omnia
1393 3852 1467 3928 post

186 3938 507 4013 communionem.,-—
523 3936 561 4000 S.
575 3937 645 4018 Lip.
659 3958 690 3999 u.
707 3943 776 4002 310.
791 3973 830 3984 —-
846 3938 991 4018 Locroiu,
1007 3960 1040 4001 u.
1055 3943 1126 4004 666.

227 4031 258 4090 30
278 4027 385 4092 Gravis
403 4027 544 4090 habenda
557 4029 602 4088 est
614 4026 739 4089 omissio
760 4025 895 4089 Cononis
913 4045 932 4090 a
947 4028 1176 4091 consecratione
1194 4046 1293 4109 usque
1311 4027 1349 4088 ad
1368 4025 1467 4089 Pater

186 4114 351 4189 cartusiam
363 4117 436 4196 quia
450 4121 578 4196 estpars
593 4113 738 4178 notabilis
752 4115 959 4179 diuturnitate
970 4122 1001 4178 et
1015 4115 1178 4197 dignitate.
1193 4116 1282 4179 Levis
1295 4120 1402 4178 autem
1416 4133 1467 4178 re-

186 4209 313 4284 putatur
331 4204 455 4268 omissio
475 4206 648 4286 offertorii·
664 4203 740 4267 item
758 4203 882 4268 omissio
899 4203 1039 4288 Symboti
1056 4210 1086 4268 et
1100 4203 1322 4286 Proficiente,
1338 4203 1468 4266 etiamsi

186 4292 396 4369 decantentur,
413 4293 487 4375 quia
499 4294 563 4358 haeo
577 4294 615 4356 ad
631 4292 797 4356 essentiam
812 4293 913 4358 Missae
928 4311 991 4357 non
1004 4293 1170 4375 pertinent.
1187 4329 1227 4339 -
1238 4291 1272 4357 S.
1287 4294 1370 4374 Lip,
1388 4293 1466 4356 ibid.

185 4415 226 4426 —
240 4381 441 4461 Evangelium
457 4389 562 4445 autem
577 4384 612 4445 S.
629 4381 757 4444 ioannis
771 4383 805 4446 in
819 4383 880 4446 fine
890 4381 1099 4466 probabiliter
1111 4401 1175 4447 non
1192 4387 1239 4446 est
1254 4401 1325 4463 pars
1343 4381 1466 4458 Missa,

185 4467 260 4550 quia
273 4473 344 4531 ante
357 4469 433 4532 illud
442 4473 508 4551 jam
521 4471 694 4535 dimittitur
708 4473 838 4554 populus
852 4489 906 4552 per
916 4471 1173 4536 benedictionem.
