3168 5002
205 140 249 200 50
631 147 754 192 saulus
781 147 1055 192 orsaorlOLoulua

205 262 341 330 randum,
358 259 470 316 ardoris
485 258 542 315 nisi
562 258 597 314 ad
617 273 649 314 se
664 257 915 332 praecipitandum,
931 258 1037 315 virium
1057 259 1115 316 nisi
1135 259 1170 316 ad
1196 275 1228 316 se
1245 258 1481 324 ordneraudum:

205 343 250 400 est
264 357 353 415 capax
365 339 458 397 omnis
471 338 556 409 mali,
571 338 601 394 ot
613 338 732 412 incapax
744 338 780 394 ad
794 339 1007 397 omnebonum.

238 437 284 495 ro.
300 437 367 494 Sine
381 435 483 507 gratia,
497 433 569 490 nihil
584 449 681 490 amare
697 450 851 507 possumus
865 434 923 491 nisi
936 433 972 491 ad
987 436 1114 492 nostram
1130 434 1406 492 condemnationem.

238 533 285 591 44.
300 531 401 591 Omnis
415 530 541 602 cognitio
555 531 621 600 oei,
637 530 725 586 etiam
742 529 896 600 naturalis,
913 531 1001 586 etiam
1015 532 1046 587 in
1061 531 1240 605 philosophis
1261 531 1403 602 ethnicis,
1422 549 1482 590 non

204 617 298 689 potest
312 611 410 670 venire
423 611 510 667 nisia
524 613 582 667 lteo
596 628 603 666 :
620 612 650 666 et
665 609 728 666 sinc
741 610 833 681 gratia
851 626 908 666 non
929 610 1059 685 producit
1071 611 1130 667 nisi
1144 613 1411 685 praesumptionem,
1432 629 1484 670 ua-

204 696 342 763 nitatem,
359 694 388 749 ct
402 690 608 765 oppositionem
624 691 660 747 ad
676 691 772 763 ipsum
789 693 879 747 Deum
898 689 960 747 loco
979 692 1132 748 affectuum
1150 691 1342 762 adorationis,
1359 694 1482 763 gratitu-

204 775 296 846 dinis,
309 775 338 831 et
349 773 465 829 amoris.

239 861 284 919 44.
300 861 366 919 Sola
375 859 468 932 gratia
482 858 586 916 Christi
602 858 696 915 reddit
709 858 854 914 hominem
868 859 967 932 aptum
981 858 1017 915 od
1032 857 1207 916 sacrificium
1226 859 1306 917 Fidei
1320 860 1402 917 :sine
1411 860 1478 931 hoc,

204 942 280 1000 nihil
294 942 352 998 nisi
366 939 533 1013 impuritas,
549 939 622 996 nihil
637 939 696 995 nisi
714 937 883 1010 indignitas.

239 1030 283 1087 43.
299 1029 412 1085 Primus
427 1029 545 1100 effectus
561 1026 660 1098 gratim
671 1025 853 1100 baptismalis
868 1028 914 1082 ost
928 1027 1021 1083 lacere
1032 1027 1065 1082 ut
1083 1027 1239 1089 moriamur
1253 1031 1384 1102 peccato,
1405 1029 1481 1087 adeo

204 1112 236 1167 ut
249 1110 381 1185 spiritus,
397 1124 455 1177 cor,
472 1123 576 1164 sensus
591 1123 646 1163 non
669 1106 792 1164 habeant
807 1106 873 1179 plus
893 1107 959 1164 vitae
974 1123 1025 1181 pro
1039 1109 1171 1180 peccato,
1187 1125 1274 1181 quam
1293 1108 1377 1167 homo
1398 1126 1481 1167 mor-

205 1195 271 1248 tuus
286 1189 391 1247 habeat
401 1204 451 1263 pro
462 1189 547 1245 rebus
562 1186 672 1244 mundi.

239 1279 283 1334 44.
296 1280 359 1336 Non
370 1277 438 1332 sunt
452 1275 510 1332 nisi
524 1275 580 1331 dno
594 1291 716 1343 amores,
730 1274 807 1331 unde
819 1274 973 1332 volitiones
988 1277 1017 1330 et
1035 1275 1164 1332 actiones
1179 1293 1278 1335 omnes
1294 1279 1400 1336 nostrae
1412 1295 1482 1338 nas·

203 1365 324 1416 cuntur:
341 1373 421 1414 amor
437 1357 503 1425 lici,
519 1356 569 1428 qui
579 1355 676 1412 omnia
692 1355 753 1426 agit
766 1355 881 1429 propter
894 1357 1003 1424 Deum,
1017 1371 1159 1428 quemque
1175 1359 1250 1414 Deus
1262 1361 1479 1430 remuneratur;

202 1441 232 1496 et
245 1453 325 1494 amor
345 1453 401 1508 quo
417 1451 467 1492 nos
487 1437 566 1509 ipsos
587 1451 621 1491 ac
639 1434 779 1491 mundum
792 1434 958 1506 diligimus,
971 1435 1022 1508 qui
1043 1437 1118 1508 quod
1139 1437 1175 1494 ad
1192 1439 1282 1494 Deum
1296 1439 1481 1498 referendum

202 1519 246 1574 est
259 1533 316 1574 non
330 1517 432 1587 retent,
448 1519 477 1572 et
491 1515 606 1590 propter
615 1515 669 1572 hoc
681 1515 777 1590 ipsum
790 1514 823 1570 lit
836 1515 941 1572 malus.

237 1595 283 1662 45.
299 1604 401 1660 hmore
416 1605 467 1661 Dei
479 1603 508 1659 in
524 1603 608 1659 corde
620 1605 801 1677 peccatorum
819 1618 875 1659 non
891 1601 1017 1676 amplius
1033 1603 1185 1674 regnante,
1205 1621 1325 1663 necesse
1337 1608 1384 1664 est
1402 1611 1436 1666 ut
1448 1609 1482 1666 in

202 1701 235 1742 eo
251 1685 375 1741 carnalis
390 1686 489 1756 regnet
503 1683 662 1758 cupiditas,
675 1697 832 1754 omnesque
841 1682 968 1739 actiones
980 1683 1043 1756 ejus
1052 1687 1225 1759 corrumpat.

142 1825 148 1838 ,
238 1779 282 1836 46.
297 1779 445 1854 Cupiditas
459 1781 509 1835 ant
521 1777 748 1837 Charitosusum
764 1793 903 1834 sensuum
917 1777 1080 1835 honumvcl
1095 1779 1202 1836 malum
1218 1781 1335 1838 iaciunt.

237 1877 283 1933 47.
298 1876 471 1935 ohedientia
482 1875 556 1946 legis
569 1874 709 1947 prolluere
718 1873 804 1930 dehet
815 1891 849 1929 ex
863 1874 950 1943 tonte,
967 1877 995 1931 et
1007 1874 1056 1931 hic
1068 1875 1131 1932 lons
1145 1877 1191 1932 est
1202 1875 1339 1934 Charitas.
1356 1879 1481 1946 Quando

201 1958 254 2014 Dei
269 1959 403 2013 amorest
416 1956 496 2012 illius
510 1953 682 2028 principium
697 1953 830 2023 interius,
842 1954 870 2010 et
888 1955 939 2010 Dei
950 1953 1042 2026 gloria
1056 1957 1119 2028 ejus
1132 1955 1210 2025 linis,
1226 1959 1293 2014 tunc
1307 1973 1412 2032 purum
1432 1964 1481 2017 est

203 2036 316 2111 quando
331 2037 449 2110 apparet
462 2034 604 2102 exterius,
618 2033 746 2105 alioquin
761 2050 818 2090 non
832 2035 877 2092 est
889 2033 947 2090 nisi
959 2035 1121 2109 hypocrisis
1131 2037 1181 2092 aut
1195 2036 1268 2093 laisa
1277 2038 1403 2109 justitia.

237 2131 282 2189 48
295 2130 369 2200 Quid
384 2131 463 2187 aliud
476 2147 541 2188 esse
551 2145 722 2203 possumus,
733 2129 791 2186 nisi
806 2130 950 2199 tenehrae,
964 2130 1190 2201 nisiaherratio,
1205 2136 1234 2190 et
1245 2133 1302 2191 nisi
1316 2136 1477 2208 peccatum,

203 2212 266 2268 sine
280 2211 360 2271 Fidei
374 2211 499 2282 lumine,
515 2210 576 2265 sinc
589 2207 717 2278 Christo,
733 2213 762 2266 et
772 2210 836 2267 sine
849 2208 1011 2268 charitats?

237 2307 282 2364 49.
304 2309 341 2366 ut
360 2306 473 2444 null)lum
488 2322 574 2380 pecca
575 2307 636 2361 tum
650 2305 730 2361 est
707 2321 770 2363 srne
786 2322 882 2362 amore
897 2307 1004 2377 nostri
1022 2307 1063 2362 ita
1082 2306 1194 2364 nullum
1218 2308 1263 2364 est
1282 2324 1354 2383 opus
1369 2311 1480 2369 honum

204 2389 590 2611 ε,ἰη5ί4θ4ξῙῐῗιοιιΐὲιιιιθζίιιιιιιιιιιιι
605 2475 639 2532 od
656 2476 761 2546 Deum,
778 2475 869 2530 Pater
882 2473 943 2545 mi,
958 2474 984 2530 si
995 2475 1115 2548 spiritus
1130 2474 1280 2532 charitatis
1297 2492 1353 2534 non
1368 2481 1414 2536 est
1428 2480 1482 2537 ille

202 2571 252 2628 qur
265 2572 281 2613 c
294 2572 359 2614 ama
374 2598 381 2612 .

236 2644 281 2702 54.
301 2642 385 2700 Fides
403 2641 544 2716 justificat
562 2642 675 2714 quando
695 2641 837 2715 operatur,
854 2641 905 2698 sed
923 2641 988 2716 ipsa
1001 2658 1059 2698 non
1077 2644 1209 2717 operator
1227 2643 1284 2700 nisi
1308 2659 1359 2718 per
1379 2645 1483 2704 Chari-
1580 2684 1581 2703 ι

202 2725 300 2782 tatem.

235 2811 280 2870 54
294 2811 399 2869 Omnia
411 2809 470 2867 alia
484 2809 587 2867 salutis
601 2809 696 2866 media
710 2809 892 2866 continentur
903 2809 934 2865 in
947 2809 1017 2866 Fide
1024 2810 1180 2882 ,tanquam
1195 2811 1224 2868 in
1240 2827 1292 2869 suo
1304 2812 1435 2883 germine
1451 2818 1481 2872 et

200 2893 331 2948 semine·
347 2891 398 2948 sed
412 2891 473 2947 haec
488 2889 571 2946 Fides
589 2905 646 2946 non
661 2890 706 2947 est
717 2888 826 2962 absque
840 2905 936 2946 amore
948 2890 977 2946 et
991 2889 1106 2946 fiducia

235 2986 279 3042 53.
290 2987 368 3046 Sola
382 2985 515 3042 Charitas
529 2984 687 3041 christiano
702 2985 786 3040 modo
803 2985 872 3041 lacit
886 2985 1027 3058 (actiones
1041 2985 1225 3060 christianas]
1239 3002 1290 3060 per
1309 2988 1479 3046 relationem

200 3065 235 3122 ad
248 3069 339 3123 heum
351 3065 380 3121 et
390 3069 488 3121 lesum
501 3064 657 3124 Christum.

234 3153 280 3210 54.
301 3151 367 3209 Sola
382 3150 509 3209 Charitas
525 3152 570 3208 est
584 3167 647 3224 quae
662 3153 719 3209 Deo
733 3151 870 3224 loquitur,
882 3167 946 3208 cam
961 3149 1052 3209 solam
1066 3154 1143 3210 Deus
1153 3152 1243 3210 audit.

235 3240 280 3298 55.
300 3242 376 3296 Deus
391 3255 448 3296 non
465 3239 582 3295 coronat
595 3239 653 3294 nisi
671 3238 869 3296 Charitatem.
886 3239 936 3311 qui
950 3239 1039 3296 currit
1052 3256 1087 3296 ex
1102 3239 1159 3297 alio
1176 3241 1303 3315 impulsu
1320 3244 1349 3299 et
1367 3259 1402 3300 ex
1421 3242 1481 3301 alio
1577 3292 1578 3324 ,

199 3321 320 3389 motivo,
336 3319 367 3375 in
386 3334 492 3375 vanum
506 3318 606 3375 currit.

234 3409 283 3545 56ε
299 3411 375 3464 Deus
391 3422 447 3464 non
470 3405 633 3462 remunerat
652 3405 709 3462 nisi
727 3405 923 3463 charitatem:
940 3406 1075 3479 quoniam
1094 3407 1223 3464 Charitas
1239 3408 1301 3466 sola
1320 3412 1410 3466 Deum
1429 3410 1482 3468 ho-

201 3505 271 3546 nora
285 3539 293 3554 ,

234 3578 280 3634 57.
299 3575 401 3633 Totum
415 3573 496 3630 deest
515 3574 671 3647 peccatori,
687 3573 800 3647 quando
820 3574 847 3631 ei
867 3573 947 3630 deest
961 3575 1032 3648 Spes
1048 3593 1056 3631 :
1072 3574 1100 3633 et
1117 3590 1174 3632 non
1194 3579 1239 3634 est
1259 3577 1330 3651 Spes
1352 3576 1382 3634 in
1403 3579 1480 3651 Deo,
1575 3655 1576 3660 η

201 3656 250 3713 uhi
262 3672 319 3740 non
332 3657 377 3712 est
390 3669 471 3711 amor
485 3654 547 3712 oei.

234 3743 279 3801 58.
298 3747 356 3802 Nec
373 3745 450 3799 Deus
464 3741 576 3796 estnec
590 3741 706 3813 religio,
724 3739 773 3798 uhi
784 3758 839 3797 non
855 3743 900 3798 est
911 3741 1053 3799 Charitas.

235 3829 279 3886 59
300 3829 397 3888 Oratio
415 3827 569 3900 impiorum
588 3828 634 3884 est
651 3842 755 3884 novum
777 3828 948 3901 peccatum.
941 3846 948 3861 ·
964 3829 993 3884 et
1007 3828 1081 3902 quod
1098 3831 1175 3887 Deus
1193 3829 1254 3886 illis
1272 3830 1417 3902 concedit,
1433 3836 1483 3892 est
1574 3887 1575 3894 ,

199 3923 304 3964 novum
316 3911 348 3966 in
362 3926 411 3967 eos
422 3906 576 3982 judicium.

235 3991 280 4049 69.
302 3995 332 4052 84
344 3997 423 4054 solus
436 3993 570 4069 supplicii
582 3993 667 4049 timer
679 3993 788 4050 animat
798 3993 1010 4068 poenitentiam,
1024 4011 1080 4069 quo
1094 3996 1155 4054 haec
1167 3998 1212 4054 est
1224 3999 1318 4070 magis
1333 3999 1479 4074 violenta,

199 4086 233 4128 eo
247 4073 339 4144 magis
351 4075 430 4133 ducit
449 4076 484 4132 ad
503 4073 743 4148 desperationem

235 4157 280 4214 64
300 4160 395 4218 Timor
417 4161 532 4220 nonnisi
555 4177 671 4218 manum
695 4160 840 4218 cohibete
860 4176 907 4218 cor
925 4163 1022 4220 autem
1047 4161 1157 4220 mmdiu
1182 4165 1298 4238 peccato
1320 4165 1478 4240 addicitur,

199 4238 335 4309 quamdiu
350 4241 386 4296 ah
396 4259 491 4300 amore
500 4235 623 4316 justitiae
635 4257 692 4298 non
711 4241 837 4298 ducitur

234 4323 278 4380 oo.
299 4325 354 4394 Qui
369 4343 386 4383 a
403 4329 477 4386 malo
488 4347 545 4386 non
558 4329 684 4386 abstinet
696 4328 753 4386 nisi
770 4329 872 4386 timore
884 4345 989 4403 poenae,
1005 4329 1078 4388 illud
1093 4329 1269 4389 committit
1261 4348 1291 4390 m
1305 4335 1392 4394 corde
1407 4353 1480 4410 suo,

196 4403 247 4458 ct
236 4419 296 4474 pam
308 4407 353 4462 est
364 4423 430 4465 rcus
446 4425 540 4467 coram
555 4413 622 4469 Deo.
