3168 5002
198 199 243 262 θθ
626 211 749 256 snmus
775 210 1048 256 annononoaran

197 326 248 400 qui
267 325 451 400 imponuntur
473 339 524 396 per
547 322 663 380 modum
682 322 889 380 satisfactionis
911 321 1144 394 sacramentalis,
1165 324 1325 398 praecsdere
1345 324 1472 384 debeant
1581 345 1582 400 q

197 405 425 464 absolutionem:
1581 445 1582 470 Ξ

232 485 330 555 Falsa,
353 483 519 552 temeraria,
544 479 688 539 communi
705 481 785 555 praxi
803 481 938 540 Ecclesia
956 482 1110 556 injuriosa,
1134 483 1273 541 inducens
1293 486 1324 540 in
1342 501 1471 543 errorem
1581 529 1582 568 q

196 563 353 624 baereticali
369 563 437 620 nota
451 562 481 619 in
494 562 576 618 Petro
589 561 626 646 de
640 563 729 620 Osma
743 561 897 619 confixum.

301 761 336 804 lili
354 760 463 804 snam
481 761 649 804 necassetue
666 761 854 803 bissosmotts
872 760 925 804 PRO
943 761 1128 804 andinntbnls
1146 762 1364 807 resultantibus

667 841 703 882 tu
723 840 992 884 nscoufflbln‘rloaan

228 1016 274 1076 36.
293 927 564 1088 Βέἰθῑτξέἓιὲὲηέῗίὶ,
583 1032 653 1088 qua,
674 1016 825 1090 postquam
847 1017 1000 1090 praemisit,
1023 1016 1144 1090 quando
1166 1015 1356 1075 habebuntur
1375 1021 1467 1094 siqua

192 1115 256 1155 non
269 1096 422 1170 Quiesce
433 1095 549 1152 catoris
562 1095 620 1151 Dei
633 1095 823 1152 dominantis
836 1095 872 1152 in
886 1097 974 1154 corde
988 1096 1138 1163 bominis,
1149 1113 1235 1170 posse
1252 1097 1342 1155 illum
1355 1101 1467 1158 nierito

187 1176 327 1251 judicari
337 1176 468 1249 dipnum
479 1175 534 1249 qui
549 1174 731 1232 admittatur
744 1175 785 1232 ad
794 1175 1065 1250 participationem
1083 1177 1246 1250 sanquinis
1254 1178 1326 1235 ,lesu
1341 1178 1466 1248 Christi,
1581 1183 1582 1252 j

192 1275 258 1332 quac
271 1257 303 1330 fit
317 1255 353 1312 in
366 1254 585 1324 sacramentis,
603 1255 714 1324 subdit,
729 1255 940 1329 supposititias
958 1256 1165 1314 conversiones
1179 1274 1246 1331 qus
1258 1257 1339 1331 fiunt
1350 1277 1405 1334 per
1420 1263 1483 1316 at-'
1581 1273 1582 1326 ξ

192 1337 360 1405 tritionem,
384 1352 438 1393 nec
461 1333 595 1408 efficaces
617 1351 679 1392 esse
701 1334 871 1392 salmonea
893 1335 1066 1404 durabiles,·
1085 1340 1293 1410 consequenter
1308 1347 1466 1412 pastorem
1581 1339 1582 1414 ᾗ

190 1416 370 1475 animarum
384 1415 488 1473 debere
504 1413 644 1472 insistere
657 1413 755 1488 sipnis
769 1433 833 1472 non
851 1416 1011 1490 equivocis
1024 1416 1190 1476 claritatis
1206 1418 1396 1476 dominantis
1408 1437 1467 1477 an·
1581 1431 1582 1490 3

191 1501 311 1572 tequam
325 1495 465 1554 admittat
478 1512 548 1552 suos
559 1494 736 1570 pcenitentes
747 1495 786 1552 ad
804 1495 1016 1566 Samamenm;
1025 1513 1089 1570 quas
1101 1497 1199 1568 signa,
1216 1500 1247 1554 ut
1258 1499 1362 1556 deinde
1376 1501 1465 1558 tradit
1581 1527 1582 1570 f

191 1577 224 1652 (ἓ
238 1577 301 1652 17),
314 1582 421 1650 pastor
433 1574 579 1633 deducere
591 1574 701 1648 polerit
715 1591 755 1632 eae
770 1575 874 1632 stabili
889 1576 1052 1633 cessatione
1069 1593 1089 1632 a
1101 1583 1234 1650 pacano,
1248 1583 1275 1636 et
1290 1580 1409 1653 fauore
1426 1580 1465 1638 in
1581 1607 1582 1634 ;

189 1657 330 1732 operibus
340 1655 442 1724 bonis;
458 1672 543 1728 quem
559 1656 679 1728 insuper
694 1654 844 1728 [numam
859 1655 1023 1714 Charilatis
1041 1656 1171 1730 perhibet
1186 1657 1235 1731 (dc
1249 1659 1359 1719 Poenit.
1375 1661 1395 1734 ἓ
1409 1660 1460 1734 10)

189 1737 270 1796 uolut
280 1736 500 1810 dispositionem
513 1751 577 1809 qum
590 1735 675 1793 debet
687 1734 855 1808 precedere
870 1734 1106 1793 absolutionem:

225 1815 442 1886 Sicintellecta,
456 1817 557 1873 utnon
574 1813 668 1872 solum
682 1815 815 1872 contritio
831 1815 1011 1889 imperfecta,
1027 1833 1090 1890 ques
1108 1817 1218 1890 passim
1237 1819 1393 1878 attritionis
1407 1837 1463 1878 no-

188 1897 268 1955 mine
287 1897 418 1966 donatur,
429 1896 517 1952 ctiam
535 1911 600 1968 quae
617 1895 717 1966 juncta
737 1895 776 1952 sit
790 1911 855 1952 cum
874 1895 1028 1953 dilectione
1048 1912 1105 1970 qus
1119 1896 1203 1954 homo
1223 1898 1325 1972 incipit
1340 1899 1463 1972 diligere

188 1979 279 2035 Deum
293 1979 430 2049 tanquam
444 1974 539 2031 omnis
553 1973 677 2048 justitiae
694 1974 816 2044 iontem,
837 1991 889 2032 nec
905 1976 988 2032 modo
1009 1977 1141 2032 contritio
1161 1977 1305 2035 charitate
1324 1979 1460 2052 formata,

188 2058 239 2115 sed
254 2059 283 2113 et
304 2057 397 2113 servor
413 2053 565 2110 charitatis
586 2053 775 2123 dominantis,
792 2056 821 2110 et
837 2054 889 2112 ille
908 2055 1024 2127 quidem
1041 2056 1176 2113 diuturno
1197 2059 1391 2132 experimento
1407 2077 1462 2134 per

187 2139 327 2194 fervorem
348 2135 378 2189 in
406 2132 540 2206 operibus
565 2132 646 2188 bonis
668 2132 819 2206 probatus,
846 2133 1018 2205 generaliter
1039 2137 1068 2192 ct
1093 2136 1225 2194 absolute
1248 2139 1409 2212 requiratur
1427 2143 1461 2198 ut
1539 2145 1541 2148 '
1581 2119 1582 2178 Ῑ

186 2217 271 2274 homo
282 2214 317 2271 ad
330 2213 513 2269 Sacramenta
525 2212 553 2269 et
564 2212 712 2285 speciatim
723 2213 895 2286 poenitentes
912 2213 948 2270 ad
962 2213 1154 2272 absolutionis
1168 2217 1340 2275 beneficium
1356 2220 1461 2277 admit-

186 2296 319 2442 mitaligd,
334 2371 500 2440 temeraria,
511 2371 618 2444 quietis
629 2337 789 2428 animarum
802 2371 1011 2445 perturbativa,
1023 2375 1093 2432 lutee
1104 2391 1138 2432 ac
1150 2376 1275 2449 probatae
1289 2378 1319 2435 in
1330 2380 1461 2438 Ecclesia

258 2453 340 2528 praxi
354 2451 508 2520 contraria,
525 2451 702 2508 sacramenti
715 2449 852 2508 efficaciae
868 2452 1021 2510 detrahens
1036 2455 1065 2511 et
1079 2456 1229 2529 injuriosa.

606 2636 641 2678 DE
658 2635 848 2680 antianum
866 2635 1036 2681 absentabat

309 2755 469 2816 DePoenit.
485 2755 567 2830 510,
583 2773 616 2813 n.
631 2756 660 2815 6.

220 2845 265 2902 37.
286 2845 421 2903 Doctrina
442 2842 562 2916 Synodi,
585 2861 648 2918 quae
666 2844 702 2900 de
719 2845 888 2904 auctoritate
906 2845 1073 2905 absolvendi
1095 2851 1210 2923 accepta
1231 2867 1281 2923 per
1295 2849 1460 2910 Ordinatio·

184 2941 251 2983 nem
265 2925 410 2994 enuntiat,
422 2927 490 2998 post
499 2923 725 2981 institutionem
734 2923 908 2983 dioecesium
920 2931 948 2982 ct
959 2925 1179 3000 parochiurmn
1192 2930 1372 2987 conveniens
1383 2949 1457 3000 csse,

183 3010 219 3062 ut
231 3005 358 3079 quisque
367 3003 525 3078 judicium
541 3004 595 3061 boc
612 3011 748 3061 exerceat
770 3021 863 3079 super
877 3022 1024 3080 paeones
1037 3007 1098 3064 sibi
1111 3009 1250 3067 subditas
1261 3011 1324 3068 sive
1336 3011 1459 3069 ratione

185 3084 336 3142 territorii
350 3084 412 3141 siue
419 3085 491 3158 jure
505 3084 638 3156 quodam
653 3083 825 3158 personali,
845 3087 996 3159 propterea
1013 3087 1088 3160 quod
1105 3087 1195 3146 aliter
1209 3089 1348 3164 confusio
1363 3091 1459 3148 indu·

184 3169 301 3224 seretur
313 3168 341 3220 ct
351 3163 539 3238 perturbatio
544 3182 555 3232 ;

219 3246 368 3315 Quatenus
381 3245 446 3318 post
460 3243 609 3300 institutas
626 3243 766 3301 dioeceses
783 3245 812 3300 et
829 3245 980 3320 parochias
994 3247 1126 3304 enuntiat
1143 3249 1339 3308 tantummodo
1353 3268 1459 3310 conve-

183 3327 272 3384 niens
289 3340 364 3392 esec,
382 3323 422 3380 ad
433 3322 664 3397 precavendam
685 3323 910 3396 confusionem,
929 3331 964 3381 ut
981 3324 1153 3386 absoluendi
1172 3334 1304 3402 potestas
1323 3347 1458 3388 ennaea-

183 3411 235 3463 lur
252 3422 344 3478 super
357 3403 509 3472 subditos·
526 3404 569 3460 sic
584 3402 730 3460 intellecta
744 3405 880 3478 tanquam
897 3405 932 3462 ad
950 3406 1077 3464 validum
1097 3423 1182 3465 usum
1198 3409 1285 3482 hujus
1304 3413 1456 3484 potestatis

183 3503 240 3546 non
259 3487 298 3543 sit
314 3483 479 3542 neccssaria
495 3483 641 3540 ordinaria
656 3483 702 3540 vel
718 3483 904 3556 subdelegata
917 3485 969 3542 illa
980 3487 1161 3559 jurisdictio,
1180 3489 1244 3546 sine
1264 3505 1320 3563 qua
1338 3491 1458 3550 Triden-

182 3567 276 3625 tinum
293 3566 419 3624 declarat
431 3562 542 3621 nullius
556 3564 693 3620 momenti
708 3581 774 3622 esse
787 3565 998 3624 absolutionem
1012 3584 1030 3624 a
1044 3569 1190 3626 sacerdote
1207 3569 1345 3644 prolatam
1360 3592 1367 3628 :

217 3647 315 3718 Falsa,
328 3645 495 3714 temeraria,
511 3644 688 3718 perniciosa,
702 3645 869 3704 Tridentino
881 3647 1023 3704 contraria
1039 3649 1068 3704 et
1082 3649 1236 3720 iniuriosa,
1252 3667 1381 3708 erronea.

307 3757 398 3826 ibid,
413 3756 432 3830 ἓ
446 3754 492 3812 li.

218 3845 262 3903 38.
282 3848 367 3915 imm,
386 3844 528 3913 doctrina,
544 3857 615 3915 qua,
631 3843 780 3916 postquam
796 3843 926 3916 synodus
944 3845 1073 3918 professa
1093 3849 1139 3904 est
1155 3864 1187 3904 se
1205 3865 1268 3905 non
1284 3865 1372 3922 posse
1389 3867 1454 3907 non

180 3924 335 3985 admirari
348 3923 436 3982 illum
447 3921 520 3981 adeo
535 3921 736 3980 uenerabilem
753 3922 951 3998 disciplinam
969 3924 1179 3998 antiquitatis,
1194 3945 1260 4001 quae
1281 3930 1328 4002 [ut
1344 3929 1397 4003 ait]
1413 3931 1455 3988 ad

180 4005 397 4066 Paenitentiam
410 4021 473 4062 non
490 4003 535 4060 ita
548 4001 640 4076 facile
653 4008 680 4059 et
693 4002 773 4078 sorte
787 4021 947 4076 nunquam
966 4021 1036 4060 eune
1048 4005 1221 4064 admittebat
1236 4007 1293 4081 qui
1305 4014 1371 4082 post
1387 4009 1454 4083 pri-

180 4101 268 4143 mum
279 4089 436 4158 peccatum
451 4088 479 4142 et
491 4082 627 4158 primam
644 4081 924 4140 reconciliationem
938 4082 1076 4160 relapsus
1090 4093 1162 4144 esset
1174 4087 1210 4144 in
1228 4087 1364 4162 culpam,
1381 4091 1453 4148 sub-

177 4165 284 4242 jungit,
298 4181 352 4238 per
370 4165 510 4223 timorem
520 4167 672 4238 perpetuae
689 4161 876 4220 exclusionis
888 4180 909 4219 a
925 4165 1139 4224 communione
1154 4173 1182 4224 et
1201 4185 1292 4241 pace,
1309 4169 1402 4226 eliam
1416 4171 1453 4227 in

179 4243 310 4305 articulo
323 4246 446 4312 mortis,
462 4261 611 4318 mapnum
625 4243 760 4316 frenum
772 4242 835 4300 illis
846 4243 993 4316 injectum
1006 4246 1050 4303 iri
1063 4247 1118 4320 qui
1130 4264 1244 4322 parum
1258 4249 1453 4308 considerant

180 4325 298 4386 mainan
311 4323 425 4398 peccati
438 4330 465 4381 et
477 4324 583 4381 minus
599 4322 678 4381 illud
697 4323 824 4380 timent:

216 4404 361 4466 Contraria
380 4420 442 4460 can.
465 4403 500 4460 13
520 4403 641 4462 Consilii
661 4403 771 4460 Nicaeni
791 4407 817 4474 1,
835 4403 970 4464 decretali
990 4407 1149 4465 innocentii
1171 4410 1197 4479 l,
1218 4409 1254 4466 ad
1274 4412 1450 4485 Exuperium

251 4485 358 4555 Totos,
371 4483 439 4558 {tum
458 4485 486 4542 et
502 4483 639 4542 decretali
653 4481 800 4542 Culestini
816 4488 843 4555 1,
861 4487 897 4544 ad
911 4489 1067 4562 Episcopos
1081 4487 1220 4548 Viennen.
1242 4491 1270 4546 et
1287 4492 1449 4552 Narbonen.
