3206 5024
180 155 250 216 298
714 163 924 210 rasurarus

182 287 245 357 cet,
257 278 429 343 reverentia
438 283 469 340 et
480 275 662 340 ohedientia.
678 275 840 356 lbiplicem
853 274 938 338 enim
952 279 1123 356 respectum
1137 273 1254 338 habeut
1267 280 1410 356 parentes
1423 277 1463 340 ad

185 369 278 446 filios,
299 385 407 448 nempe
425 365 543 429 ratione
562 383 676 440 causae,
692 364 809 428 ratione
823 363 1079 446 praeminentia,
1100 369 1131 427 et
1151 363 1269 426 ratione
1287 362 1462 443 regiminis.

184 461 410 538 consequenter
424 455 481 518 filii
499 474 548 518 eos
569 472 672 517 amare
686 453 796 516 debent
815 459 852 516 ut
871 471 934 516 sua
952 453 1139 516 exsistentiae
1158 458 1314 528 auctores,
1331 453 1465 520 revereri

185 551 222 610 ut
236 545 425 627 Superiores,
441 543 546 626 eisque
559 549 721 626 tamquam
735 541 902 606 rectoribus
916 561 935 604 a
947 545 1007 606 Deo
1020 541 1128 622 legatis
1143 539 1274 605 obedire.

601 801 605 808 ·
706 763 733 830 l.
750 801 794 816 -·-
812 765 934 832 Amor.

227 964 299 1029 Filii
321 969 461 1046 parentes
485 981 587 1028 ornare
606 961 718 1024 debent
738 980 840 1026 amore
864 969 933 1024 tum
956 963 1086 1038 interne,
1106 961 1188 1042 ipsos
1204 961 1254 1043 pio
1270 968 1302 1025 et
1318 960 1463 1025 benevolo

186 1054 285 1120 cordis
304 1051 412 1116 affectu
431 1057 662 1132 prosequentem
679 1055 749 1114 tum
768 1061 908 1126 externe,
927 1069 1018 1113 omne
1033 1050 1152 1114 malum
1165 1057 1197 1113 et
1214 1048 1363 1132 iujuriam
1374 1057 1465 1112 nota·

185 1143 281 1206 bilem
300 1143 338 1204 ab
352 1141 427 1222 ipsis
441 1140 665 1221 propulsantes,
682 1157 799 1202 necnon
820 1145 953 1202 externa
971 1139 1190 1202 benevolentia
1209 1138 1297 1220 signa
1314 1138 1359 1200 eis
1379 1138 1466 1202 exbi-

185 1232 307 1306 bentes,
323 1230 424 1311 iisque
436 1229 471 1291 in
485 1229 664 1292 necessitate
679 1227 855 1290 constitutis
869 1247 923 1309 pro
937 1227 1080 1291 facultate
1094 1227 1321 1291 subvenientes.
1338 1231 1468 1294 Constat

185 1338 225 1384 ex
235 1323 305 1402 jure
318 1319 464 1382 naturali.
480 1317 626 1392 Quamvis
641 1316 738 1398 igitur
753 1316 902 1397 genitores
917 1317 1015 1380 nostri
1029 1317 1163 1380 defectus
1177 1316 1382 1398 quantumvis
1397 1335 1467 1396 gras

185 1427 239 1472 ves
252 1408 399 1482 habeant,
412 1415 442 1470 et
451 1407 560 1488 quovis
570 1406 660 1469 modo
670 1424 740 1487 erga
752 1424 807 1468 nos
818 1425 849 1468 se
861 1406 1024 1486 gesserint,
1037 1405 1081 1468 cis
1094 1412 1197 1468 tamen
1210 1405 1356 1468 debemus
1364 1404 1466 1470 vitam

186 1503 218 1560 et
237 1497 513 1570 conservationem,
530 1495 611 1577 quod
630 1493 772 1556 omniurn
791 1513 863 1557 sane
881 1494 1098 1558 beneficiorum
1117 1495 1292 1557 maximum
1311 1500 1370 1556 est.
1386 1494 1467 1558 Hinc

186 1585 278 1648 Eccli.
292 1604 353 1660 vn,
369 1589 424 1660 29,
441 1589 480 1649 30
501 1603 509 1646 :
525 1581 651 1646 Honora
665 1593 788 1665 patrem
809 1593 904 1654 tuum,
924 1591 952 1646 et
965 1588 1093 1665 gemitus
1105 1583 1214 1644 matris
1232 1593 1289 1644 tua
1304 1602 1341 1644 ne
1355 1582 1467 1644 oblivi-

186 1676 291 1737 scaris.
307 1675 456 1738 Memento
471 1674 615 1756 quantum
634 1672 696 1733 nisi
709 1692 766 1756 per
784 1671 850 1734 illos
864 1682 953 1734 nctus
967 1693 1027 1734 non
1040 1673 1167 1754 fuesses;
1182 1681 1211 1733 et
1231 1670 1363 1736 retribue
1384 1671 1464 1752 iltis,

187 1763 336 1845 quomodo
351 1773 380 1825 et
395 1761 447 1824 tttt
460 1762 528 1825 titt.

309 1926 521 1992 Resolves

229 2085 299 2144 aot.
316 2115 356 2125 -
369 2087 401 2144 1⁰
411 2083 539 2142 Peccant
550 2079 685 2159 graviter
693 2079 750 2142 filii
761 2086 867 2142 contra
877 2079 1028 2142 virtutem
1041 2078 1181 2159 pietatis,
1196 2079 1223 2142 si
1232 2085 1371 2160 parentes
1383 2077 1466 2140 inte-

189 2168 255 2231 rius
270 2167 338 2230 odio
351 2168 501 2241 habeant,
513 2168 650 2231 exterius
659 2167 747 2248 signa
757 2167 819 2231 odii
829 2167 904 2249 ipsis
914 2167 1092 2244 exhibeant;
1108 2167 1135 2230 si
1143 2185 1194 2230 eos
1203 2187 1308 2249 aspero
1321 2171 1462 2242 tractent,

189 2256 238 2318 vel
251 2255 347 2320 torvis
361 2256 455 2318 ooubs
470 2255 663 2332 intueantur,
678 2256 802 2337 perinde
811 2275 846 2319 ac
859 2257 886 2319 si
900 2256 968 2318 odio
980 2255 1136 2319 haberent.

228 2343 304 2407 ΨΑ
326 2344 468 2426 fortiori,
494 2345 520 2406 si
541 2346 660 2408 malurn
683 2345 727 2408 eis
748 2349 906 2426 exoptent,
931 2351 963 2408 et
982 2345 1082 2425 ipsam
1105 2353 1251 2418 mortem,
1279 2351 1316 2407 ut
1338 2343 1469 2406 liberius

189 2433 307 2508 vivere,
322 2434 370 2496 vel
384 2434 562 2496 haereditate
576 2451 682 2496 eorum
699 2433 792 2514 potiri
807 2433 940 2514 possint,
957 2433 1005 2495 vel
1019 2439 1056 2495 ut
1070 2452 1143 2496 cura
1156 2441 1188 2496 et
1205 2433 1340 2496 custodia
1356 2448 1468 2493 eorum

188 2521 374 2599 liberentur3
391 2522 418 2585 si
430 2521 508 2603 ipsis
522 2540 623 2584 coram
635 2521 704 2584 aliis
715 2522 846 2604 graviter
856 2522 1034 2598 detrahant3
1048 2521 1075 2584 si
1084 2522 1132 2598 vi,
1148 2522 1210 2586 dolo
1221 2519 1324 2584 aliisve
1333 2519 1465 2600 injustis

188 2610 300 2676 mediis
314 2630 332 2674 a
345 2612 500 2675 condendo
513 2617 697 2674 testamento
711 2610 778 2673 illos
790 2611 975 2692 impediant,
989 2617 1046 2673 ete.

230 2705 263 2765 3⁰
275 2703 368 2778 Item,
385 2701 412 2762 si
426 2719 476 2764 eos
493 2701 532 2762 ad
546 2700 626 2762 iram
642 2706 822 2780 provocent,
839 2706 870 2762 et
888 2717 1010 2780 gravem
1026 2700 1189 2764 tristitiam
1202 2699 1312 2778 absque
1329 2700 1417 2779 justa
1432 2700 1470 2759 et

189 2791 276 2869 gravi
289 2808 381 2854 causa
393 2789 469 2870 ipsis
484 2789 627 2864 afferant,
645 2789 818 2870 praesertim
833 2789 859 2851 si
871 2807 921 2852 eos
935 2789 1116 2853 contristent
1131 2807 1228 2870 usque
1245 2788 1284 2850 ad
1300 2787 1468 2868 lacrymas.

190 2876 239 2938 sic
252 2877 335 2940 enim
354 2877 389 2940 in
408 2881 495 2942 Prov.
516 2896 584 2954 xlx,
601 2883 664 2942 26:
686 2878 746 2955 Oui
760 2878 878 2960 afflipt't
893 2888 1012 2961 petrem
1027 2888 1055 2940 et
1073 2879 1165 2961 stipat
1178 2887 1318 2956 matrem,
1337 2875 1471 2957 ignenti-

189 2965 292 3029 ttiostts
307 2976 349 3028 eet
362 2977 392 3028 et
404 2967 525 3050 infelix.
541 2971 581 3030 Et
595 2966 685 3030 Ecoli.
700 2986 752 3044 111,
768 2972 806 3032 18
822 2987 831 3030 ;
846 2967 906 3031 Est
920 2967 1096 3030 maledoctus
1112 2989 1131 3029 c
1149 2970 1223 3049 Deo,
1243 2969 1297 3050 qui
1309 2973 1470 3050 crasperct

189 3063 327 3116 matrem.
1385 3110 1389 3120 .

229 3146 262 3206 l⁰
276 3142 309 3206 si
327 3144 506 3224 parentibus
530 3143 663 3225 graviter
682 3145 894 3226 indigentibus
915 3147 1062 3210 alimenta
1080 3151 1111 3210 et
1131 3147 1190 3209 alia
1211 3143 1383 3208 necessaria
1406 3161 1468 3206 non

192 3230 448 3307 subministrent,
472 3237 609 3314 cogentes
630 3252 680 3297 eos
703 3234 742 3296 ad
763 3234 1002 3300 mendicandum
1021 3241 1076 3298 aut
1094 3236 1134 3299 ad
1152 3234 1352 3297 exercendam
1367 3238 1469 3294 artem

191 3320 331 3402 ipsorrnn
346 3320 442 3384 statui
458 3320 648 3399 indecoram
665 3323 692 3386 si
705 3341 755 3386 eos
769 3323 923 3400 infirmos,
940 3324 1065 3387 afflictos
1077 3330 1132 3387 aut
1144 3324 1227 3386 senio
1241 3321 1389 3385 confectos
1403 3335 1468 3381 non

194 3409 338 3488 visitent,
352 3409 399 3474 vel
412 3409 456 3473 eis
470 3429 532 3474 non
548 3412 784 3492 compatiantur,
797 3431 946 3494 opemque
961 3413 1023 3478 illis
1038 3412 1115 3476 ferre
1132 3417 1281 3487 renuant;
1296 3406 1470 3493 presertim

190 3515 263 3561 vero
278 3499 305 3560 si
317 3499 379 3562 illis
395 3518 458 3562 non
472 3498 657 3562 subveniant
670 3501 705 3563 in
724 3501 957 3564 necessitatibus
972 3502 1201 3583 spiritualibus,
1216 3505 1253 3562 ut
1267 3517 1378 3580 nempe
1391 3497 1470 3578 ipsis

191 3585 227 3650 in
241 3587 370 3652 articulo
383 3588 492 3666 mortis
502 3589 700 3686 ¹Sacramenta
713 3589 979 3666 administrentur,
996 3597 1054 3654 otc.
1070 3625 1109 3640 -·
1123 3590 1259 3654 Tandem
1276 3587 1305 3652 si
1317 3587 1394 3670 ipsis
1406 3585 1470 3650 vita

191 3673 305 3740 tumetis
317 3696 380 3742 non
392 3683 515 3752 curent,
531 3684 569 3740 ut
580 3678 732 3760 exseqrtiae
747 3686 778 3742 et
791 3679 929 3744 Ecclesia
939 3679 1126 3746 ceremonia
1139 3679 1230 3746 modo
1243 3675 1471 3744 eorumeontt

192 3762 270 3830 tioui
282 3783 414 3848 congruo
428 3765 650 3850 persolvantur.
662 3804 702 3816 -
715 3767 751 3830 S.
767 3769 839 3851 Liq.
854 3789 886 3832 rt.
901 3774 970 3835 333.

661 3977 706 4047 ll.
720 4017 765 4028 -
781 3980 992 4048 Reuerentia.

231 4181 302 4240 365.
316 4213 357 4224 -
369 4177 442 4241 Filii
455 4179 635 4260 parentibus
653 4179 796 4244 exhibere
813 4182 924 4245 debent
941 4179 1145 4246 reverentiam
1159 4188 1230 4244 tum
1242 4178 1416 4252 internam,
1433 4181 1471 4240 ut

192 4263 260 4326 illos
272 4264 423 4329 nimirum
436 4275 601 4348 agnoscant
614 4275 774 4351 tamquam
791 4271 982 4352 Superiores,
998 4275 1029 4333 et
1042 4269 1110 4334 ideo
1125 4269 1268 4332 timorem
1286 4285 1408 4348 quoque
1422 4282 1471 4328 re-

191 4352 391 4418 verentialem
404 4375 475 4436 erga
493 4375 543 4422 eos
561 4357 712 4436 habeant;
728 4363 799 4422 tum
818 4365 990 4435 externam,
1005 4359 1123 4440 quain
1137 4357 1239 4422 verbis
1255 4363 1286 4418 et
1306 4354 1396 4418 factis
1409 4353 1472 4419 sita
1485 4433 1488 4438 Δ

163 4519 168 4528 ,
192 4445 249 4506 est.
266 4440 441 4507 Hinchcli.
453 4463 505 4522 111,
519 4451 539 4510 9
552 4466 558 4507 ;
573 4447 613 4510 In
626 4467 714 4532 opere
726 4459 755 4512 et
766 4467 916 4529 sermone,
930 4457 959 4510 et
968 4448 1212 4530 omnipatt'entt'c
1222 4447 1471 4528 bonorcpetreog
