3168 5002
450 211 747 256 raorosrrros'uu
770 211 1024 258 naunarsnun
1330 204 1372 266 os

99 326 195 384 ordine
216 325 246 380 et
268 324 388 395 antiqua
412 321 634 391 consuetudine,
657 325 690 378 ut
712 322 742 378 in
766 338 938 396 unoquoque
957 323 1063 398 templo
1087 341 1176 382 unum
1201 329 1312 386 tantum
1333 331 1373 392 sit

101 406 202 474 altare,
219 403 334 476 sibique
351 403 421 459 adeo
433 401 546 476 placere
559 417 665 458 morem
683 401 767 458 illurn
782 403 957 460 restituere:
1064 421 1072 437 =

135 485 311 553 Temeraria,
334 483 518 556 perantiquo,
540 482 602 556 pio,
627 481 726 539 nrultis
748 483 851 540 abhinc
874 483 988 542 saeculis
1014 485 1045 542 in
1063 486 1192 544 Ecclesia
1213 490 1372 560 praesertim

170 565 261 622 latina
274 564 383 635 vigenti
401 567 430 619 et
443 562 560 636 probato
575 564 646 618 mori
661 563 809 635 injuriosa.

223 701 301 760 ibid.

137 788 180 846 32.
196 791 283 858 imm,
299 787 477 862 prescriptio
494 789 610 858 setam,
629 804 665 844 ne
685 803 772 862 super
793 787 895 845 altaria
915 805 1061 846 sacrarum
1080 789 1266 864 reliquiarum
1286 792 1375 850 thecae

106 871 221 928 tioresre
235 873 417 944 apponantur
432 889 438 924 :
968 917 976 930 .

329 949 505 1018 Temeraria,
521 947 569 1021 pio
582 963 616 1004 ac
631 947 747 1022 probato
759 947 895 1006 Ecclesiae
910 950 982 1006 mori
998 949 1148 1023 iniuriosa.
1188 999 1189 1003 ,

226 1086 354 1160 aas
373 1087 400 1146 a

138 1173 181 1232 33.
202 1175 363 1248 Propositio
380 1172 500 1246 synodi,
525 1189 581 1246 qua
603 1189 707 1247 cupere
731 1189 762 1230 se
785 1174 928 1242 ostendit,
954 1177 986 1232 ut
1008 1191 1103 1233 causa
1121 1176 1304 1246 tollerentur,
1326 1193 1377 1250 per

106 1271 175 1328 quas
190 1271 226 1311 ex
238 1258 319 1329 perte
332 1254 450 1310 inducta
459 1255 505 1310 est
514 1253 619 1310 oblivio
632 1253 837 1327 principiorum
847 1254 882 1310 ad
894 1253 1020 1326 liturgiae
1029 1255 1159 1314 ordinem
1174 1259 1376 1331 spectantium,

106 1337 271 1394 rumando
291 1333 379 1392 ittam
399 1333 441 1390 ad
459 1333 609 1406 majorem
631 1332 750 1390 rituum
775 1333 1017 1406 simplicitatem,
1039 1352 1106 1394 eam
1125 1337 1247 1411 numeri
1270 1337 1378 1411 linqua
1441 1381 1442 1384 ,

106 1415 297 1488 memento,
314 1420 342 1470 et
356 1413 434 1470 elata
451 1430 518 1470 voce
531 1411 729 1486 proferebam

143 1495 229 1564 Quasi
245 1495 348 1566 vigans
362 1494 430 1550 ordo
444 1493 569 1566 liturgiae
583 1494 619 1549 ab
638 1493 767 1550 Ecclesia
783 1495 916 1567 receptus
936 1497 965 1550 et
981 1494 1117 1568 probatus
1133 1496 1230 1570 aliqua
1245 1513 1282 1554 ex
1300 1499 1380 1570 parts

109 1576 253 1633 manasset
266 1592 303 1631 ex
317 1574 460 1632 oblivione
475 1573 680 1648 principiorum
694 1573 800 1646 quibus
816 1573 869 1630 itta
882 1574 943 1645 regi
956 1575 1058 1632 debet:

142 1655 319 1726 Temeraria,
336 1655 447 1729 piarum
462 1654 575 1710 aurium
588 1654 740 1722 adsuetae,
754 1653 784 1708 in
799 1653 956 1710 Ecclesiam
973 1654 1194 1723 contumeliosa,
1210 1655 1308 1713 terens
1324 1656 1381 1714 bse-

178 1736 333 1793 reticorum
348 1735 379 1791 in
393 1750 457 1790 eam
472 1734 621 1794 conviciis.

569 1979 604 2020 lt!
622 1977 723 2022 osbirin
742 1975 926 2020 sonuissent!

237 2111 281 2169 Dc
295 2111 403 2168 Poenii.
421 2109 440 2184 ἓ
455 2109 481 2167 7.

147 2198 192 2256 st.
212 2197 372 2258 Declaratlo
392 2197 513 2270 synodi,
532 2213 602 2270 qua,
621 2200 774 2271 postquam
793 2195 933 2271 praemisit
952 2193 1081 2252 ordinem
1102 2194 1280 2252 Poenrteutiae
1303 2209 1385 2251 canc·

113 2280 186 2337 nicae
205 2280 250 2336 sic
263 2280 296 2335 ad
317 2279 515 2352 Apostolorum
531 2276 693 2352 exemplum
710 2277 745 2333 ab
763 2277 892 2334 Ecclesia
909 2276 1048 2332 statutum
1063 2275 1155 2332 tuisse
1169 2277 1201 2332 ut
1217 2277 1296 2334 esset
1310 2290 1385 2335 com·

114 2360 213 2416 munis
226 2359 368 2428 omnibus,
385 2375 437 2416 nec
452 2361 562 2416 tanturn
576 2375 627 2432 pro
646 2357 794 2432 punitione
807 2355 898 2430 culpae
913 2354 963 2413 sed
979 2355 1120 2430 precipue
1134 2370 1184 2428 pro
1196 2354 1386 2428 dispositione

114 2439 151 2495 ad
174 2439 312 2510 gratiam,
331 2439 443 2506 subdit,
462 2456 494 2496 se
508 2437 544 2494 in
564 2438 670 2496 ordine
687 2436 741 2494 itio
759 2435 897 2494 mirabili
917 2442 944 2492 et
965 2442 1091 2510 uupusto
1113 2439 1206 2492 totam
1227 2450 1386 2508 apnoscere

114 2518 294 2594 diqnitatem
312 2517 503 2576 sacramenti
525 2518 597 2576 adeo
616 2517 793 2584 necessarii,
807 2517 935 2574 tiberem
956 2533 974 2572 a
997 2513 1215 2572 subtilitatibus
1238 2533 1305 2588 quae
1324 2513 1386 2588 ipsi

115 2599 243 2656 metasse
259 2599 402 2670 temporis
417 2599 567 2673 adjunctae
580 2603 668 2666 sunt;

150 2679 239 2748 Quasi
260 2695 309 2753 per
328 2680 471 2748 ordinem,
491 2695 561 2750 quo,
582 2678 643 2734 sine
663 2679 775 2751 peracto
792 2677 934 2733 canonicae
952 2675 1127 2748 penitentiae
1150 2691 1251 2742 cmsu,
1268 2674 1320 2730 hoc
1341 2675 1388 2731 Sa·

117 2761 293 2816 crementum
308 2761 460 2832 periciam
477 2759 635 2816 Ecclesiam
650 2757 846 2814 administrari
864 2756 1029 2824 consuevit,
1045 2754 1125 2812 itlius
1140 2755 1244 2810 luisset
1260 2755 1386 2825 dignitas

118 2839 288 2896 imminuta:

152 2920 328 2988 Temeraria,
340 2917 525 2988 scandalosa,
539 2917 678 2974 inducens
696 2917 725 2972 in
739 2917 934 2988 contemptum
946 2913 1096 2986 dignitatis
1113 2914 1291 2973 sacramenti
1304 2915 1387 2988 prom

185 3015 237 3074 per
246 2999 406 3058 Ecclesiam
418 3001 506 3056 totam
520 2998 671 3056 consuevit
683 2996 895 3064 administrari,
906 2993 1042 3052 Ecclesiae
1056 2993 1114 3068 ipsi
1129 2993 1279 3066 injuriosa.

240 3138 283 3195 Dc
298 3136 407 3194 Poenit.
425 3137 444 3211 ς
460 3138 508 3207 10,
523 3154 554 3194 n.
571 3137 597 3192 i.
1013 3199 1016 3205 Δ

152 3223 196 3282 35.
218 3226 378 3300 Propositio
390 3225 435 3281 his
451 3226 545 3282 verbis
561 3225 715 3296 concepta:
732 3221 767 3280 Si
782 3220 923 3279 Charitas
937 3220 973 3276 in
985 3217 1141 3296 principio
1152 3235 1271 3291 semper
1282 3215 1387 3274 debitis

119 3309 174 3374 cst,
194 3303 231 3362 de
243 3305 295 3362 oia
311 3304 472 3362 ordinaria
489 3307 528 3363 ool
548 3303 745 3362 obtinendum
762 3308 960 3376 asprenatum
977 3299 1070 3376 bajus
1090 3298 1256 3360 Obaritatis
1273 3300 1388 3370 oportet

119 3389 151 3442 ut
167 3383 312 3444 Sacerdos
322 3386 491 3462 prandere
502 3384 600 3456 sanat
614 3399 662 3440 ecs
674 3389 758 3440 actus
772 3381 998 3440 bumiliationis
1007 3387 1036 3438 et
1047 3379 1247 3455 poeniteutiae,
1257 3376 1311 3450 qui
1323 3375 1388 3450 [ue-

120 3471 192 3522 runt
204 3465 289 3522 omni
302 3470 386 3522 estate
400 3466 437 3522 ab
450 3453 587 3522 Ecclesici
594 3462 799 3536 commendati
810 3481 818 3517 :
829 3461 965 3534 redipere
978 3461 1031 3518 bos
1043 3465 1127 3517 actus
1138 3459 1178 3516 ad
1193 3473 1306 3534 paucas
1320 3471 1388 3512 ora-

121 3545 216 3602 tiones
240 3551 294 3636 ant
313 3547 353 3602 act
369 3545 492 3620 aliquod
511 3544 668 3618 jejunium
686 3550 752 3617 post
766 3543 836 3616 jarn
858 3540 996 3598 collatmn
1015 3539 1250 3606 absolutionem,
1270 3534 1390 3592 uidetur

119 3625 222 3698 potius
239 3624 396 3682 materiate
416 3625 602 3684 desideriam
619 3621 817 3681 cessarea-adi
837 3620 909 3680 huic
931 3627 1119 3678 sacramento
1136 3619 1254 3676 nudum
1279 3631 1390 3672 nomen

122 3705 327 3774 Paenitentia,
346 3723 438 3779 quam
447 3706 583 3762 medium
600 3702 813 3760 illuminatum
827 3707 854 3756 et
868 3705 975 3770 aptum
986 3701 1027 3757 ad
1039 3699 1214 3773 aspendum
1226 3695 1317 3753 iilum
1330 3693 1392 3768 ser-

120 3803 223 3843 vorem
239 3785 417 3853 (iteritatis,
428 3787 482 3860 qui
493 3787 575 3842 debet
588 3784 753 3860 praecedere
767 3780 1005 3838 absolutionem:
1020 3779 1105 3854 loapc
1114 3777 1235 3852 quictem
1247 3775 1391 3832 meamus

116 3867 158 3922 ab
168 3865 374 3938 improbanda
387 3866 482 3938 prasi
495 3865 677 3940 imponendi
683 3862 878 3938 penitentias
887 3861 980 3920 etiam
987 3867 1054 3936 post
1064 3856 1280 3916 absolutionem
1294 3855 1391 3912 atae

120 3944 246 4020 plenam
262 3965 272 4001 .·
286 3945 314 4002 si
332 3945 438 4002 omnia
451 3953 557 4002 nostra
575 3947 653 4002 bona
667 3961 759 4018 opera
777 3959 896 4015 seraper
912 3941 1072 4015 adjunctos
1086 3939 1194 3995 babent
1209 3941 1327 3993 noum:
1343 3935 1393 3992 de·

121 4026 233 4098 sectam,
247 4032 362 4098 quanto
380 4025 481 4098 mapis
495 4025 594 4083 cereri
608 4025 749 4082 debenus
761 4039 799 4078 ne
811 4022 965 4096 ptummm
978 4015 1220 4095 imperfectiones
1233 4014 1392 4073 samri

121 4122 193 4162 onas
206 4105 242 4160 in
259 4105 444 4179 difficillimo
456 4111 484 4162 et
494 4105 601 4178 mapni
617 4103 765 4162 caementi
780 4121 868 4176 opere
877 4109 987 4159 nostre
999 4094 1277 4157 reconciliationis:

159 4185 306 4254 Quatenus
321 4186 430 4256 innuit,
448 4186 647 4262 penitentias,
667 4201 730 4259 quae
749 4185 935 4256 imponuntur
950 4175 1138 4254 adimplendae
1155 4179 1221 4250 post
1236 4174 1394 4234 absolutio·

120 4281 205 4334 nem,
227 4267 398 4338 spectandas
415 4268 511 4340 potius
533 4281 599 4322 esse
613 4265 691 4323 vetut
706 4263 937 4338 supplementum
961 4276 1011 4334 pro
1029 4255 1188 4314 defectibus
1204 4255 1341 4314 admissis
1363 4254 1394 4310 in

122 4361 212 4420 opere
226 4349 330 4402 nostrae
344 4346 600 4413 reconciliationis,
613 4361 697 4418 quam
710 4347 742 4402 ut
757 4343 940 4418 paenitentias
953 4357 1018 4396 vere
1033 4336 1254 4395 sacramentales
1270 4340 1299 4394 et
1314 4334 1396 4394 satis·

124 4425 259 4482 metonae
275 4443 326 4500 pro
345 4427 471 4500 peccatis
488 4426 644 4494 contessis;
663 4425 760 4497 quasi,
782 4427 814 4480 ut
833 4439 900 4479 vera
917 4419 989 4476 ratio
1007 4418 1198 4486 sacramenti,
1213 4433 1271 4474 non
1286 4415 1396 4474 nudum

120 4517 246 4574 nomen,
263 4508 404 4576 serretur,
414 4507 542 4581 oporteat
555 4505 591 4562 de
603 4504 649 4561 via
660 4503 803 4562 ordinaria
813 4505 845 4558 ut
855 4503 936 4558 actus
948 4497 1157 4556 humiliationis
1167 4501 1196 4556 st
1210 4491 1395 4572 paenitentiae,

208 4611 276 4654 ocur.
287 4633 314 4643 -
332 4613 391 4655 Tou.
408 4613 427 4656 1.
1303 4588 1320 4638 5
