3206 5024
219 223 287 284 320
752 229 958 278 ruscianos

217 346 327 410 victori
342 346 447 408 futuro
466 345 548 406 data.
564 379 604 388 —
618 341 783 412 Salmont„
806 351 844 402 tr.
866 344 959 417 XXV,
976 361 1001 405 c.
1020 361 1045 416 1,
1063 363 1094 403 n.
1107 348 1180 418 178,
1199 354 1306 407 contra
1318 345 1438 428 plures.
1454 387 1495 398 -

216 436 251 499 S.
268 437 350 518 Lep,
374 433 607 508 t.111,n.too,
628 429 719 497 refert
739 449 777 492 ex
797 431 1006 494 Busenihaum
1025 432 1211 494 sententiam
1231 436 1420 514 oppositam,
1439 457 1494 502 nec

217 544 286 588 eam
300 521 464 604 improbat.

258 618 291 676 5⁰
312 613 396 674 Licet
414 614 518 673 autem
536 627 671 690 pugnare
689 607 724 670 in
742 609 841 671 duello
861 609 900 670 ad
918 625 1036 670 meram
1055 607 1276 686 defensionem,
1292 613 1387 676 etiam
1407 633 1495 680 arma

217 701 398 782 acceptando
408 699 445 762 ab
458 697 647 771 adversario,
662 698 689 758 si
701 715 783 759 mors
795 697 833 758 ab
847 697 913 776 ipso
927 696 1098 758 intentetur
1112 695 1173 758 nisi
1187 706 1359 779 acceptetur
1371 720 1493 784 pugna,

217 810 272 854 nec
290 789 371 872 adsit
389 787 448 850 alia
464 786 542 849 ratio
560 786 617 849 hoc
635 785 806 866 periculum
823 785 985 860 evadendi;
1008 785 1060 848 sed
1078 803 1142 847 non
1160 785 1230 849 licet
1248 807 1279 850 se
1300 789 1436 854 conferre
1455 795 1495 856 ad

216 879 314 942 alium
334 877 451 950 locum,
472 879 526 937 aut
544 874 677 936 indicere
696 874 733 936 ad
755 873 962 936 defensionem
983 873 1067 936 aliud
1087 879 1210 953 tenipus
1231 877 1490 958 determinatum;

217 967 290 1050 quia
305 973 379 1028 tunc
394 965 531 1027 duellum
545 962 665 1044 proprie
679 962 797 1025 dictum
811 961 986 1024 haberetur.

257 1055 290 1116 6⁰
311 1058 377 1118 Non
390 1053 500 1115 ineunt
512 1052 649 1114 duellum
660 1051 780 1133 proprie
792 1050 925 1125 dictiue,
938 1057 969 1112 et
982 1053 1109 1133 proinde
1122 1072 1185 1116 non
1197 1053 1364 1118 incurrant
1372 1075 1493 1121 excom-

216 1143 459 1206 municationem
475 1143 561 1221 Papae
581 1144 780 1215 reservatam,
796 1139 931 1220 aliasque
947 1158 1053 1220 poenas
1069 1161 1087 1204 a
1105 1142 1238 1206 Concilio
1254 1143 1339 1210 Trid.
1354 1146 1389 1208 in
1404 1147 1494 1211 duel-

215 1233 314 1296 lantes
330 1230 477 1303 inflictas,
489 1229 543 1310 qui
558 1229 596 1292 ob
610 1227 758 1309 injuriam
774 1227 876 1290 subita
889 1227 936 1289 ira
950 1231 1197 1293 excandescentes
1211 1239 1242 1293 et
1255 1232 1292 1294 ad
1307 1251 1446 1314 pugnam
1460 1255 1493 1298 se

216 1325 412 1403 provocantes
427 1316 535 1380 statim
547 1317 801 1397 congrediuntur;
815 1316 888 1397 qsria
901 1317 1006 1380 verius
1020 1325 1067 1382 est
1078 1319 1162 1394 rixa,
1174 1338 1237 1382 non
1251 1338 1322 1384 vero
1335 1322 1490 1400 duellum,

217 1409 298 1492 quod
312 1427 350 1470 ex
364 1406 496 1468 condicto
509 1406 570 1468 loco
585 1416 613 1466 et
627 1414 757 1486 tempore
769 1405 836 1467 fieri
848 1405 945 1467 debet.
963 1407 1139 1488 Eademque
1154 1408 1191 1469 dc
1205 1426 1309 1484 causa,
1323 1409 1362 1472 ob
1376 1410 1492 1492 impro-

216 1499 321 1562 visum
342 1495 492 1578 ejusmodi
514 1511 725 1575 congressum,
748 1492 900 1574 predicte
920 1513 1019 1574 prenae
1040 1515 1102 1558 non
1118 1496 1326 1560 incurruntur
1346 1501 1492 1580 quamvis

214 1592 387 1668 pugnantes
406 1603 444 1647 ex
464 1584 569 1646 eodem
590 1582 665 1645 rinae
685 1583 804 1663 impetu
825 1583 863 1644 ad
884 1583 981 1644 locuin
1006 1583 1141 1666 aliquem
1161 1584 1307 1648 idoneum
1329 1588 1438 1651 statim
1459 1609 1493 1652 se

217 1675 310 1738 sirnul
325 1673 489 1737 conferant.
503 1709 542 1717 -
557 1672 596 1735 S.
609 1670 720 1754 Conpr.
737 1676 756 1736 5
772 1671 873 1733 onoc.
886 1677 976 1734 1711.
991 1709 1030 1718 -
1045 1673 1134 1736 Scau.
1147 1709 1190 1720 -
1205 1673 1241 1736 S.
1252 1675 1357 1757 Liper.
1371 1697 1403 1742 n.
1417 1683 1492 1743 101.

215 1799 256 1810 -
276 1763 310 1826 V.
329 1761 437 1841 Casus,
454 1782 485 1823 n.
502 1766 562 1825 tue
576 1770 606 1822 et
620 1780 681 1842 seq.

256 1857 327 1915 1116.
339 1888 378 1897 -
392 1850 448 1914 llic
464 1848 574 1912 referre
587 1851 677 1930 juvat
691 1849 828 1930 quinque
845 1848 1065 1928 propositiones
1080 1850 1158 1914 circa
1176 1853 1313 1916 duellam
1330 1854 1492 1919 damnatas

216 1961 234 2004 e
248 1941 408 2005 Benedicta
422 1942 500 2013 XIV,
517 1958 567 2002 an.
583 1941 677 2014 1751,
693 1938 727 2000 in
742 1937 828 2001 Bulla
842 1936 1069 2000 detestabilem.
1084 1941 1164 2002 Sunt
1178 1949 1359 2024 sequentes:

257 2036 290 2094 10
319 2030 371 2092 Vc'r
384 2029 532 2092 militaris
546 2031 612 2108 qui,
629 2027 689 2088 nesi
703 2027 812 2107 offerat
825 2036 853 2088 et
868 2036 1002 2108 acceptet
1014 2027 1162 2108 duellum,
1180 2040 1324 2114 tanquam
1337 2033 1493 2114 formido-

218 2119 314 2196 losus,
330 2117 465 2196 timidus,
482 2117 630 2198 abjectas,
648 2124 678 2176 et
694 2115 736 2176 ad
749 2115 854 2198 officia
870 2115 1155 2200 me'litarea.ineptus
1170 2118 1344 2198 induetur,
1360 2121 1492 2204 indeque

218 2207 338 2288 officio,
350 2225 408 2288 quo
417 2225 447 2267 se
457 2224 582 2287 suosque
592 2213 738 2266 sustentat
746 2205 934 2286 privaretur,
950 2203 999 2266 uel
1005 2207 1208 2287 praenotionis
1221 2209 1300 2272 alias
1312 2211 1369 2272 sibi
1381 2210 1491 2275 debita

216 2315 251 2357 ac
263 2299 435 2378 promeritae
447 2313 498 2376 spe
509 2303 654 2376 perpetuo
670 2312 772 2355 carere
787 2291 922 2371 deberet,
935 2293 1025 2376 culpa
1042 2303 1072 2356 et
1078 2313 1170 2377 paena
1187 2308 1324 2377 uacaret,
1339 2303 1398 2362 siue
1411 2300 1492 2379 affe-

216 2393 282 2463 rat,
298 2387 359 2446 siae
372 2392 503 2465 acceptet
516 2382 659 2444 duellum.

256 2477 288 2536 2⁰
308 2472 465 2536 Excusant
475 2479 613 2554 possunt,
631 2469 721 2532 etiem
741 2469 863 2531 nonoris
879 2470 983 2532 tuendi
996 2471 1046 2533 uel
1064 2472 1204 2536 damonae
1218 2474 1426 2556 vilipensionis
1440 2477 1492 2538 ui-

217 2562 318 2625 tandoe
331 2566 451 2644 pratia,
467 2559 601 2622 duellum
615 2567 816 2640 acceptantes,
835 2559 882 2621 uel
894 2559 936 2620 acl
949 2558 1031 2621 illud
1039 2571 1248 2642 prouocantes,
1263 2563 1385 2642 quando
1403 2573 1492 2626 certo

215 2657 315 2715 suunt
322 2671 460 2734 pupnam
474 2670 535 2711 non
550 2669 610 2710 esse
623 2658 807 2726 secuturam,
823 2657 927 2730 utpote
941 2648 979 2709 ab
994 2648 1064 2710 aliis
1078 2651 1302 2734 impediendam.

256 2747 288 2806 30
307 2740 379 2804 Νοη
394 2742 524 2800 incurrit
537 2737 752 2800 ecclesiasticas
762 2755 867 2818 peenas
881 2746 987 2798 contra
1001 2737 1166 2801 ducllantes
1179 2741 1253 2801 letas
1265 2738 1327 2800 due
1345 2739 1393 2800 uel
1406 2741 1495 2822 offi-

216 2829 305 2892 ciclis
318 2829 439 2891 militiae
453 2838 606 2910 acceptans
620 2825 753 2888 duellum
766 2845 805 2887 ea
818 2826 909 2908 praui
922 2835 1004 2888 metu
1020 2831 1193 2890 amissionis
1208 2829 1297 2910 sante
1312 2827 1358 2890 uel
1375 2829 1491 2910 officii.

255 2922 288 2979 10
308 2918 437 2979 Lc'cc'tum
452 2926 496 2978 est
514 2920 547 2977 in
562 2925 644 2978 statu
660 2915 791 2976 nominis
806 2914 945 2975 naturali
957 2927 1114 2998 acceptare
1132 2926 1160 2979 et
1179 2919 1288 2998 offerre
1303 2916 1438 2980 duellum
1451 2919 1496 2979 ad

213 3009 376 3068 servandas
393 3026 459 3068 cum
475 3005 588 3068 honore
604 3006 763 3086 fortunas,
779 3003 902 3086 quando
924 3003 984 3065 alc'o
1004 3005 1133 3067 renedc’o
1152 3026 1256 3068 eorum
1267 3009 1398 3088 jactura
1413 3026 1491 3090 pro·

213 3095 334 3177 pulsari
349 3099 463 3176 nequit.

256 3187 288 3247 5⁰
308 3185 434 3246 Asserta
457 3182 578 3244 licentia
593 3203 652 3266 pro
669 3191 750 3244 statu
764 3182 901 3244 naturali
919 3183 1071 3265 applicari
1085 3187 1177 3246 etiam
1191 3193 1291 3266 potest
1306 3188 1404 3247 statui
1420 3185 1493 3248 eiai-

217 3276 288 3335 tnts's
306 3273 385 3334 male
403 3271 570 3345 ordinatae,
586 3275 619 3332 in
635 3291 696 3354 pua
716 3273 874 3350 nimirum,
896 3271 944 3333 uel
962 3271 1162 3354 neplipentia,
1181 3273 1230 3335 uel
1247 3274 1371 3336 malitia
1389 3275 1494 3355 mapi-

215 3372 341 3439 stratus,
351 3361 476 3444 justitia
491 3370 593 3442 aperte
606 3361 783 3442 denepatar.

718 3587 893 3663 CAPUT
925 3587 981 3662 IV

753 3783 799 3832 DE
825 3783 941 3832 BELLO

256 3983 326 4042 tot.
338 4011 378 4024 -
390 3975 508 4038 Bellum
522 3979 568 4036 est
580 3990 683 4052 pugna
696 3970 908 4034 multitudinis
923 3977 1029 4034 cantra
1042 3971 1279 4035 multitudinem
1294 3981 1494 4054 extraneam,

216 4065 400 4146 Reipublice
414 4063 607 4127 defendendae
621 4065 676 4123 aut
689 4060 880 4124 vindicanda
895 4079 996 4122 caasa.

255 4155 334 4218 Hinc
352 4153 453 4217 differt
471 4173 477 4214 :
495 4159 528 4216 l⁰
547 4170 566 4214 e
584 4153 670 4228 aaa,
691 4169 759 4231 quae
778 4155 825 4212 est
847 4167 950 4229 pugna
971 4167 1138 4230 paucorum
1158 4156 1264 4214 contra
1283 4170 1411 4232 paucos3
1429 4159 1464 4217 2⁰
1477 4173 1499 4218 a

213 4243 374 4318 seditione,
395 4259 463 4323 quae
484 4245 530 4304 est
548 4239 704 4303 tumultus
724 4239 772 4300 rel
793 4237 949 4300 conflictus
971 4239 1183 4303 multitudiuis
1204 4246 1311 4303 contra
1333 4241 1499 4321 politicam

215 4331 390 4393 societatem
404 4330 550 4411 adquam
562 4327 704 4410 pertinet.

254 4418 463 4496 Distingoitur
482 4418 598 4480 bellum
615 4436 622 4478 :
640 4422 673 4479 1ο
690 4415 882 4497 offerateum,
904 4415 930 4478 si
951 4416 1005 4479 dat
1024 4417 1062 4480 ad
1082 4417 1232 4498 injuriam
1251 4417 1498 4500 vindicandam

216 4510 250 4568 10
267 4505 466 4585 defensionne,
482 4504 508 4566 si
522 4506 561 4567 ed
574 4505 639 4566 iim
653 4505 856 4586 repellendam
875 4505 1072 4570 sustineatur.
