3206 5024
526 211 570 257 on
589 211 790 256 runcnrrrs
811 211 988 258 nacxnoar
1293 197 1296 204 '
1327 200 1398 262 287

152 332 186 391 40
206 329 308 390 Grave
326 328 375 386 est
395 321 537 386 omittere
554 322 816 386 consecrationem
836 327 866 385 et
883 321 1155 401 communionem
1169 323 1234 387 imo
1251 331 1282 388 et
1302 325 1399 390 solam

115 412 399 487 consecrationem,
419 409 492 492 quia
511 417 558 474 εει
575 427 646 491 pars
663 411 861 491 dignissima,
876 412 911 475 in
925 431 1001 494 qna,
1019 412 1127 475 saltem
1146 412 1310 494 praecipue,
1328 433 1398 478 con·

113 505 203 570 sistit
217 499 362 566 Sacrificii
376 498 466 562 ratio.
483 498 564 576 Quin
577 500 642 562 imo
653 500 848 584 probabilius
864 519 955 582 grave
967 507 1014 564 est
1027 501 1084 562 uni
1101 506 1226 564 tantum
1236 505 1398 568 Consecra-

112 592 194 657 tioni
210 610 276 656 non
294 590 413 664 adesse3
433 587 508 670 quia
527 588 660 651 essentia
678 589 823 652 Saonticii
837 590 1029 674 probabilius
1042 589 1076 652 in
1092 596 1224 671 utraque
1239 593 1399 656 Consecra-

112 682 201 746 tione
225 676 373 744 consistit.
396 711 438 724 -
459 676 497 740 S.
515 676 604 759 Lip„
629 675 721 740 Hom.
742 678 869 761 Apost,
893 699 925 743 u.
943 683 993 744 33.
1008 713 1050 725 -
1069 680 1182 741 Utrum
1207 697 1278 742 vero
1302 680 1398 744 solam

111 767 374 836 communionem
393 766 549 848 praeterire
568 766 611 829 sit
629 785 738 846 grave,
758 772 1016 846 controuersiam
1034 766 1220 831 affirmativa
1243 771 1398 834 sententia

112 863 162 922 est
185 858 222 922 S.
236 855 390 940 Alpbouso
410 853 607 936 probabilior,
630 854 704 935 quia
726 855 884 919 existimat
901 854 1065 920 essentiam
1084 854 1229 920 sacrificii
1247 855 1341 920 etiam
1361 857 1397 923 in

112 944 341 1012 communione
359 941 535 1007 consistere.
552 942 753 1006 Communior
769 951 877 1008 tamen
897 945 1050 1009 mittentia
1067 961 1135 1008 eam
1155 943 1190 1007 in
1209 945 1272 1007 sola
1285 949 1397 1010 Conse-

113 1035 250 1099 cratione
263 1032 396 1114 reponit.

154 1128 224 1188 343.
240 1157 281 1170 -
295 1123 397 1199 Qunu.
417 1126 451 1185 2⁰
465 1121 517 1184 Aa
533 1130 686 1206 praecepio
704 1124 878 1204 satisfaciat
894 1123 1020 1186 audieus
1035 1123 1112 1187 duas
1128 1123 1271 1186 dimidias
1286 1125 1396 1188 Missus

112 1235 133 1276 a
147 1212 278 1276 diuersis
292 1208 508 1273 Sacerdotibus
523 1220 586 1273 tum
602 1209 799 1288 simultanee‚
817 1222 881 1274 tum
895 1212 1083 1277 successive?

152 1301 243 1384 Resp.
258 1305 290 1364 ιο
305 1299 384 1381 Nep.
403 1299 431 1362 si
451 1299 560 1363 audiat
584 1299 777 1364 simultanee.
797 1301 887 1365 Ratio
906 1301 1067 1364 deducitur
1085 1319 1123 1364 ex
1143 1299 1395 1382 interpretatione

111 1388 275 1454 communi
294 1388 383 1469 legia,
409 1407 479 1470 qua
503 1387 703 1453 confirmatur
721 1389 862 1470 sequenti
879 1389 1085 1471 propositione
1104 1393 1157 1453 53·
1175 1389 1214 1452 ab
1233 1392 1335 1454 innoc.
1352 1395 1393 1456 Xl

110 1481 260 1543 damnata
276 1475 465 1558 :satisfacit
480 1486 632 1561 precepto
648 1477 797 1540 Ecclesia
813 1477 851 1541 tle
867 1478 1018 1540 audiendo
1032 1477 1147 1555 Sacro,
1164 1481 1219 1560 qui
1233 1477 1308 1540 duas
1325 1482 1396 1562 ejas

105 1575 231 1650 partes,
248 1569 307 1627 ima
321 1575 451 1648 quatuor
463 1566 555 1629 simul
569 1587 589 1628 a
601 1566 728 1629 diversis
743 1567 960 1629 celebrantibus
974 1567 1071 1631 audit.

153 1655 243 1738 Ilesp.
260 1659 293 1718 2⁰
306 1674 314 1716 :
328 1653 359 1716 Si
374 1673 444 1717 vero
459 1655 637 1728 successive,
653 1654 814 1719 θέει-10
827 1656 905 1738 Nep.
923 1655 949 1718 si
962 1654 1152 1719 Consecratio
1165 1661 1195 1718 ει
1208 1657 1392 1720 Communia

108 1762 178 1806 non
191 1743 255 1808 sint
270 1743 306 1806 in
320 1744 426 1805 eadem
442 1749 539 1824 parte.
555 1744 644 1809 Ratio
660 1749 723 1819 εει,
740 1744 814 1824 qsxia
828 1744 960 1808 Ecclesia
972 1742 1277 1826 praecipitaremus,
1293 1750 1329 1806 ut
1342 1744 1391 1808 in-

108 1831 224 1896 tersint
237 1832 356 1912 integro
370 1835 400 1894 et
413 1831 542 1912 perlecto
556 1831 718 1895 Sacrificio.
730 1833 808 1896 illud
822 1841 928 1896 autem
939 1850 1001 1896 non
1016 1833 1157 1907 hahetur,
1169 1831 1279 1894 saltem
1290 1835 1392 1914 quoad

106 1919 338 2001 integritatem,
353 1919 416 1982 nisi
429 1925 500 1982 tum
509 1920 714 1996 consecratio,
731 1927 799 1986 tum
814 1921 999 1986 Communia
1012 1922 1047 1985 in
1059 1921 1164 1984 eedem
1177 1920 1270 1984 Missa
1284 1939 1391 1986 eonve-

106 2009 212 2072 niant.
226 2044 266 2055 -
279 2007 315 2070 S.
331 2008 415 2089 Lip„
429 2007 523 2071 Hom.
536 2009 653 2092 Apost,
669 2030 700 2070 a.
717 2014 767 2074 st.
781 2047 821 2058 -
832 2011 1002 2094 2⁰Affirm.
1019 2017 1124 2074 autem
1131 2008 1346 2092 probabiliter,
1363 2009 1391 2072 si

103 2095 304 2160 consecratio
316 2099 346 2158 et
358 2098 541 2160 communio
553 2097 588 2160 in
600 2099 705 2162 eadem
717 2107 804 2180 parte
814 2100 914 2166 Missa
924 2099 1130 2181 reperientem
1143 2099 1217 2180 quia
1226 2105 1301 2160 tunc
1310 2097 1389 2162 ratio

102 2184 232 2268 integra
244 2182 389 2333 {aamfitii
403 2183 437 2246 in
448 2187 555 2249 eadem
567 2193 653 2267 parte
664 2187 806 2251 habetur.
818 2225 858 2234 -
866 2187 902 2251 S.
915 2188 987 2272 Lip.
999 2210 1031 2251 u.
1046 2193 1165 2251 3ιι.-
1175 2186 1264 2269 Lupo
1270 2231 1280 2261 ,
1291 2186 1389 2263 Azor,

101 2279 218 2337 centra
231 2293 250 2332 a
264 2275 319 2336 ios.

148 2363 254 2434 Qnun.
271 2365 303 2424 30
316 2360 365 2422 Aa
381 2363 619 2447 ubertatique
631 2366 755 2440 audire,
771 2369 825 2449 qui
836 2376 906 2450 post
921 2365 1187 2430 Consecratioaem
1205 2363 1346 2428 edormi?

148 2447 244 2530 Resp.
255 2448 334 2532 Nep.
345 2452 558 2532 probabiliter,
575 2453 724 2536 quiajam
738 2455 822 2518 deest
836 2456 968 2519 essentia
982 2453 1141 2532 Sacrificii;
1158 2460 1189 2518 et
1203 2459 1299 2518 cessat
1313 2469 1385 2536 pre·

99 2537 182 2601 inde
198 2536 343 2617 obligatio
361 2539 407 2602 illi
425 2541 602 2618 assistendi,
618 2560 690 2606 cum
709 2551 896 2626 preceptum
913 2563 967 2628 per
984 2545 1042 2608 hoa
1055 2543 1178 2625 impleri
1194 2561 1257 2606 non
1274 2544 1383 2624 possit.

99 2661 148 2672 -
160 2625 326 2702 llaazotta,
345 2628 381 2690 S.
398 2628 483 2712 Lip„
498 2651 530 2692 a.
542 2635 616 2707 310,
634 2642 664 2693 et
677 2632 743 2695 olii.
758 2669 798 2678 -
811 2637 959 2697 Attamen
979 2633 1131 2696 sententia
1145 2631 1282 2714 opposita
1295 2632 1383 2712 gravi

99 2713 204 2778 etiam
223 2713 373 2779 innititur
391 2709 697 2802 fundament0,ss1ia
718 2721 825 2785 haberi
842 2726 941 2804 potest
959 2721 1133 2784 assistentia
1150 2719 1232 2802 parti
1250 2719 1381 2782 notabili

99 2802 297 2866 ceremonia
310 2805 350 2868 ab
361 2807 492 2870 Ecclesia
502 2815 670 2890 praecepta.
685 2811 770 2872 Hanc
783 2813 949 2874 secundam
960 2809 1145 2874 sententiam
1159 2809 1235 2872 dicit
1247 2809 1275 2871 S
1277 2855 1284 2869 .
1293 2809 1365 2891 Lip.
1368 2855 1379 2888 ,

100 2891 319 3043 n.313,ralde
330 2895 518 2975 probabilem
529 2902 560 2960 et
571 2895 607 2958 in
618 2897 707 2978 praxi
719 2900 920 2978 sequendam;
931 2899 1066 2980 primam
1080 2903 1183 2960 tamen
1192 2897 1381 2979 prohabilem

100 2999 187 3062 appe
208 2987 248 3047 at·
579 3036 588 3062 a
933 3021 939 3032 ¹

149 3072 251 3146 Quaen.
272 3079 305 3138 4⁰
327 3073 377 3136 Aa
399 3078 452 3156 qui
481 3078 595 3138 omittit
622 3075 712 3138 leuem
733 3085 856 3159 partem
874 3077 990 3156 Missa,
1016 3083 1155 3138 teneatur
1177 3076 1334 3160 supplere,
1358 3080 1387 3140 si

95 3164 221 3244 possit?

151 3249 244 3333 llesp.
256 3251 382 3335 Affirm.
390 3251 596 3334 probabilius,
611 3254 819 3336 quiaMissam
831 3253 984 3336 integram
994 3253 1100 3317 audire
1114 3259 1250 3318 tenetur:
1265 3255 1382 3336 excipe,

101 3337 173 3401 nisi
186 3341 224 3403 de
234 3347 320 3422 parte
332 3341 420 3404 valde
433 3341 544 3422 exigua
560 3350 680 3424 agatur.
692 3379 734 3389 —
748 3343 796 3406 Sic
809 3343 845 3407 S.
861 3344 945 3426 Lip„
963 3364 994 3404 a.
1011 3348 1081 3408 310.
1096 3378 1138 3390 -
1152 3343 1266 3421 Saba,
1280 3349 1386 3406 contra

103 3427 200 3491 alios.
210 3433 411 3493 -Gaeterum
423 3429 501 3493 ratio
512 3437 560 3493 εει
568 3430 644 3495 levis
654 3432 691 3494 ab
702 3433 758 3495 hac
769 3432 931 3513 supplendi
941 3430 1125 3512 obligatione
1134 3433 1267 3496 eximere
1273 3435 1383 3512 potest.

100 3551 148 3563 ·-
169 3516 204 3580 V.
222 3519 331 3598 Casus,
350 3537 383 3579 a.
400 3522 459 3583 3l5
473 3529 575 3602 etseq.

655 3683 795 3730 PUNGTUM
816 3685 840 3728 11

618 3805 743 3863 ditectio
758 3804 874 3862 mentis.

149 3958 222 4018 344.
241 3991 281 4002 --
296 3957 435 4022 Αιιεειιο
453 3960 492 4022 ad
510 3959 637 4023 Missam
655 3960 767 4040 duplex
784 3959 1011 4040 distinguitur:
1034 3961 1214 4030 riccerico,
1235 3974 1296 4037 qua
1314 3955 1385 4038 quis

98 4047 180 4106 actu
206 4045 339 4109 advertit
364 4051 394 4110 et
417 4047 561 4110 animum
585 4049 716 4130 applicat
741 4048 779 4111 ati
804 4067 841 4110 ea
866 4066 934 4130 quae
955 4067 974 4110 a
994 4047 1152 4110 Sacerdote
1177 4047 1383 4126 peraguntur;

97 4136 138 4196 2⁰
153 4142 301 4209 aalma,
314 4153 383 4215 qna
395 4136 536 4200 consistit
548 4136 583 4200 in
595 4139 729 4200 cavenda
743 4137 852 4218 quavis
866 4135 983 4201 actione
997 4141 1136 4209 externa,
1153 4152 1221 4214 quae
1236 4132 1386 4213 impediat

95 4221 226 4286 mentis
244 4223 491 4304 applicationem,
505 4245 536 4287 v.
550 4245 609 4306 gr,
626 4225 830 4302 confabulari,
846 4225 986 4306 pingere,
1003 4231 1059 4287 ete.

145 4311 291 4374 Attentio
302 4320 406 4376 autem
420 4313 543 4376 interna
555 4314 665 4394 triplex
679 4321 725 4376 est
740 4335 747 4376 :
765 4320 796 4377 ιο
810 4314 870 4376 ειιε
884 4315 923 4376 ad
937 4313 1029 4376 verba
1042 4317 1072 4374 et
1084 4313 1123 4375 ad
1135 4313 1268 4376 actiones
1282 4313 1383 4376 Sacer-

97 4398 206 4475 dotis;
224 4405 255 4462 2⁰
266 4400 376 4465 abead
390 4419 515 4465 sensum
528 4403 694 4467 verborum
707 4409 739 4466 et
752 4402 986 4486 mysteriorum
1001 4405 1033 4465 30
1049 4400 1108 4464 ειιε
1120 4402 1158 4464 ad
1169 4405 1267 4466 ιιεεει
1278 4401 1383 4482 ipsum

96 4505 162 4572 per
177 4506 278 4569 preces
292 4491 395 4571 piasve
410 4491 634 4556 meditationes.
