3156 5026
552 210 595 256 ns
614 210 781 256 rnsrrrra
799 210 842 255 nr
862 211 948 256 sunu
1314 199 1381 260 389
1456 199 1457 202 ’

149 325 183 387 3ο
193 321 377 396 Oblationes,
392 339 460 404 quae
471 321 552 384 fiunt
562 321 596 384 in
609 321 739 402 capsulis
754 321 792 383 ad
804 327 922 384 certum
937 339 1031 383 usum
1043 319 1198 401 expositis,
1215 329 1291 384 sunt
1301 330 1381 388 certo

106 411 147 475 ad
161 429 256 475 usum
272 411 363 473 illum
376 409 565 485 adhibendae,
580 429 634 473 nec
645 409 772 490 proinde
783 415 882 490 potest
901 409 1052 473 Perochus
1070 427 1120 471 aas
1138 409 1199 472 sibi
1213 410 1379 488 vindicare,

107 501 184 583 quia
206 500 281 563 sotis
297 504 414 562 constat
430 500 466 561 de
481 499 639 561 voluntate
653 497 859 562 offerentium.
875 499 959 561 Ideni
981 498 1075 561 etiam
1093 497 1258 561 dicendum
1276 508 1323 564 est
1344 502 1381 565 de

106 589 241 652 collectis
256 607 324 670 quae
338 587 401 650 sive
414 587 499 650 intra
513 587 578 650 sive
591 594 678 650 extra
691 587 856 650 Ecclesiam
869 588 908 649 ad
920 593 1038 650 certum
1053 587 1146 650 finem
1160 587 1249 650 fiunt.

151 683 198 744 Ex
214 680 301 762 praxi
317 679 391 742 satis
409 679 567 742 communi
586 679 694 742 saltem
716 678 877 753 hodierna,
892 680 962 742 solae
981 679 1042 742 lere
1061 679 1327 761 oblationesque
1347 681 1381 744 in

105 769 203 833 Missa
227 770 265 832 ad
284 769 378 830 altare
397 768 492 843 fiunt,
507 774 537 830 et
552 787 619 850 quae
633 767 787 831 occasione
803 767 1081 831 administrationis
1095 770 1378 844 Ssommentorum,

104 877 164 940 pro
184 855 397 922 benedicendis
421 857 557 939 nuptiis,
578 874 633 937 pro
654 855 807 938 exsequiis
826 863 856 919 et
877 857 1042 938 sepulturis
1061 862 1116 920 aut
1139 856 1207 920 aliis
1226 857 1381 922 similibus

106 943 320 1009 functionibus
338 945 508 1027 specialiter
527 944 709 1021 afferuntur,
726 945 765 1007 ad
785 944 955 1008 Parochum
976 951 1123 1026 spectant.
1142 949 1261 1009 Gaemrae
1276 953 1380 1010 autem

107 1034 278 1097 oblationes
292 1033 368 1114 ipsis
379 1034 523 1108 ecelesiis,
537 1033 697 1107 altaribus,
712 1039 768 1097 aut
782 1032 850 1096 aliis
864 1033 954 1096 certis
968 1033 1099 1108 linibus,
1113 1053 1150 1097 ex
1162 1035 1381 1100 consuetudine

108 1128 165 1186 arrt
179 1122 316 1186 fidelium
326 1122 501 1187 intentione
515 1121 658 1204 applicari
672 1121 793 1185 debent.
806 1157 848 1168 —
865 1121 899 1185 V.
915 1121 1019 1199 Casiis,
1034 1143 1066 1186 n.
1083 1127 1152 1188 507.

647 1333 790 1380 runcari(
807 1334 842 1379 1v

565 1471 605 1526 De
620 1469 746 1527 dominio
760 1471 918 1528 auctorum.

147 1625 391 1688 eoa-certum
406 1630 452 1687 est
461 1624 621 1688 hominem
635 1623 850 1705 quemlibelex
857 1625 928 1704 jure
941 1621 1075 1685 naturali
1083 1625 1137 1703 jus
1150 1621 1260 1685 babere
1270 1620 1301 1684 in
1315 1621 1377 1685 frn-

106 1715 192 1774 ctum
206 1731 269 1776 snm
282 1712 444 1776 industriae
458 1718 489 1775 et
503 1713 552 1790 sui
563 1711 690 1792 ingenii.
699 1712 731 1775 Si
743 1711 827 1775 enim
838 1730 887 1774 res
901 1709 1061 1774 fructificat
1075 1711 1209 1786 domino,
1221 1729 1242 1774 a
1252 1710 1378 1791 fortiori

104 1801 162 1865 hoc
174 1820 283 1865 verum
298 1819 362 1863 esse
376 1801 464 1864 debet
479 1802 515 1865 de
528 1800 725 1864 facultatibus
737 1799 879 1875 internis,
891 1818 962 1863 cum
977 1799 1055 1862 nihil
1067 1800 1166 1880 magis
1177 1799 1298 1862 bomini
1309 1818 1377 1880 pro-

104 1889 209 1969 prium
224 1908 288 1953 esse
303 1888 408 1970 possit.
427 1889 560 1964 Quilibet
579 1889 675 1969 igitur
692 1887 727 1950 in
745 1906 838 1951 suum
852 1889 1047 1952 commodum
1062 1888 1109 1951 uti
1126 1894 1226 1969 potest
1239 1887 1293 1964 iis,
1308 1907 1376 1969 quae

104 1995 161 2040 suo
183 1979 306 2057 ingenio
321 1977 354 2040 in
370 1977 507 2040 scientiis
523 1975 714 2057 excogitavit.
731 1978 876 2040 Inventor
887 1977 984 2056 igitur
999 1977 1074 2040 artis
1089 1977 1217 2058 alicujus
1233 1975 1376 2039 strictum

100 2068 154 2146 jus
168 2065 270 2140 habet,
286 2083 323 2128 ne
336 2071 488 2128 secretum
501 2084 592 2128 snum
608 2064 804 2146 surripiatur,
814 2070 844 2127 et
859 2083 890 2128 se
904 2065 1003 2128 inrito
1016 2065 1050 2128 iu
1066 2065 1225 2146 publicum
1240 2064 1375 2144 divulge-

103 2158 172 2230 tur;
187 2155 269 2234 quod
285 2153 312 2215 si
326 2153 393 2229 fiat,
411 2153 622 2216 damnificator
638 2171 692 2234 pro
710 2153 828 2216 ratione
842 2153 964 2235 injuriae
980 2152 1070 2216 illatae
1087 2154 1125 2216 ad
1145 2152 1375 2216 restitutionem

102 2242 231 2302 omnino
249 2247 381 2303 tenetur.
399 2241 565 2306 Difficultas
584 2248 688 2305 autem
714 2248 774 2317 est,
795 2249 904 2306 utrum
927 2249 1042 2317 auctor,
1063 2241 1204 2323 operibus
1226 2241 1318 2304 semel
1340 2242 1375 2304 in

101 2329 204 2390 lucem
218 2329 354 2404 emissis,
370 2349 406 2393 ea
421 2330 480 2394 sibi
503 2331 625 2412 propria
642 2349 778 2409 servare,
791 2337 823 2394 et
836 2330 910 2395 alios
926 2331 965 2393 ab
979 2349 1086 2394 eorum
1096 2349 1158 2394 usu
1168 2330 1262 2394 libero
1276 2330 1375 2394 exclu-

103 2417 173 2480 dere
187 2423 288 2498 queat.
306 2417 383 2481 Hine

224 2572 418 2648 Quaesitae.

143 2719 213 2778 567.
228 2752 269 2761 -
290 2720 393 2792 Quas.
411 2722 442 2781 1⁰
460 2719 511 2779 An
534 2717 624 2780 violet
639 2718 695 2798 jus
714 2717 862 2791 alienam,
884 2721 936 2800 qni
958 2735 1034 2799 opas
1054 2721 1291 2800 manuscriptum
1312 2719 1375 2780 eine

103 2822 243 2866 consensu
258 2806 390 2866 auctoris
407 2810 487 2888 typis
502 2805 594 2868 edat?

142 2892 234 2975 Resp.
250 2893 379 2975 Affirm.
403 2895 465 2956 Hoc
483 2895 565 2956 enim
582 2895 648 2975 juri
665 2895 801 2958 naturali
818 2897 920 2976 aperte
939 2901 1106 2976 repugnat3
1127 2900 1157 2958 et
1171 2896 1252 2976 apud
1269 2913 1374 2960 omncs

103 2987 229 3056 constat,
247 2999 338 3062 opus,
353 2982 503 3062 quamdiu
521 2982 555 3044 in
570 2984 668 3045 lucem
685 2983 835 3045 emissum
854 2983 1005 3056 nonfuit,
1022 2984 1079 3046 sub
1097 2983 1232 3046 dominio
1251 3003 1374 3064 prorsus

102 3069 234 3132 auctoris
248 3088 413 3133 remanere.
426 3071 553 3135 Nullum
565 3071 662 3150 igitur
673 3071 806 3134 dubium
821 3075 875 3146 est,
890 3071 967 3152 quin
979 3070 1048 3136 talis
1061 3077 1222 3153 usurpator
1235 3073 1274 3136 ad
1288 3073 1374 3136 resti-

101 3157 253 3220 tutionem
264 3165 295 3220 et
307 3159 346 3221 dd
361 3160 546 3222 damnorum
557 3159 835 3240 compensationem
849 3165 1050 3222 16666116.-
1067 3159 1223 3240 Carriire,
1236 3180 1268 3224 n.
1280 3166 1331 3225 61.

141 3249 243 3322 Onna.
265 3252 298 3310 2⁰
314 3247 397 3323 Quid
416 3247 574 3311 dicendam
595 3249 632 3311 de
649 3267 682 3310 ec
702 3251 756 3331 qai
775 3252 859 3331 typis
875 3248 974 3310 ederet
991 3248 1130 3311 lectiones
1153 3249 1292 3332 publicas
1312 3247 1371 3310 aii-

101 3335 187 3415 cujus
198 3335 397 3417 professoris,
416 3336 463 3399 vel
475 3342 644 3400 concionem
659 3339 811 3399 oratorie?

140 3423 231 3505 Reep.
247 3443 258 3484 .·
273 3426 528 3506 Respondendum
548 3434 594 3489 est
613 3430 648 3489 ut
665 3426 699 3488 in
718 3427 884 3507 quastione
902 3427 1093 3508 precedenti.
1112 3425 1234 3486 Etenim
1254 3423 1372 3504 publice

100 3511 203 3574 docere
215 3516 269 3574 ant
281 3513 452 3577 concionari
467 3522 587 3578 nonest
601 3515 719 3578 tradere
733 3533 809 3596 opus
826 3533 919 3578 suum
935 3515 1021 3578 alteri
1035 3515 1074 3577 ad
1087 3513 1241 3575 edendum
1255 3517 1285 3573 et
1299 3530 1372 3574 ven-

101 3599 246 3663 dendum.
267 3601 315 3664 Sic
325 3602 476 3684 judicavit
488 3603 637 3668 Tribunal
651 3603 869 3687 appellationis
881 3602 1059 3681 Parisiensis
1073 3606 1112 3665 28
1124 3601 1266 3665 Februar.
1280 3604 1369 3664 1801.

98 3721 140 3734 -
160 3688 226 3750 Vid.
247 3688 402 3771 Corriire,
419 3712 449 3754 n.
467 3697 517 3756 61.

139 3781 209 3842 568.
226 3815 266 3824 -
280 3783 381 3855 Quas.
399 3786 431 3845 3⁰
446 3783 498 3843 An
512 3781 565 3842 iile
582 3785 637 3863 pai
652 3782 764 3845 librum
779 3786 860 3864 typis
876 3781 987 3856 edidit,
999 3781 1055 3863 jas
1069 3779 1177 3842 babeat
1190 3777 1373 3861 impediendi

98 3867 306 3949 nequisquam
323 3867 410 3932 ilium
425 3869 522 3952 praelo
536 3875 704 3932 committat
721 3880 751 3933 et
766 3871 876 3934 condat
892 3891 958 3933 cuin
974 3870 1082 3932 damno
1096 3869 1240 3945 auctoris,
1257 3875 1311 3928 ant
1328 3865 1371 3926 di-

100 3952 234 4034 diicpoloe
247 3957 299 4018 cui
311 3968 417 4020 auctor
423 3960 478 4041 jus
492 3980 580 4021 saum
594 3959 785 4022 transmisit?
1090 4032 1093 4038 ,

97 4129 109 4192 l
137 4042 231 4144 lteep.
250 4051 283 4107 1⁰
301 4046 443 4138 iisdem,
464 4048 581 4130 dejure
594 4048 724 4129 positivo
742 4049 862 4130 vigente
876 4050 909 4112 in
923 4049 1019 4115 Gallia
1036 4054 1067 4110 et
1084 4047 1118 4109 in
1134 4043 1285 4127 plerisque
1303 4043 1371 4106 aliis

109 4149 170 4194 co1s
181 4143 203 4194 ⁴.

129 4352 138 4387 ¹
155 4355 184 4404 ln
199 4353 296 4416 Gallia,
312 4367 343 4405 ex
361 4353 419 4419 lege
439 4361 467 4408 tt
479 4355 538 4419 julii
555 4362 630 4419 1866,
644 4356 791 4410 haeredibus
809 4358 851 4410 rel
867 4354 1007 4409 donatariis
1023 4355 1133 4408 auctoris
1148 4355 1192 4421 jus
1213 4353 1368 4416 conceditur,

97 4423 402 4559 {rytfilsprggguinquaginm
417 4439 498 4478 anuos
515 4427 547 4479 ab
562 4427 618 4492 ejus
637 4427 722 4481 obitus
736 4429 791 4492 die,
810 4428 966 4494 impediant,
981 4439 1013 4480 ne
1027 4428 1165 4494 qnisquam
1178 4426 1260 4493 ipsius
1273 4425 1368 4478 librum
