3206 5024
202 185 272 248 300
742 197 945 246 reserares

325 367 536 434 Resolves.

244 526 314 587 368.
335 528 418 586 -10
434 525 560 585 Peccant
575 520 709 602 graviter
720 521 792 598 filii,
809 521 852 597 si,
866 521 901 583 in
914 539 947 582 re
961 519 1047 600 gravi
1062 524 1216 602 spectante
1230 522 1402 597 ad'mores‚
1418 525 1485 588 ani-

204 630 263 675 me
279 611 425 686 salutem,
441 617 472 674 et
486 612 597 674 domus
609 609 879 690 gubernationem,
895 613 1036 690 parentes
1051 608 1157 671 audire
1168 609 1284 685 nolint,
1300 609 1363 674 nisi
1377 612 1485 676 incon-

204 700 347 764 sideratio
361 700 409 763 vel
423 700 523 763 etatis
537 699 669 764 delectus
683 699 751 763 illos
765 718 804 761 ex
815 705 902 779 parte
914 701 1047 760 excuset.

243 792 277 852 2⁰
296 790 374 852 ltem
395 787 530 869 siprara
548 787 715 864 consortie,
737 787 764 849 si
786 787 865 850 aleas
885 785 998 849 aliosve
1018 786 1198 867 hujusmodi
1218 787 1321 863 lusus,
1342 795 1398 852 aut
1419 791 1485 855 loca

204 877 386 959 periculosa,
398 883 436 940 ut
449 877 595 958 popinae,
610 877 893 950 choreas,tlreatra,
908 881 963 937 aut
972 875 1032 936 alia
1041 873 1244 950 similia,non
1253 875 1394 941 obstante
1404 880 1486 942 serie

203 971 368 1047 parentum
388 965 610 1047 prohibitione,
626 965 836 1046 frequentent;
852 970 978 1045 peccant
991 963 1164 1044 presertim
1183 963 1268 1040 filie,
1286 983 1355 1046 que
1369 966 1485 1031 insitis

204 1061 261 1117 aut
273 1054 367 1116 etiam
381 1053 486 1116 insciis
495 1052 673 1135 parentibus
686 1071 758 1116 cum
771 1052 870 1134 procis
884 1059 1113 1128 conversantur,
1126 1053 1174 1116 vel
1186 1059 1281 1117 noctu
1294 1055 1381 1118 domo
1394 1073 1485 1136 egre-

204 1142 346 1218 diuntur,
362 1149 418 1206 eut
432 1143 502 1205 sole
517 1141 648 1204 amasios
665 1143 876 1223 alloquuntur.

246 1234 277 1294 3ο
288 1232 366 1294 Item
385 1231 427 1307 si,
445 1231 580 1310 neglecto
597 1238 762 1312 parentum
782 1232 943 1306 mandato,
964 1233 1158 1294 Sacramenta
1175 1237 1230 1293 aut
1248 1231 1307 1294 alie
1324 1232 1484 1314 religionis

205 1318 301 1382 officia
315 1320 493 1383 notabiliter
506 1319 669 1396 omittant;
687 1320 713 1382 si
727 1339 850 1401 operam
864 1322 935 1382 dare
947 1319 1047 1383 nolint
1060 1319 1173 1382 litteris
1184 1326 1240 1383 aut
1251 1321 1372 1384 artibus
1385 1323 1483 1385 statui

205 1427 261 1472 suo
275 1407 530 1489 congruentibus,
547 1409 650 1490 sieque
667 1415 790 1490 tempus
810 1410 995 1484 absumant,
1012 1413 1043 1470 et
1060 1427 1207 1490 expensas
1224 1426 1278 1490 pro
1295 1409 1372 1491 ipsis
1385 1410 1483 1475 factas

204 1497 331 1560 inutiles
345 1497 484 1560 reddant.

244 1591 279 1650 t⁰
290 1589 368 1649 Item
382 1586 408 1648 si
420 1605 490 1668 que
501 1586 540 1649 ad
555 1585 673 1648 bonum
687 1586 838 1667 regimen,
853 1603 1018 1669 pacemque
1033 1586 1159 1650 familie
1176 1587 1314 1649 multum
1325 1594 1481 1669 spectant,

206 1674 329 1756 exsequi
344 1681 499 1750 recusent,
516 1676 564 1738 vel
579 1674 606 1736 si
619 1675 722 1737 omnia
735 1694 789 1756 pro
805 1674 932 1739 arbitrio
952 1694 1008 1739 suo
1021 1675 1237 1739 administrare
1252 1676 1363 1752 velint,
1381 1685 1483 1758 spreta

205 1770 369 1844 parentium
378 1764 559 1827 auctoritate
570 1813 577 1840 ,
590 1764 758 1844 presertim
767 1764 793 1826 si
806 1770 982 1844 arroganter
994 1771 1025 1827 et
1034 1763 1162 1845 superbe
1176 1766 1395 1845 respondeant:
1409 1765 1483 1827 Non

204 1853 335 1934 faciam,
356 1871 413 1934 ape
430 1853 554 1934 negotia
576 1862 640 1914 lua.
661 1888 700 1898 -
714 1851 807 1914 Niltl
826 1853 895 1914 colo
916 1853 995 1914 mitt
1006 1853 1226 1936 praecipiatur.
1241 1887 1283 1901 -
1302 1853 1438 1916 Tedium
1453 1865 1483 1918 et
1590 1899 1591 1908 η

204 1941 364 2023 fastidium
378 1941 457 2002 me'li
468 1943 573 2022 affere,
586 1947 643 2004 etc.

246 2035 279 2093 5⁰
293 2035 360 2094 Non
375 2048 443 2092 raro
457 2035 561 2092 tamen
581 2029 614 2091 in
635 2031 757 2111 prexia
775 2038 894 2112 peceato
909 2030 994 2111 gravi
1008 2029 1147 2093 excusari
1162 2036 1264 2111 potest
1276 2030 1484 2095 inobedientia

205 2118 386 2181 flliorumob
398 2117 497 2179 enini
507 2117 675 2195 levitatem,
687 2119 956 2196 inadvertentiam,
971 2119 1020 2182 vel
1034 2119 1071 2182 ob
1084 2119 1252 2200 quamdam
1265 2119 1484 2200 negligentiam

204 2206 391 2280 humanam,
408 2211 440 2267 et
458 2205 624 2287 sepissime
644 2207 682 2270 ob
700 2208 886 2289 parvitatem
905 2206 1052 2270 materie.
1070 2209 1133 2269 lmo
1150 2225 1230 2288 sepe
1243 2208 1282 2271 ab
1295 2208 1379 2271 omni
1391 2209 1485 2290 culpa

204 2295 363 2357 immunes
377 2294 492 2358 censeri
503 2295 616 2358 debent
626 2296 665 2359 ob
682 2296 833 2360 defectum
847 2296 988 2378 precepti
1006 2295 1134 2376 rigorosi
1152 2315 1191 2358 ex
1204 2303 1292 2377 parte
1306 2304 1481 2378 parentum.

206 2385 246 2445 Ut
260 2383 343 2445 enim
358 2391 515 2464 peceatum
529 2385 700 2465 presertim
713 2403 804 2465 greve
814 2392 918 2448 contra
926 2384 1131 2449 obedientiam
1143 2385 1368 2460 committatur,
1381 2386 1484 2467 requi-

204 2470 287 2534 ritur
306 2478 342 2535 ut
365 2478 505 2554 parentes
528 2472 693 2537 rideantur
716 2474 820 2537 stricte
843 2474 1018 2556 precipere,
1041 2492 1104 2537 non
1125 2492 1196 2536 vero
1214 2473 1312 2536 solum
1332 2475 1482 2550 suadere,
1589 2533 1590 2550 ,

204 2560 382 2639 sollicitare,
407 2568 462 2624 eut
483 2568 620 2624 mentem
644 2581 733 2625 suam
755 2562 934 2643 siguificare.
952 2562 1146 2643 Dignoscitur
1169 2569 1270 2624 autem
1290 2568 1484 2642 preceptum
1589 2561 1590 2600 ³

203 2668 314 2713 rerum
336 2649 458 2733 injungi
479 2670 517 2714 ex
539 2652 630 2714 modo
651 2652 728 2714 serio
747 2669 801 2714 seu
825 2670 928 2716 severo
949 2671 1009 2734 quo
1030 2669 1080 2714 res
1098 2648 1281 2732 precipitur,
1299 2655 1330 2712 et
1347 2667 1385 2712 ex
1407 2649 1484 2712 aliis

203 2739 372 2842 adjunctis,
395 2761 426 2802 v.
450 2757 510 2820 gr„
535 2759 573 2802 ex
595 2740 774 2804 necessitate
795 2747 826 2804 et
847 2739 1062 2821 magnitudine
1083 2740 1127 2802 rei
1147 2745 1316 2821 praecepte,
1339 2745 1370 2802 et
1387 2756 1497 2820 poena-

203 2835 341 2978 ⁸1³1dimittia
340 2835 433 2980 mitiis
446 2925 552 2982 autem
564 2919 683 3000 pratis,
701 2919 755 2980 filii
771 2935 825 2982 nec
844 2918 965 2980 obedire
979 2917 1104 2993 debent,
1118 2935 1174 2980 nec
1187 2921 1328 2998 possunt.
1343 2921 1433 2980 Patet
1443 2935 1483 2980 ex

199 3005 270 3083 jure
283 3006 429 3068 naturali.
446 3009 523 3070 ltem
536 3027 574 3070 ex
587 3007 743 3089 Scriptura
758 3025 852 3070 secra.
866 3006 1012 3070 Sicorim
1025 3007 1093 3069 Act.
1108 3008 1216 3088 Apost.
1229 3025 1262 3081 v,
1275 3010 1335 3069 29:
1353 3006 1482 3069 obedire

204 3103 326 3175 oportet
343 3093 407 3156 Deo
426 3100 525 3178 mepte
540 3115 630 3178 quam
651 3095 892 3159 luminitate-
909 3095 1018 3160 Matth.
1040 3113 1075 3171 x,
1093 3100 1157 3160 37:
1180 3095 1243 3172 Qui
1259 3104 1343 3157 meat
1358 3105 1481 3178 patrem
1588 3159 1589 3168 ,

204 3190 260 3243 aut
270 3184 478 3265 macrenptus
492 3205 583 3267 quam
597 3205 658 3268 me,
674 3205 736 3246 non
750 3193 796 3247 est
809 3203 855 3246 me
867 3183 990 3266 dignas.

324 3345 520 3424 Quaesitae.

243 3506 313 3567 369.
323 3539 363 3548 -
374 3507 476 3580 Quen.
492 3502 580 3567 l⁰An
591 3503 826 3587 filiiteneaatnr
839 3503 958 3566 obedire
966 3503 1150 3587 parentibus
1162 3505 1196 3563 in
1205 3500 1350 3564 electione
1363 3500 1484 3562 statue?

242 3591 335 3674 Κεφ.
347 3591 426 3675 Nep.
435 3613 496 3676 per
509 3613 552 3674 ee,
573 3592 646 3675 quia
659 3593 790 3676 quilibet
798 3593 907 3668 bomo,
923 3591 1023 3674 quoad
1036 3591 1164 3655 modum
1179 3590 1320 3654 stabilem
1336 3589 1482 3653 tendendi

202 3681 242 3744 ad
255 3684 368 3756 Deum,
385 3687 422 3744 ut
440 3682 534 3744 linem
555 3699 649 3744 suum
671 3681 835 3758 ultimrun,
854 3701 908 3746 seu
927 3680 1027 3763 quoad
1043 3679 1142 3744 vitam
1160 3680 1248 3762 plene
1264 3683 1294 3742 et
1311 3677 1431 3759 integre
1447 3677 1484 3740 in

202 3769 345 3833 debitum
359 3769 453 3833 finem
469 3770 688 3846 ordinandam,
709 3778 756 3834 est
778 3771 906 3833 omnino
924 3769 1130 3850 independens
1144 3768 1182 3831 ab
1200 3767 1268 3830 aliis
1282 3765 1481 3841 hominibus;
1587 3811 1588 3838 2

202 3862 233 3922 et
246 3858 372 3938 proinde
387 3859 520 3940 graviter
533 3864 658 3940 peccant
672 3865 812 3939 parentes
820 3859 875 3940 qui
889 3858 967 3922 filios
980 3857 1110 3934 inritos,
1124 3863 1178 3920 aut
1192 3857 1305 3920 duecte
1316 3862 1373 3918 aut
1387 3854 1484 3918 etiam
1587 3847 1588 3906 l

201 3946 363 4022 indirecte,
380 3953 493 4029 cogtmt
513 3947 553 4010 ad
575 3951 692 4010 statum
714 3947 888 4028 eligendum
911 3945 976 4010 sive
993 3944 1187 4028 religiosum,
1210 3945 1276 4008 sive
1295 3943 1483 4016 clerioalem,

203 4034 269 4098 sive
280 4036 487 4116 mnjrrgalem3
501 4036 549 4099 vel
563 4041 667 4099 eontra
680 4036 706 4098 si
719 4055 768 4099 eos
783 4037 909 4099 omnino
927 4034 1042 4099 invitos
1063 4034 1102 4098 ab
1121 4034 1223 4117 aliquo
1239 4034 1312 4098 vite
1328 4035 1413 4094 statu
1428 4031 1485 4094 eli·
1525 4094 1533 4108 ,

203 4123 300 4205 gendo
314 4122 381 4186 sine
390 4127 475 4207 justa
488 4143 579 4188 causa
592 4124 775 4205 impediant.

243 4213 313 4275 Dixi
325 4231 383 4295 per
395 4233 426 4276 se
440 4233 454 4277 .·
468 4231 553 4278 secus
567 4213 651 4277 enim
665 4211 844 4288 dicendum,
861 4213 889 4276 si
904 4219 1045 4296 parentes
1062 4213 1099 4276 ob
1114 4229 1220 4293 graves
1236 4215 1267 4273 et
1285 4207 1487 4272 rationabiles

204 4317 310 4364 causas
328 4302 400 4366 filiis
424 4302 646 4377 contradicant,
663 4323 694 4366 r.
718 4319 777 4383 gr„
797 4301 874 4366 siin
895 4301 981 4383 gravi
1000 4300 1179 4365 necessitate
1198 4295 1359 4363 constituti
1374 4299 1488 4378 egeant

204 4387 342 4453 subsidio
355 4389 426 4467 filii,
440 4409 495 4453 nec
508 4391 569 4454 illis
586 4391 644 4455 elio
658 4392 748 4455 modo
761 4409 935 4456 suecurrere
947 4389 996 4454 bie
1007 4390 1117 4472 possit,
1134 4387 1196 4452 nisi
1212 4386 1398 4452 remanendo
1410 4403 1487 4450 cum

203 4475 291 4559 ipsis
307 4511 347 4526 —
363 4477 480 4560 stup.
496 4499 527 4541 a.
544 4483 614 4544 335.
630 4516 670 4527 -
682 4479 785 4544 atter.
