3216 5020
607 199 649 244 nn
671 199 889 244 rrnrurreus
1315 190 1383 252 223

103 335 203 382 cansa
215 312 385 378 obtinuerit
399 311 509 374 alicubi
522 328 591 374 mos
605 310 653 373 vel
666 313 819 372 statutum
828 329 973 392 pauperes
983 311 1157 392 peregrinos
1173 330 1190 374 a
1205 272 1385 378 tilitatibus

104 403 248 478 arcendi,
265 409 302 465 ιιι
317 400 462 464 sciliceta
477 399 542 462 suis
556 399 675 462 ciuibus
690 399 823 461 alantur.

150 501 185 559 3⁰
199 493 289 558 Nulla
307 499 411 554 tamen
431 495 477 552 est
496 488 639 568 obligatio
657 487 882 570 eleemosynam
900 487 1030 550 faciendi
1048 489 1233 570 pauperibus
1252 493 1388 556 laborare

105 582 305 685 nolentibus,
321 577 395 660 quia
408 597 472 641 non
486 584 561 640 sunt
575 595 644 639 rere
653 594 813 658 pauperes;
825 577 888 639 imo
898 577 1044 640 illicitum
1058 577 1091 640 id
1101 577 1192 653 foret,
1207 586 1313 660 utpote
1328 582 1388 645 illis

107 688 359 824 nollvlgnlentur
371 755 497 830 medici,
509 753 662 827 advocati,
675 761 746 828 etc,
758 772 881 835 operam
890 755 1077 835 pauperibus
1090 755 1185 835 gratis
1199 756 1386 838 impendero,

108 851 187 932 quia
201 847 324 912 suntin
338 864 410 909 vera
422 844 617 918 necessitate,
633 859 689 906 nec
702 843 740 904 ab
753 843 821 905 aliis
835 843 975 926 adjurari
989 850 1129 924 possunt.
1141 881 1181 890 -
1192 845 1227 907 S.
1243 845 1345 910 rtem.
1357 851 1388 910 2.

108 940 461 1091 z'bfllltlr'elrilrlrlrltur
479 1040 497 1083 a
515 1025 663 1101 precepto
676 1019 874 1102 eleemosyna
889 1021 943 1101 qui
958 1022 1074 1100 degrrnt
1090 1022 1124 1084 in
1141 1023 1319 1086 civitatibus
1335 1025 1390 1087 ubi

110 1115 294 1198 prohibetur
312 1113 510 1194 eleemosynae
527 1107 649 1188 petitio,
666 1108 739 1189 quia
754 1126 815 1170 non
830 1110 941 1171 desunt
956 1110 1015 1172 alia
1028 1111 1130 1173 media
1143 1119 1289 1192 praecepto
1304 1113 1391 1175 sotis-

111 1203 260 1277 laciendi‚
284 1222 315 1264 r.
341 1219 399 1281 gr„
424 1199 574 1278 erogando
599 1195 761 1277 pecuniam
784 1198 992 1260 collectoribus
1020 1198 1055 1260 in
1074 1199 1229 1274 Ecclesiis,
1253 1208 1323 1276 cta,
1345 1203 1393 1265 vel

114 1291 257 1356 Parecbis
267 1297 322 1352 aut
334 1289 402 1352 aliis
415 1306 495 1351 curce
507 1284 716 1366 indigentium
728 1285 908 1366 prepositis.
919 1287 977 1350 Ubi
988 1295 1094 1350 autem
1105 1295 1193 1368 urget
1206 1297 1393 1370 praeceptum

113 1378 315 1444 succurrendi
328 1376 468 1459 proximo
477 1375 517 1446 ¹in
529 1380 666 1437 extrema
680 1374 874 1450 necessitate,
891 1393 953 1438 non
971 1382 1019 1438 est
1036 1379 1238 1456 exspectanda
1252 1379 1392 1459 pauperis

113 1468 236 1552 petitio.

663 1611 804 1655 runcrnn
826 1611 849 1655 ιι

564 1767 603 1820 De
617 1762 793 1820 correctione
808 1763 943 1820 fraterna.

159 1927 307 1992 Correctio
321 1926 456 1989 fraterna
475 1929 521 1987 est
541 1923 709 1988 admonitio
729 1943 789 2006 qua
807 1924 892 2004 quis,
909 1941 947 1986 cx
960 1925 1109 1998 Caritate,
1126 1924 1255 1988 aliuma
1276 1933 1394 2006 peccato

117 2035 258 2082 revocare
272 2021 412 2079 conatur.

242 2158 469 2240 Princlpla.

160 2311 234 2372 230.
250 2343 290 2352 —
302 2309 326 2368 l.
341 2309 437 2368 Datur
451 2323 559 2368 verum
577 2308 762 2386 praeceptrnn
780 2301 921 2366 fraternae
940 2303 1144 2368 correctionis.
1165 2309 1290 2370 Constet
1310 2314 1341 2371 1ο
1359 2328 1398 2372 cx

116 2399 187 2478 lege
202 2395 335 2459 naturali
352 2393 509 2468 Caritatis,
532 2411 594 2474 que
615 2394 653 2454 ad
671 2391 805 2474 proximi
828 2392 909 2454 mela
928 2391 1137 2456 submovenda
1160 2393 1342 2474 obligamur.
1359 2433 1399 2443 -

117 2487 152 2546 2⁰
167 2488 214 2546 Ex
230 2483 384 2564 Scriptura
397 2501 495 2546 sacra.
512 2481 604 2544 Eccli.
620 2499 688 2557 ιιι,
703 2485 742 2544 ll
759 2501 765 2542 :
783 2479 910 2562 Corripe
918 2483 1132 2565 proximum...
1150 2503 1186 2545 oe
1203 2484 1283 2565 sorte
1294 2485 1398 2556 iteret,-

118 2581 152 2637 et
164 2573 273 2637 blatth.
289 2591 382 2646 narrt,
397 2577 435 2636 lb
449 2590 455 2632 :
469 2571 506 2632 Si
517 2572 685 2652 peccaverit
697 2571 731 2631 in
744 2579 772 2631 te
780 2571 881 2650 frater
893 2579 975 2645 tuus,
991 2570 1066 2633 code
1078 2581 1108 2633 et
1117 2573 1235 2654 corripe
1244 2593 1308 2634 euro
1322 2576 1400 2636 iuter

121 2674 149 2725 te
159 2673 188 2725 et
199 2664 296 2745 speum
310 2661 415 2724 solum.
431 2661 464 2723 Si
477 2669 504 2722 tc
516 2659 661 2734 audierit,
681 2660 813 2720 lucratus
828 2663 888 2721 eris
903 2660 1033 2739 fratrem
1048 2669 1143 2722 tuum.

162 2753 198 2812 ll.
215 2752 263 2814 Ad
275 2749 492 2830 obligationem
503 2748 642 2811 strictam
655 2747 750 2828 hujus
759 2747 900 2828 praecepti
915 2747 1085 2829 requiritur
1096 2755 1127 2812 1ο
1137 2755 1173 2812 ιιι
1188 2756 1267 2814 certo
1282 2759 1400 2814 constet

121 2840 160 2903 de
174 2845 293 2920 peccato
312 2837 460 2920 proximi,
480 2844 535 2899 aut
557 2839 594 2899 de
615 2836 755 2917 proximo
775 2836 918 2916 peccandi
937 2837 1085 2916 periculo;
1101 2873 1142 2884 -
1155 2843 1188 2902 2⁰
1202 2846 1237 2900 ut
1256 2839 1400 2922 affulgeat

120 2947 190 3010 spes
204 2929 321 3009 aliqua,
340 2927 403 2990 imo
422 2929 520 3008 major
537 2924 735 3007 probabilitas
754 2925 992 3001 emendationis;
1012 2961 1052 2970 —
1066 2932 1098 2990 3⁰
1119 2933 1155 2989 ut
1176 2946 1238 2990 non
1260 2929 1302 2990 sit
1321 2930 1399 2994 alius

120 3036 208 3098 aeque
216 3017 361 3090 idoneus,
372 3015 427 3096 qui
435 3018 626 3095 correpturus
637 3013 792 3088 credatur;
803 3048 844 3060 —
853 3017 885 3076 ιι
896 3021 933 3076 ut
945 3014 1088 3076 correctio
1100 3015 1164 3078 ficri
1176 3017 1271 3096 possit
1285 3018 1400 3100 absque

120 3106 210 3187 gravi
224 3105 418 3169 incommodo
437 3103 729 3184 corripientis3—50
743 3108 778 3165 ιιι
793 3102 962 3166 neccssaria
971 3103 1129 3184 judicetur
1143 3107 1181 3168 ad
1196 3106 1400 3188 delinquentis

120 3194 385 3267 emendationem,
405 3211 461 3256 nec
475 3210 541 3273 spes
556 3192 664 3254 saltem
678 3190 843 3272 probabilis
857 3192 912 3265 sit,
932 3210 1004 3254 eum
1017 3200 1123 3274 sponte
1138 3213 1194 3257 sua
1213 3213 1245 3258 se
1259 3197 1401 3258 emenda-

120 3291 243 3347 turum.
255 3317 294 3332 -
307 3283 343 3345 S.
358 3281 442 3364 Lep,
458 3302 489 3344 o.
506 3285 545 3346 38
559 3291 588 3343 et
608 3301 682 3363 seq,
700 3281 812 3364 aliique
831 3284 1038 3343 communiter.

246 3429 443 3507 Quaeslta.

165 3573 234 3633 231.
251 3603 292 3613 —
305 3568 406 3642 Qunn.
423 3573 455 3629 l⁰
466 3567 517 3628 Αιι
531 3565 585 3627 sub
597 3567 687 3647 provi
699 3564 813 3646 odlipct
823 3574 1007 3647 praeceptum
1024 3565 1175 3647 frotcrooe
1190 3569 1402 3630 correctionis?

164 3658 254 3740 Resp.
268 3657 397 3738 Asdara.
409 3675 465 3737 per
478 3676 524 3730 se,
539 3655 565 3718 si
580 3653 683 3717 adsint
696 3653 852 3734 requisitae
866 3653 1070 3731 conditiones,
1087 3662 1118 3720 et
1129 3663 1238 3738 agatur
1253 3658 1289 3720 de
1305 3663 1401 3720 mate-

121 3746 173 3810 ria
185 3745 282 3827 gravi.
307 3746 386 3808 Hinc
405 3763 525 3826 peccare
544 3748 642 3825 potest
661 3742 805 3822 graviter,
823 3741 877 3823 qui
897 3761 935 3806 cx
954 3761 1032 3806 veno
1048 3745 1173 3824 timore,
1188 3765 1226 3809 ne
1241 3745 1401 3826 proximus

122 3836 320 3917 ιιιιᾳιιιιιιιιιιε
332 3833 513 3907 offendatur,
525 3833 572 3896 vel
582 3851 620 3896 ne
634 3831 699 3912 ipse
713 3830 785 3894 inde
799 3831 864 3894 leve
879 3831 1015 3913 patiatur
1027 3833 1266 3910 detrimentum,
1281 3834 1402 3897 omittit

122 3923 344 3988 correctionem
358 3922 392 3984 in
407 3942 438 3986 rc
453 3921 554 4002 gravi,
571 3921 626 3984 ubi
639 3925 729 4002 putat
743 3918 828 3982 illam
847 3939 912 3983 esse
926 3939 995 3984 vere
1009 3923 1213 4002 profuturam.
1229 3959 1269 3968 -
1282 3923 1402 3988 Leriter

122 4021 232 4077 tamen
250 4017 366 4093 peccat,
383 4010 437 4093 qui
457 4030 494 4073 cx
511 4009 765 4092 pusillanimitate
784 4014 815 4070 et
833 4010 1016 4073 verecundia
1036 4029 1068 4074 sc
1082 4019 1204 4091 reputat
1218 4011 1323 4075 minus
1337 4013 1402 4076 ido-

121 4121 221 4165 neum
235 4101 274 4165 ad
288 4099 524 4182 corripiendum.
541 4133 581 4146 -
596 4098 633 4161 S.
652 4097 758 4158 Thero.
774 4102 804 4160 Ξ.
820 4102 863 4174 3.,
879 4119 909 4181 q.
926 4103 981 4174 33,
995 4111 1055 4162 ort.
1072 4101 1101 4160 2.
1114 4135 1153 4144 —
1165 4101 1202 4162 S.
1217 4101 1287 4184 Lip.
1305 4123 1337 4163 n.
1350 4108 1401 4167 37.

166 4193 268 4266 Quen.
280 4193 314 4252 2⁰
326 4191 378 4252 Aa
389 4197 578 4271 praeceptum
593 4186 785 4248 correctionis
799 4185 892 4248 locum
906 4188 1025 4267 babeat,
1038 4188 1164 4270 ubiqut'e
1177 4209 1214 4252 ec
1226 4191 1404 4272 c'qooraotia

146 4281 250 4342 cecat?

120 4301 144 4364 p
168 4369 261 4450 desp.
274 4367 308 4431 l⁰
321 4367 462 4450 Λίβυι,
478 4367 504 4428 si
518 4372 627 4446 agatur
637 4365 675 4427 do
688 4363 862 4445 ignorantia
878 4364 1025 4438 vincibili,
1040 4364 1114 4446 quia
1125 4365 1189 4432 haec
1203 4388 1265 4434 non
1279 4375 1404 4434 excusat

123 4479 143 4522 a
160 4457 401 4539 peceamjuaeta
414 4457 497 4518 dicta
510 4475 541 4516 ιι.
560 4458 610 4518 lt.
