3202 5020
660 274 702 318 ur
727 273 877 318 carious
1333 263 1401 323 tot

166 390 200 446 1⁰
222 382 421 465 Conprepotic
441 383 573 445 Concitii
584 383 786 466 (Tridentini)
806 403 860 447 sou
886 383 1106 446 Cordinolium.
1127 388 1202 446 Tota
1225 391 1341 450 constat
1365 408 1404 451 ex

122 471 359 546 cardinalibus,
381 473 436 554 qui
456 473 563 536 Patres
586 473 623 534 S.
649 472 781 536 Concilii
802 473 973 535 Tridentini
996 477 1169 556 interpretes
1191 473 1348 552 dicuntur,
1373 483 1402 539 at

123 579 262 640 quorum
282 579 364 622 unus
382 561 473 624 titulo
491 561 636 642 Praefecti
659 561 908 642 Conpreqoticnis
926 560 1104 642 insignitur.
1120 562 1193 625 Pius
1206 564 1246 624 IV
1261 581 1315 643 pro
1328 568 1403 628 Gon-

123 647 192 712 oilii
213 649 298 712 Trid.
316 647 510 712 observantia
526 650 606 712 hanc
624 649 764 732 primum
785 650 976 726 instituerat;
993 657 1097 730 postea
1113 669 1199 725 vero,
1217 669 1320 713 rerum
1341 653 1404 714 eri-

122 736 240 817 gentiis
254 741 368 810 motus,
379 737 519 800 SixtusV
529 739 649 801 decreta
662 738 798 814 concilii,
808 738 842 800 in
852 738 890 800 iis
903 757 970 820 quae
982 740 1021 801 ad
1031 757 1154 801 morum
1166 745 1220 801 aut
1235 737 1402 820 disciplinae

123 825 376 888 reformationem
394 826 566 906 pertinent,
581 834 612 889 ct
626 827 720 889 dubia
734 827 889 904 videntur,
906 826 1001 889 etiarn
1015 825 1238 908 interpretandi
1254 833 1402 907 potestate

123 914 265 978 donavit.

166 1008 200 1066 2⁰
216 1003 645 1087 Cooqrcqctiolipisccpotum
654 1016 684 1067 et
694 1005 907 1087 Repulorium.
919 1009 996 1069 Tota
1009 1010 1041 1067 et
1055 1004 1123 1086 ipsa
1137 1024 1175 1067 cx
1188 1006 1402 1069 (teretinatibus

123 1091 276 1156 coalescit.
293 1095 368 1168 Duo,
385 1099 422 1154 ut
436 1111 550 1156 nomon
564 1093 694 1170 indicat,
709 1093 837 1174 suscipit
856 1095 1034 1157 tractanda:
1051 1113 1085 1156 ea
1099 1111 1209 1174 nempe
1225 1112 1293 1176 quat
1307 1094 1401 1176 respi-

122 1181 216 1246 ciunt
227 1180 343 1243 bonam
360 1181 529 1244 dioeceseon
545 1182 640 1245 totius
653 1181 735 1245 orbis
750 1182 890 1245 catholici
906 1181 1219 1258 administrationem,
1236 1188 1266 1244 et
1280 1202 1347 1264 quae
1363 1185 1401 1246 ad

122 1268 327 1350 Regularium
340 1269 504 1350 utriusque
516 1289 606 1334 serus
621 1270 858 1346 controversias,
871 1271 993 1346 litesve,
1011 1272 1180 1334 secundum
1195 1290 1293 1334 sacros
1306 1276 1400 1335 Gano-

121 1377 198 1432 ueS,
214 1358 432 1438 cognoscendas
447 1366 479 1421 et
492 1359 679 1422 dirimendas
693 1360 859 1441 pertinent.

167 1451 202 1511 3ο
219 1445 411 1528 congregotio
435 1447 469 1510 dc
492 1448 699 1531 Propagando
721 1449 809 1511 Fide.
834 1451 881 1510 Ex
901 1449 972 1511 solis
1000 1446 1213 1512 dardinalibus
1239 1448 1398 1512 conflatur.

122 1537 206 1598 Tota
221 1542 266 1598 est
284 1533 320 1597 in
336 1537 526 1616 procuranda
539 1537 753 1618 propagatione
767 1536 853 1602 niuei
868 1555 921 1618 par
935 1537 1039 1600 orbem
1055 1543 1217 1599 terrarum.
1235 1537 1400 1618 Collegium

123 1621 246 1686 dictum
261 1623 296 1686 de
312 1623 521 1706 Propagandi
534 1624 685 1707 Fide,pro
697 1626 894 1689 efformandis
906 1624 1165 1699 Missionariis,ab
1182 1623 1304 1687 Urbano
1321 1625 1403 1688 VIII

123 1715 231 1776 Romae
242 1711 422 1788 fundatum,
437 1714 475 1776 ad
490 1715 626 1794 eJ'usdem
638 1733 726 1777 curas
740 1712 884 1795 pertinet.

165 1804 199 1862 4⁰
212 1800 420 1882 conpr-epatu
436 1801 602 1864 Sacrorum
624 1802 763 1865 Rituum.
786 1807 897 1865 Praeter
921 1801 1109 1877 GardinaIeS,
1126 1801 1219 1864 etiam
1241 1803 1399 1865 Consulto-

122 1887 213 1951 ribus
231 1889 368 1952 Prolatis
384 1890 432 1952 vel
451 1890 652 1970 Regularibus
669 1895 797 1954 constat.
814 1890 988 1971 liturgiam
1002 1907 1130 1966 sacram,
1149 1898 1180 1953 et
1197 1908 1265 1971 qua
1280 1891 1318 1952 ad
1332 1909 1399 1952 eam

121 1977 297 2056 pertinent,
311 1977 418 2040 definit
434 1982 465 2040 et
479 1979 612 2042 ordinat.
630 1982 767 2042 Examen
789 1997 909 2061 quoque
928 1997 1090 2041 causamm
1108 1977 1350 2062 Beotificationis
1368 1985 1399 2042 et

125 2063 374 2128 Cononizoticnis
391 2065 572 2129 Sanctorum
585 2067 667 2130 inter
681 2070 747 2148 ejus
761 2067 856 2130 officia
869 2072 1137 2130 commemoratur.

165 2158 199 2217 5⁰
215 2153 415 2237 Congrepatio
430 2155 540 2218 Indicis
554 2175 572 2218 a
590 2159 620 2218 S.
637 2155 690 2219 Pio
703 2159 730 2217 V
744 2155 898 2218 instituta.
916 2157 951 2218 ln
965 2175 1000 2218 ea
1013 2157 1114 2218 locum
1127 2155 1242 2218 habent
1256 2155 1398 2219 Gardiua-

120 2241 168 2304 les
191 2248 224 2304 et
246 2243 299 2305 alii
316 2244 417 2324 plures
431 2245 512 2308 docti
529 2245 599 2308 viri.
620 2245 753 2308 Unicum
771 2263 904 2320 munus,
920 2243 1026 2324 magni
1047 2250 1153 2307 autem
1176 2244 1327 2308 momenti
1345 2262 1399 2324 pro

120 2330 209 2393 bono
224 2331 372 2394 societatis
387 2337 452 2395 tam
466 2332 672 2397 ecclesiastica
686 2352 780 2414 quam
795 2332 908 2407 civilis,
923 2338 1060 2396 exercet:
1073 2351 1179 2395 curam
1198 2351 1306 2414 nempe
1321 2332 1399 2412 gerit

119 2419 281 2481 librorum
294 2419 347 2500 qui
360 2420 393 2484 in
408 2421 508 2485 lucem
520 2423 666 2496 eduntur,
678 2441 717 2484 ne
729 2423 805 2504 quid
817 2440 870 2503 per
882 2440 932 2484 eos
945 2427 1049 2484 contra
1058 2420 1247 2501 Religionem
1260 2426 1291 2484 et
1304 2421 1398 2484 bonos

123 2525 228 2570 mores
247 2507 328 2571 inter
341 2509 528 2573 Christianos
540 2511 639 2597 valeat
656 2511 830 2592 propagari3
845 2529 921 2590 quos
941 2509 1099 2572 existimat
1115 2509 1256 2573 fidelibus
1276 2509 1395 2582 noxios,

120 2595 182 2658 hos
196 2604 334 2660 accurate
347 2603 442 2674 notat,
456 2605 540 2662 vetat
553 2618 587 2663 ac
597 2599 688 2661 refert
701 2599 735 2661 in
750 2601 897 2672 ludicrae,
913 2598 967 2679 qui
982 2597 1049 2662 ideo
1063 2598 1177 2660 dicitur
1190 2597 1287 2660 Iader
1303 2597 1400 2660 lidro-

121 2703 192 2746 non
211 2687 449 2767 prohibitorum,
468 2694 505 2749 ut
522 2688 560 2750 ab
581 2706 689 2751 eorum
708 2688 850 2762 lectione,
868 2693 1016 2768 tauquam
1038 2705 1056 2748 a
1079 2685 1238 2749 venenatis
1261 2687 1395 2766 pascuis,

120 2772 227 2836 fideles
240 2773 425 2839 abstineant.
441 2775 614 2856 Aliquando
629 2783 733 2839 tamen
746 2775 819 2838 libri
832 2782 900 2838 tum
912 2795 931 2836 a
942 2779 1050 2855 congr.
1066 2777 1095 2836 S.
1113 2774 1182 2849 off,
1195 2778 1264 2836 tum
1278 2775 1316 2837 ab
1333 2774 1398 2856 ipso

121 2861 269 2926 Pontifioe
281 2863 488 2945 peculiaribus
502 2865 652 2927 Brecibos
666 2884 699 2928 ac
710 2865 884 2946 dogmaticis
901 2862 1170 2926 Constitutionibus
1184 2862 1395 2944 prohibentur,

120 2951 296 3030 praesertim
309 2952 335 3014 si
347 2953 489 3016 haeresim
504 2953 636 3034 sopiant.

164 3042 198 3102 6ο
210 3037 415 3124 Congreputic
434 3042 471 3104 S.
490 3041 610 3124 Officii,
625 3061 679 3104 seu
700 3061 793 3104 scuto
813 3041 992 3104 universalis
1010 3039 1231 3123 Inquisiticnis.
1248 3039 1399 3123 Suprema

120 3125 250 3202 dicitur,
263 3135 295 3191 et
307 3134 426 3192 constat
439 3137 508 3193 tum
522 3130 745 3205 Cardinalibus,
760 3137 829 3193 tum
843 3130 978 3194 Praelatis
993 3136 1084 3210 atque
1100 3129 1256 3208 theologis.

164 3213 250 3278 Illius
264 3224 311 3280 est
323 3237 498 3298 cognoscere
511 3220 548 3282 de
563 3219 683 3294 haresi,
699 3237 817 3282 necnon
831 3220 868 3282 de
881 3217 1005 3282 haeresis
1017 3217 1199 3298 suspicione,
1211 3224 1266 3280 aut
1279 3218 1316 3280 do
1330 3216 1397 3279 aliis

119 3303 413 3384 irreligiositatibus.
432 3309 460 3370 A
480 3307 578 3370 Ponto
588 3309 645 3370 III
654 3307 810 3382 instituta,
825 3313 855 3370 et
868 3327 886 3370 a
898 3308 991 3370 Sixto
1013 3305 1037 3368 V
1052 3305 1231 3369 confirmata
1244 3304 1316 3368 fuit.

162 3397 197 3454 ’1ο
212 3391 414 3477 congregatio
429 3395 693 3478 Indulgentiorum
704 3402 735 3459 et
748 3397 972 3478 Retr'quicrum.
988 3394 1085 3457 Habet
1094 3393 1272 3457 facultatem
1286 3399 1316 3455 et
1330 3411 1398 3454 nru-

118 3499 185 3544 nus
211 3481 376 3546 dirimendi
400 3503 506 3548 omnes
529 3484 720 3548 difficultates
743 3503 777 3547 ac
798 3483 1007 3547 dubitationes
1028 3482 1106 3546 circa
1126 3485 1176 3545 SS.
1193 3480 1349 3562 Reliquias
1367 3487 1397 3542 et

117 3569 342 3650 Indulgentias.
360 3576 538 3637 constater
550 3591 679 3636 numero
692 3571 902 3636 Gardinalium
917 3592 936 3635 a
949 3575 979 3635 S.
994 3570 1138 3634 Pontifice
1154 3569 1395 3645 determinando,
1444 3565 1450 3576 '

118 3665 151 3722 et
168 3676 207 3721 cx
223 3659 291 3723 aliis
304 3661 440 3725 Praelatis
455 3669 486 3726 et
500 3662 656 3743 theologis.

162 3751 197 3811 8⁰
214 3748 413 3832 Congrepctio
427 3752 646 3830 Immunitctis,
662 3769 730 3832 quat
744 3750 969 3826 CardinalibuS,
981 3749 1145 3831 paucisque
1162 3748 1230 3812 aliis
1246 3746 1394 3810 coalescit.

117 3838 237 3900 Causas
258 3839 294 3901 de
310 3841 510 3904 immunitato
528 3839 725 3904 ecclesiastica
747 3839 811 3903 sive
836 3840 923 3916 reali,
943 3838 1007 3902 sive
1028 3837 1193 3920 personali,
1209 3836 1273 3900 sive
1293 3835 1394 3908 locali,

117 3923 263 4005 inspicit,
279 3933 310 3991 et
324 3927 484 4010 cognoscit.

155 4065 244 4122 Nori.
261 4066 421 4124 Occurrunt
435 4083 640 4141 nonnunquam
656 4069 686 4125 in
700 4066 937 4140 responsionibus
957 4067 1007 4124 SS.
1023 4067 1073 4124 CC.
1090 4062 1205 4134 termini
1225 4077 1282 4117 non
1299 4063 1339 4118 ita
1355 4063 1395 4118 fa-

116 4143 189 4202 cilis
207 4145 423 4220 intelligentias,
440 4164 561 4222 quorum
574 4151 619 4205 cst
632 4148 693 4205 haec
706 4148 897 4219 significatio:

154 4223 271 4295 Dilata,
285 4228 314 4284 id
329 4231 374 4285 cst
388 4229 518 4286 differtur
532 4227 718 4302 respondere,
734 4231 767 4284 ut
786 4244 832 4284 res
852 4227 1001 4284 maturiori
1017 4223 1141 4284 examini
1162 4222 1332 4296 subjiciatur
1348 4225 1395 4279 ut-

115 4306 187 4379 pote
200 4305 330 4366 difficilis
346 4309 510 4366 solutionis.

153 4387 385 4462 Affirmcticeot
394 4387 542 4464 amplius,
553 4387 699 4462 Nepotive
713 4393 740 4444 ct
754 4387 905 4462 amplios,
916 4387 945 4444 id
961 4386 1021 4454 est,
1037 4401 1102 4442 cum
1116 4401 1163 4442 res
1179 4384 1306 4442 fueritin
1319 4384 1348 4441 S.
1362 4384 1392 4441 C.

115 4465 194 4523 satis
209 4485 352 4544 superque
366 4469 514 4538 discussa,
529 4471 558 4525 et
572 4467 666 4543 plenis
680 4467 755 4525 rotis
770 4469 854 4543 prout
864 4468 940 4540 jacet
954 4465 1067 4536 decisa,
1083 4481 1139 4523 non
1154 4463 1280 4540 amplius
1295 4463 1395 4520 admit·

115 4547 192 4605 titur
204 4549 261 4607 talo
275 4549 439 4624 quaesitum.
