3136 5034
204 193 271 251 tta
735 203 941 250 rascatius

203 335 274 380 vero
287 316 478 396 horologium
492 316 635 378 manuale
646 313 839 396 promiseris,
856 321 886 377 et
900 315 1013 378 resoiss
1027 321 1057 378 te
1065 317 1118 396 jus
1133 332 1197 377 uon
1209 314 1322 377 habere
1334 313 1402 376 nisi
1412 331 1480 396 par-

204 405 276 468 tiale
289 404 324 467 iu
337 405 429 480 illud,
444 404 607 486 promissio
621 410 676 466 tua
691 404 777 466 nulla
790 403 860 466 erit.

242 497 312 558 758.
326 527 367 540 -
384 495 485 568 Quen.
503 497 536 556 t⁰
555 493 604 555 An
623 512 671 555 res
685 511 764 556 mere
778 492 951 575 spiritualis
957 495 1056 575 possit
1071 511 1132 556 esse
1143 491 1293 573 adjectam
1306 501 1481 556 contractus

202 585 263 644 siue
272 583 404 664 pratuiti
414 585 477 644 cive
491 580 629 644 onerosi?

245 671 331 753 Hesp.
355 671 394 732 ad
417 676 470 734 {²¹¹¹
487 670 616 752 Alpina.
643 669 728 735 Nihil
748 669 833 732 enim
853 669 955 733 obstat
973 673 1025 751 jus
1043 673 1176 743 naturae,
1204 687 1277 732 oum
1297 669 1479 751 hujusmodi

202 759 418 822 eonsentiones
439 757 518 822 nihil
536 757 705 822 inordinati
720 757 868 834 habeant3
884 760 936 822 sed
951 777 1050 840 neque
1060 761 1113 840 jus
1129 757 1292 832 divinum,
1309 777 1384 820 oum
1401 762 1478 822 Deus

202 847 394 928 permiserit,
419 846 483 911 imo
511 846 684 929 praeceperit
711 865 816 910 rerum
841 847 1050 928 spiritualium
1077 846 1246 928 gratuitam
1271 848 1479 911 communica·

204 936 339 1000 tionem:
357 936 400 999 sio
416 956 453 1010 ex
472 937 656 1017 obligatione
679 935 834 999 fidelitatis
857 936 1035 1018 promittere
1057 943 1142 1017 potes
1161 935 1330 1010 orationes,
1352 936 1477 1014 Missas,

201 1024 372 1106 Reliquias,
388 1032 445 1088 etc.

241 1113 331 1196 Hesp.
347 1115 386 1176 ad
401 1118 474 1176 2¹⁸:
490 1119 522 1177 {⁰
536 1114 674 1196 Affirm,
693 1114 720 1176 si
739 1132 788 1176 res
804 1113 975 1194 spiritualis
990 1114 1032 1177 sit
1048 1118 1231 1194 annuaque
1248 1119 1352 1194 parte,
1368 1121 1401 1177 et
1416 1133 1479 1178 non

205 1202 305 1266 obstet
328 1203 390 1264 ailla
412 1203 550 1266 Eoolesiae
564 1201 743 1283 prohibitio,
759 1201 831 1284 quia
853 1207 928 1266 tuno
944 1204 1029 1266 nulla
1043 1201 1181 1266 Simonis
1197 1200 1232 1263 in
1249 1203 1478 1282 permutatione

205 1292 308 1353 adesse
323 1297 437 1372 potest,
454 1290 607 1372 siquidem
624 1290 709 1354 nula
723 1297 770 1354 est
786 1291 970 1372 comparatio
982 1291 1027 1354 rei
1039 1289 1209 1372 spiritualis
1217 1308 1290 1352 oum
1304 1293 1474 1372 temporali.

242 1382 276 1440 2⁰
287 1378 365 1462 Nep.
379 1385 501 1455 autem,
518 1379 544 1442 si
559 1397 608 1442 res
619 1398 702 1442 mere
716 1378 888 1460 spiritualis
904 1379 947 1443 sit
962 1399 1000 1442 ex
1013 1397 1077 1442 uua
1092 1385 1193 1460 parte,
1210 1379 1390 1459 temporalis
1409 1399 1477 1444 sero

204 1485 241 1529 ex
254 1468 361 1542 altera;
378 1467 451 1548 qaria
465 1469 550 1531 nulla
567 1467 753 1549 comparatio
771 1466 854 1531 iuter
867 1468 1025 1549 spirituale
1039 1474 1069 1530 et
1088 1467 1251 1548 temporale
1268 1467 1339 1530 dari
1357 1475 1475 1549 potest,

202 1563 239 1618 ut
250 1560 367 1619 constat
380 1575 417 1618 ex
431 1555 521 1619 distis
535 1557 571 1619 de
585 1555 742 1634 Simonis,
759 1576 790 1617 n.
805 1561 865 1622 288
879 1565 980 1640 etseq.

243 1649 313 1708 759.
328 1681 369 1691 -
387 1647 488 1720 Qum.
512 1649 543 1708 50
559 1647 610 1708 An
628 1647 757 1708 materia
777 1653 949 1708 contractus
966 1645 1083 1708 onerosi
1096 1665 1158 1708 esse
1174 1645 1268 1728 possit
1286 1665 1335 1708 res
1356 1655 1479 1729 tempo-

202 1734 277 1795 ralis
289 1735 447 1817 spirituali
459 1735 600 1797 adnexa?

241 1822 335 1906 Resp.
350 1828 382 1887 1⁰
403 1823 545 1905 Affirm,
564 1823 590 1886 si
608 1824 728 1886 adnexa
746 1823 787 1886 sit
803 1823 1021 1899 antecedenter,
1047 1824 1164 1886 seclusa
1182 1823 1322 1888 Ecclesiae
1343 1823 1478 1906 prohibi-

205 1911 287 1974 tione
310 1912 343 1974 in
365 1912 486 1976 ossibus
509 1911 761 1993 particularibus3
787 1913 877 1974 modo
898 1919 1003 1976 umen
1022 1911 1158 1993 pretium
1175 1916 1299 1994 propter
1319 1912 1478 1994 spirituale

206 2001 360 2064 adrianum
375 2019 437 2064 non
451 2007 609 2080 augeatur.
623 2033 664 2048 -
682 1999 757 2062 Vide
771 1999 852 2062 da'cta
865 1998 902 2061 de
913 1999 1066 2077 Sinonia,
1083 1999 1161 2063 ibid.

245 2089 338 2172 Resp.
354 2092 387 2152 2⁰
401 2088 478 2172 Nep.
482 2137 491 2168 ,
513 2089 540 2152 si
556 2090 674 2152 adnexa
688 2089 728 2151 sit
747 2099 971 2172 consequenter,
993 2090 1101 2153 saltem
1117 2107 1155 2152 ex
1173 2093 1249 2154 iure
1266 2088 1475 2154 ecclesiastiea.

206 2179 276 2241 llaeo
290 2186 396 2242 autem
410 2178 539 2259 questio
548 2177 698 2259 praecipue
712 2177 857 2244 beneficia
866 2177 1000 2260 respicit.
1037 2173 1038 2178 ’
1559 2241 1560 2246 ,

245 2267 334 2349 Hesp.
346 2273 380 2331 3⁰
393 2286 399 2328 :
414 2267 447 2330 Si
459 2281 534 2330 vero
551 2267 669 2328 adnexa
689 2265 730 2328 sit
749 2267 996 2346 concomitanter‚
1013 2266 1137 2348 da'stinp.
1149 2285 1162 2328 .·
1177 2272 1208 2330 l·
1225 2266 1304 2350 Nep.
1324 2268 1350 2331 si
1362 2268 1480 2330 adnexa

205 2354 246 2416 sit
260 2357 420 2418 intrinsece
434 2363 464 2418 et
478 2354 658 2430 necessario,
672 2353 746 2435 quia
758 2361 834 2418 tuno
846 2374 894 2418 res
913 2355 1088 2436 temporalis
1101 2355 1222 2418 nullum
1234 2355 1330 2419 habet
1345 2357 1480 2420 valorem

204 2442 443 2523 independenter
463 2463 481 2506 a
502 2463 535 2506 re
560 2461 659 2518 sacra,
684 2447 720 2504 ut
739 2449 786 2505 est
807 2443 892 2506 labor
913 2443 1081 2507 Sacerdotis
1105 2443 1140 2506 in
1161 2443 1351 2518 celebrando,
1378 2444 1481 2506 absol-

204 2532 316 2606 vendo,
333 2539 390 2595 eto.
407 2569 446 2580 -
459 2536 491 2594 2⁰
511 2531 637 2614 Affirm.
659 2530 775 2622 perosi
793 2533 913 2595 adnexa
930 2532 972 2596 sit
991 2533 1169 2608 extrinsece,
1186 2538 1220 2594 ut
1237 2529 1358 2594 dictum
1377 2538 1426 2593 est
1444 2533 1484 2594 de
1558 2603 1559 2614 χ

205 2620 360 2694 Sirnont'a,
378 2621 453 2684 ibid.

243 2714 356 2776 760.-
368 2714 470 2788 Quen.
485 2715 516 2776 60
530 2711 579 2772 An
590 2729 705 2794 semper
716 2709 899 2773 restituenda
912 2710 953 2772 sit
962 2729 1009 2772 res
1022 2730 1060 2773 ea
1076 2714 1163 2793 turpi
1172 2717 1320 2773 contracta
1333 2713 1486 2791 accepta?

246 2799 336 2880 Resp.
363 2805 411 2862 1⁰:
427 2801 506 2862 Ante
529 2797 712 2880 positionem
730 2800 828 2880 operis
852 2799 965 2880 turpis,
987 2798 1119 2881 affirm,-
1137 2799 1211 2882 qrria
1227 2797 1408 2862 dominium
1436 2799 1481 2860 rei
1557 2879 1558 2884 ἵ

203 2887 297 2967 hujus
310 2887 444 2950 nonfuit
459 2889 557 2950 valide
570 2889 766 2951 translatum.
782 2887 885 2948 —lta
901 2907 1012 2949 omnes.
1557 2885 1558 2890 ’

244 2975 333 3057 Hesp.
354 2980 414 3038 2⁰:
445 2980 515 3039 Post
533 2975 632 3058 operis
656 2975 850 3058 positionem,
876 2979 1123 3040 controvertitur.
1150 2978 1268 3058 Duplex
1295 2977 1391 3040 datur
1414 2994 1479 3040 sen-

206 3063 304 3126 tentia
317 3064 493 3144 probabilis.

245 3151 277 3214 10
293 3153 454 3214 Sententia
474 3155 661 3216 communior
678 3153 767 3227 dicit,
781 3153 917 3234 pretium
937 3173 1023 3235 posse
1042 3154 1135 3236 aooipi
1158 3162 1189 3218 et
1208 3153 1354 3230 retineri,
1373 3157 1438 3217 imo
1453 3161 1480 3216 ot
1556 3217 1557 3220 ,

204 3240 271 3303 dari
280 3259 316 3303 ex
325 3241 450 3323 justitia
463 3241 582 3304 debere.
599 3242 687 3306 Ratio
702 3248 762 3318 est,
781 3250 813 3306 l⁰
827 3242 902 3324 quia
913 3243 958 3307 ibi
971 3243 1141 3308 intervenit
1155 3243 1268 3324 duplex
1285 3250 1478 3314 contractus,

204 3349 287 3393 unus
296 3329 459 3406 absolutus,
473 3347 581 3410 nempe
596 3331 633 3393 de
644 3349 733 3412 opere
746 3330 831 3412 turpi
844 3349 898 3412 pro
912 3333 1011 3413 pretio
1022 3333 1171 3414 ponendo,
1185 3337 1217 3394 et
1231 3331 1282 3394 hio
1296 3330 1410 3394 irritus
1425 3339 1477 3396 est:

205 3418 280 3480 alter
291 3418 516 3481 conditionatus
525 3419 562 3481 de
573 3420 718 3482 tradendo
732 3421 842 3502 pretio,
860 3420 887 3482 si
900 3439 976 3502 opus
991 3425 1079 3502 turpe
1091 3421 1229 3502 positum
1243 3420 1355 3496 fuerit,
1373 3429 1407 3483 et
1421 3421 1478 3484 hir.
1555 3412 1556 3420 '

205 3505 332 3586 impleta
341 3507 523 3582 conditione,
537 3507 571 3570 fit
580 3507 710 3570 validus.
723 3507 857 3582 Etenim,
869 3507 968 3590 posito
978 3527 1076 3590 opere,
1085 3513 1151 3592 jam
1160 3509 1298 3589 insurgit
1307 3515 1480 3572 contractus

204 3594 241 3654 do
256 3603 290 3656 ut
303 3595 371 3670 des,
385 3599 472 3677 eujus
486 3601 598 3658 natura
607 3596 715 3676 exigit,
729 3600 766 3657 ut
779 3614 898 3678 semper
908 3597 1027 3678 quoties
1042 3617 1125 3660 unus
1137 3598 1320 3660 contrahens
1332 3597 1480 3677 praestitit

205 3689 324 3762 partem
344 3703 448 3759 suam,
466 3689 605 3748 teneatur
628 3685 703 3748 alter
723 3703 812 3747 suam
830 3685 974 3766 implere,
990 3686 1017 3748 si
1035 3686 1117 3749 lioite
1135 3685 1246 3766 possit;
1264 3689 1297 3748 2⁰
1315 3685 1392 3766 quia
1414 3686 1481 3748 licet-
1554 3705 1555 3750 ι

206 3771 283 3834 actio
297 3772 406 3852 turpis,
421 3780 573 3854 quatenus
586 3773 708 3848 illicita,
726 3773 810 3837 nullo
821 3775 918 3855 pretio
932 3774 1026 3854 digna
1038 3775 1096 3845 sit,
1110 3774 1246 3856 pretium
1260 3777 1384 3847 tamen,
1402 3793 1479 3856 qua-
1554 3777 1555 3784 ³

206 3866 295 3923 tenus
310 3861 474 3936 laboriosa,
492 3861 709 3942 ignominiosa,
726 3861 891 3942 periculosa
905 3863 1024 3944 agenti,
1039 3864 1087 3927 rel
1101 3861 1186 3926 utilis
1196 3861 1301 3937 alteri,
1319 3861 1428 3925 habet.
1443 3897 1481 3908 -—

206 3945 240 4008 S.
254 3950 337 4030 sip,
353 3959 387 4010 nt
395 3949 602 4033 probabilius,
616 3970 647 4010 n.
664 3955 733 4014 lli.
748 3985 786 3996 -
798 3951 942 4014 Latroin.
952 3987 992 3998 -
1006 3951 1104 4034 Lupo.
1116 3987 1155 3998 -
1169 3949 1296 4014 Lessias.

246 4036 296 4098 1Ιο
319 4038 480 4101 Sententia
493 4049 600 4120 nepot,
620 4039 695 4118 quia
708 4043 881 4103 contractus
901 4039 1059 4104 invalidus
1076 4047 1149 4104 ante
1162 4040 1261 4121 operis
1276 4039 1481 4121 positionem.

206 4143 258 4204 per
271 4125 351 4188 hano
364 4126 494 4190 validari
510 4126 629 4208 nequit.
646 4126 724 4189 Hine
741 4127 845 4208 regula
860 4127 944 4190 luris
966 4133 1025 4192 ts:
1042 4128 1110 4190 Non
1124 4131 1269 4212 firmatur
1288 4139 1390 4191 tracta
1412 4141 1483 4192 tem·

203 4218 306 4294 poris,
329 4215 408 4297 quod
429 4216 465 4278 de
482 4218 557 4298 jure
575 4215 614 4276 ab
632 4216 722 4278 initio
742 4235 800 4278 non
819 4215 965 4278 subsistit.
984 4220 1101 4298 Ergo...
1118 4253 1161 4266 —
1177 4218 1229 4281 Ita
1244 4217 1429 4300 Roneapiia.
1446 4253 1484 4262 -

208 4301 387 4365 Comitatus.
399 4339 440 4350 -
456 4305 613 4381 Carriirc,
629 4325 660 4366 n.
672 4309 742 4369 337.

248 4393 348 4464 Quian.
369 4397 401 4455 7ο
417 4393 456 4455 Si
471 4398 520 4455 uir
536 4393 654 4476 aliquid
670 4393 793 4457 mulieri
806 4394 849 4456 ad
866 4413 932 4458 eam
945 4393 1142 4459 seducendam
1156 4395 1333 4474 donaverit,
1350 4416 1391 4458 on
1410 4395 1482 4465 illa,

209 4473 351 4558 deotpato
362 4499 514 4558 consensu,
533 4502 593 4544 rem
611 4484 742 4546 renuere
754 4483 870 4566 possiti
