3216 5020
28 429 30 494 t

519 181 561 224 un
581 180 781 226 rnnoerrrs
802 179 981 229 onustoor
1315 169 1382 228 etr

110 295 137 356 ei
158 291 340 355 inserviant.
364 289 497 371 Spiritus
519 289 615 370 igitur
639 289 817 370 hujusmodi
842 290 961 354 dioendi
990 299 1065 354 sunt
1093 291 1220 371 spiritus
1247 293 1336 367 mali,
1364 313 1383 356 a

29 395 30 398 ’
109 386 168 445 Deo
194 381 229 442 in
255 387 407 443 aeternum
429 378 597 454 maledieti,
626 378 681 461 qui
708 378 824 459 jugiter
851 379 1031 443 bominibus
1059 380 1259 443 insidientur,
1291 384 1382 444 Porro

110 489 213 533 nonne
232 469 419 531 horrendum
436 475 497 541 est,
515 467 573 529 tale
592 467 779 529 consortium
798 485 869 530 oum
886 468 1058 531 immundis
1074 468 1234 549 spiritibus
1252 471 1379 546 habere,

28 623 29 632 ,
109 578 158 622 eos
178 559 319 620 invocare
340 556 494 638 preoibuS,
517 563 548 618 et
568 555 611 617 sio
629 555 704 637 ipsis
725 574 834 618 verum
855 558 975 620 cultum
996 558 1159 620 eubihero?
1171 559 1276 620 Nonne
1297 559 1382 622 istud

109 653 154 710 est
172 646 373 710 divinationis
392 644 523 719 crimen,
547 645 666 726 quoda
687 648 745 706 Deo
766 651 916 726 tanquam
938 645 1046 727 ingens
1067 645 1256 709 abominatio
1280 648 1381 728 prohi-

28 735 29 744 ’
109 736 213 798 bitum
223 735 303 797 brit?

149 829 221 888 2¹15.
236 860 278 870 -
291 825 418 904 Insuper
430 828 507 903 quot
524 822 623 884 animi
642 829 786 898 terrores,
800 830 876 905 quot
894 824 1094 887 detractiones
1115 830 1146 886 et
1167 824 1328 890 oalumniae
1346 826 1383 888 de

31 917 33 922 '
112 913 260 994 proximo,
269 919 345 994 quot
359 910 550 973 familiarum
564 911 767 974 dissensiones
779 919 810 974 et
822 912 991 993 opprobria,
1003 919 1078 994 quot
1092 931 1206 975 errores
1221 918 1251 975 et
1264 921 1381 993 aposta-

112 1002 161 1064 siae
176 1020 278 1064 evera
292 1000 376 1075 Fide,
392 1005 467 1081 quot
479 1004 600 1062 aeternae
612 999 721 1061 salutis
735 999 866 1079 pericula
881 1019 919 1062 ex
929 1001 986 1062 hae
1000 1000 1096 1082 impia
1109 1007 1140 1063 et
1150 997 1294 1082 pestilera
1303 1001 1381 1064 divi·

112 1089 232 1154 natione
247 1095 352 1152 exorta
364 1091 453 1150 sunt!
467 1088 640 1150 Fatendum
652 1094 757 1149 tamen
771 1093 828 1163 est,
845 1107 907 1153 non
919 1089 1025 1152 omnia
1038 1108 1172 1170 prorsus,
1188 1109 1255 1170 quae
1267 1091 1381 1153 tabulis

113 1178 304 1252 tribuuntur,
320 1196 384 1240 esse
397 1195 477 1238 vera.
495 1175 668 1256 Aliquando
686 1175 809 1256 irrepsit
825 1177 963 1240 humana
980 1176 1063 1240 lraus
1079 1179 1118 1240 ad
1132 1178 1285 1258 simplioes
1303 1179 1382 1241 deoi-

113 1267 245 1348 piendos.
255 1269 314 1330 Ast
324 1266 359 1328 in
372 1271 458 1328 tanto
470 1264 649 1346 hujusmodi
663 1271 874 1345 portentorrun
887 1284 1016 1328 numero
1028 1266 1163 1346 plurime
1175 1273 1249 1328 sunt
1259 1285 1382 1347 prorsus

112 1356 253 1431 indubia,
270 1355 382 1436 quippe
396 1371 463 1435 quae
477 1372 495 1416 a
510 1352 640 1415 testibus
660 1353 883 1432 probatissimis
899 1361 930 1416 et
949 1355 1034 1416 omni
1051 1355 1109 1416 lide
1128 1355 1230 1434 dignis
1247 1374 1382 1436 compro·

114 1444 182 1506 bata
192 1444 328 1508 luerunt.
343 1444 427 1506 Lioet
441 1461 511 1504 vero
523 1441 686 1522 aliquando
699 1441 822 1504 affuerit
833 1441 928 1518 fraus,
937 1443 1002 1505 haeo
1014 1450 1129 1517 tamen,
1139 1443 1194 1506 ubi
1206 1463 1253 1506 res
1266 1451 1302 1507 ut
1312 1463 1382 1506 vera

114 1532 223 1613 agitur,
240 1533 416 1595 nullatenus
430 1551 448 1593 a
461 1529 590 1593 erimine
601 1537 737 1592 excusat.

151 1624 253 1702 Neque
265 1621 310 1684 las
327 1628 373 1684 est
390 1619 508 1682 tabulas
521 1616 634 1680 aliasve
648 1637 696 1681 res
710 1620 888 1701 hujusmodi
902 1621 1087 1701 interrogare
1105 1619 1307 1700 experimenti
1327 1627 1381 1682 aot

112 1709 166 1791 joci
183 1710 290 1791 gratia.
305 1714 407 1790 Neque
421 1708 506 1770 enim
519 1707 588 1769 lioet
607 1706 642 1768 in
660 1726 692 1769 re
711 1707 867 1770 evidenter
885 1709 966 1791 mala
984 1709 1229 1790 experimentum
1246 1713 1380 1782 tentare,

116 1819 164 1862 neo
176 1802 213 1863 de
228 1818 264 1862 aa
276 1797 414 1861 reoreari.
431 1800 470 1858 Et
483 1797 544 1858 huo
559 1813 631 1857 eane
645 1802 761 1874 spectat
778 1795 855 1858 illud
871 1797 1050 1877 praeolerum
1065 1800 1095 1860 S.
1112 1796 1194 1860 Petri
1207 1797 1383 1878 Chrysalogi

114 1888 259 1951 effatum:
276 1887 336 1962 Oui
342 1886 447 1968 jocari
459 1884 588 1946 voluerit
599 1903 665 1944 oum
679 1883 814 1962 diabolo,
828 1905 888 1947 non
901 1889 1014 1968 poterit
1025 1885 1155 1968 pondere
1168 1905 1233 1946 oum
1249 1883 1379 1948 Christo.

115 2012 150 2022 —
170 1977 205 2039 V.
224 1975 332 2054 Casus,
347 1996 378 2036 n.
395 1980 465 2038 ert.

150 2070 190 2128 lle
204 2066 264 2128 hae
273 2083 306 2126 re
320 2064 389 2128 vide
400 2063 482 2125 inter
495 2068 602 2124 oetera
616 2079 691 2142 opus
707 2061 746 2122 D.
765 2060 801 2123 de
816 2062 962 2136 Miroitle,
976 2064 1026 2126 oui
1037 2062 1149 2125 titulus
1162 2083 1169 2124 :
1184 2063 1243 2124 Dos
1257 2063 1383 2144 Esprtts

115 2154 190 2217 etde
204 2156 287 2216 leurs
300 2152 536 2233 manifestatione
547 2149 719 2233 [tuidiques.

613 2350 824 2410 APPENDlX
846 2356 876 2412 ll

528 2513 566 2555 DE
590 2513 806 2556 utonutlsuo
829 2515 974 2557 tetulit

150 2671 218 2734 276.
236 2703 276 2718 -
289 2668 482 2751 Mapnettami
496 2667 638 2730 animalia
650 2668 793 2730 inventor
806 2668 982 2749 perhibetur
996 2669 1150 2732 Antonius
1165 2667 1302 2743 Mamer,
1318 2685 1380 2730 me·

116 2756 195 2820 dions
215 2763 402 2832 Germanus,
418 2756 488 2837 qui,
508 2774 602 2818 novos
623 2774 762 2837 quarens
784 2757 911 2818 ourendi
936 2758 1056 2832 modos,
1072 2756 1194 2838 putavit
1214 2775 1245 2818 se
1265 2756 1378 2818 mirum

114 2843 264 2910 invenisse
284 2846 455 2908 remedium
478 2845 635 2908 variorum
660 2845 837 2906 morborum
861 2845 895 2906 in
915 2844 1004 2906 lluxu
1024 2846 1158 2926 quodam
1179 2845 1381 2908 subtilissimo

116 2935 278 3011 generatim
290 2953 329 2998 ex
342 2934 523 2997 animalium
538 2932 713 3012 corporibus
727 2937 883 3007 manante,
897 2933 998 2994 fluxui
1011 2933 1164 3012 magnetis
1179 2932 1274 2996 simili
1288 2952 1381 3013 quem

115 3019 176 3085 ideo
186 3023 431 3103 magnetismum
444 3021 610 3085 animalem
620 3021 820 3100 nuncuparit.

149 3112 422 3176 Phaenomenorum
443 3129 511 3192 quae
532 3110 567 3172 in
588 3119 685 3185 statu,
704 3116 743 3172 ut
763 3107 867 3184 aiunt,
888 3111 1054 3191 mapnetico
1072 3110 1283 3191 producuntur
1302 3111 1380 3173 varii

115 3199 209 3263 ranas
226 3219 333 3263 causas
347 3199 555 3279 assignarunt.
570 3198 699 3274 Quidam
719 3196 802 3260 enim
821 3217 856 3260 ea
870 3197 959 3260 unioe
974 3199 1151 3262 tribuerunt
1163 3199 1314 3262 voluntati
1327 3217 1381 3261 seu

114 3284 238 3368 imperio
252 3288 498 3368 momentaneis,-
509 3287 563 3349 alii
577 3285 771 3349 lasoiuationi
786 3305 839 3348 seu
849 3287 881 3349 vi
892 3285 1062 3350 festinandi
1074 3305 1168 3368 quem
1181 3288 1381 3368 oaopnetr'zons

115 3372 387 3460 inmopnetizotum
402 3381 535 3452 exercet;
548 3375 601 3437 alii
611 3373 772 3455 spiritibus
782 3373 979 3455 quibusdam,
991 3375 1044 3458 qui
1054 3376 1149 3438 medii
1159 3375 1382 3456 quodammodo

116 3465 241 3528 veniunt
258 3465 339 3528 inter
353 3465 602 3547 magnetizontem
618 3470 649 3526 et
662 3466 917 3545 mapoetizotum;
932 3463 986 3525 alii
999 3464 1130 3545 denique
1141 3480 1269 3526 numero
1283 3464 1381 3525 multo

115 3550 209 3628 plures
223 3553 318 3618 ilarido
339 3553 439 3617 neseio
459 3552 523 3628 oui,
540 3553 621 3634 quod
636 3552 673 3614 ab
685 3552 735 3614 his
749 3553 964 3634 moyneta'oum,
981 3552 1019 3614 ab
1031 3552 1092 3614 illis
1106 3571 1259 3629 aeneum,
1274 3571 1292 3613 a
1305 3569 1381 3612 non-

115 3641 201 3704 nullis
224 3642 364 3705 blatteum
387 3661 441 3705 seu
462 3641 569 3719 vitate,
593 3659 612 3702 a
632 3640 748 3704 ceteris
772 3641 939 3703 electrieum
959 3641 1144 3722 appellatum
1165 3647 1222 3702 est.
1244 3639 1383 3719 Fiogunt

116 3735 213 3792 eutem
228 3729 440 3812 huJuseemodi
458 3729 592 3792 liuidum
611 3747 712 3792 meare
731 3748 747 3791 e
766 3747 886 3809 corpore
906 3730 1132 3811 mpnetizaatr's
1147 3728 1179 3790 in
1192 3747 1299 3808 eorpus
1313 3747 1382 3788 mo-

116 3819 255 3893 pnetizoti
269 3819 493 3900 operariorum
510 3825 655 3898 gestuum
669 3825 701 3880 et
714 3817 964 3880 attrectationum
976 3818 1101 3880 alterius
1115 3817 1149 3878 in
1163 3817 1304 3890 alterum,
1318 3815 1382 3878 imo

116 3910 182 3968 aotu
201 3907 297 3972 solius
319 3907 503 3990 praesentiat,
524 3907 573 3969 vel
593 3906 687 3969 solius
707 3905 874 3968 voluntatis
893 3906 1027 3986 egentis;
1050 3925 1105 3969 neo
1124 3923 1207 3980 raro,
1225 3911 1261 3966 ut
1274 3904 1379 3978 aiunt,

116 3992 210 4068 prima
221 3997 285 4059 vioe
297 3995 483 4082 prasertim„
493 4014 635 4078 expressa
648 3994 793 4075 patientis
806 3995 949 4058 voluutas
963 3994 1142 4077 requiritur.

60 4098 63 4106 ’
152 4084 274 4165 Triplex
292 4085 460 4166 praeoipuus
482 4082 680 4164 magnetismi
699 4082 824 4146 effeetus
839 4102 893 4146 seu
907 4085 1019 4163 gradem
1038 4080 1220 4143 exhibetur:
1236 4088 1267 4144 1⁰
1283 4087 1382 4144 status

117 4173 222 4251 senei,
238 4192 299 4254 quo
315 4191 422 4236 sensus
440 4172 563 4252 penitus
578 4171 808 4252 consopiantur,
826 4171 872 4234 ita
890 4179 928 4234 ut
946 4189 1023 4251 saepe
1041 4187 1096 4232 neo
1114 4169 1270 4233 maximus
1283 4171 1383 4250 fragor

119 4257 154 4318 ad
164 4260 343 4325 dormientis
355 4279 455 4334 auree,
466 4277 520 4322 neo
530 4259 602 4322 ferri
617 4259 735 4340 ignisne
746 4260 808 4323 ulla
819 4258 1012 4322 vehementia
1024 4257 1154 4320 excitare
1164 4257 1252 4320 illum
1262 4259 1383 4322 valeant

120 4342 202 4428 (int,
214 4371 245 4413 a.
261 4351 353 4433 280);
367 4354 400 4413 2⁰
415 4353 514 4410 status
528 4347 794 4424 somnomtulismi‚
811 4349 845 4410 in
859 4366 919 4430 quo
931 4346 1011 4427 quis,
1026 4364 1085 4408 usu
1100 4365 1246 4410 sensuum
1258 4347 1383 4410 omnino

121 4430 297 4515 destitutus,
314 4437 397 4502 videt
418 4443 536 4512 tamen,
557 4436 657 4512 audit,
677 4436 824 4518 loquitur,
845 4442 876 4498 et
894 4435 1055 4515 respondet
1073 4436 1111 4497 ad
1132 4435 1236 4499 omnia
1256 4455 1324 4518 quae
1345 4435 1383 4498 ab
