3202 5020
555 195 598 239 lta:
622 195 775 239 Aculeus
802 195 963 240 nuunbls

245 350 454 416 Resolves.

164 503 215 562 ac.
232 533 272 542 -
286 501 318 559 10
335 495 445 559 Omnis
464 492 566 557 electio
582 493 657 555 mali
676 493 770 556 medii
784 498 830 555 est
848 493 945 567 mala,
963 493 1090 555 sednon
1105 511 1277 556 econverso
1291 495 1393 558 omnis

123 585 230 651 electio
244 585 317 648 boni
331 583 426 647 medii
437 591 484 646 est
497 583 586 645 bona.
602 582 649 644 Sic
661 599 751 644 nemo
764 583 907 644 laudatur
920 601 958 644 ex
971 601 1020 657 eo,
1035 583 1116 661 quod
1127 582 1308 644 abstinente
1319 590 1394 664 potu

123 696 162 740 ex
178 674 312 738 avaritia
325 693 332 736 ε
347 691 419 735 reus
432 677 537 735 autem
551 670 709 733 habendus
724 677 784 746 est,
800 670 854 751 qui
869 669 989 732 fimatur
1004 670 1165 750 pecuniam
1180 671 1218 732 ad
1230 672 1393 752 eleemosy-

122 781 200 828 nam
215 762 395 825 taciendam.
624 801 625 806 .

165 857 200 916 2⁰
214 851 273 928 Qui
285 850 370 931 eligit
385 850 523 913 medium
532 849 698 911 honestum
709 849 747 911 ad
760 849 853 910 finem
864 849 1042 922 honestum,
1054 848 1142 929 ponit
1151 855 1255 912 actum
1267 849 1397 930 duplicis

125 940 313 1014 honestatiS,
330 939 356 1001 si
371 945 501 1018 utraque
514 937 657 1000 honestas
673 937 713 999 sit
725 937 855 999 intenta.
872 940 949 999 Item
963 937 1093 1018 duplicis
1111 937 1237 1000 malitia
1251 957 1321 1000 reus
1335 943 1395 1014 est,

129 1029 182 1112 qui
194 1027 281 1108 eligit
294 1026 433 1091 medium
447 1026 564 1089 malum
576 1026 614 1087 ad
626 1025 717 1088 finem
733 1027 866 1100 malum,
880 1029 955 1106 puta
968 1025 993 1087 si
1008 1027 1078 1106 quis
1090 1026 1252 1106 pecuniam
1264 1027 1396 1103 furetur,

129 1125 166 1182 ut
178 1137 212 1180 se
225 1115 367 1180 inebriet.

169 1212 203 1270 3⁰
227 1205 285 1281 Qui
309 1204 433 1267 adhibet
455 1203 593 1267 medium
620 1204 738 1266 malum
761 1203 800 1265 ad
825 1202 921 1266 finem
942 1202 1073 1278 bonurn,
1099 1203 1252 1266 contrabit
1276 1209 1399 1267 tantum

128 1295 285 1359 malitiam
306 1293 416 1367 medii,
436 1312 467 1355 v.
487 1311 544 1372 gn,
562 1293 589 1354 si
608 1291 678 1373 quis
698 1291 868 1352 mentiatur
887 1292 925 1353 ad
942 1291 1119 1370 proximum
1137 1311 1153 1356 e
1171 1293 1303 1372 periculo
1325 1292 1400 1357 fibe-

131 1384 275 1446 randum.
292 1385 369 1444 Item
383 1381 448 1444 vice
464 1399 549 1443 versa
563 1381 617 1461 qui
631 1379 757 1442 adhibet
769 1379 908 1442 medium
921 1381 1085 1442 honestum
1099 1381 1138 1442 ad
1152 1381 1245 1444 finem
1264 1382 1398 1459 malum,

132 1471 287 1536 contrahit
299 1474 424 1533 tantum
435 1469 587 1533 malitiam
602 1468 684 1532 finis.

170 1565 205 1624 10
225 1559 283 1636 Qui
301 1559 427 1622 adhibet
445 1557 584 1620 medium
605 1557 782 1620 indifferens
803 1558 842 1619 ad
863 1557 957 1619 finem
977 1557 1096 1640 bonum
1114 1557 1162 1619 vel
1180 1558 1313 1631 melum,
1332 1579 1402 1624 con-

133 1648 230 1713 trabit
242 1652 367 1712 tantum
380 1647 548 1710 bonitatem
563 1647 610 1710 vel
624 1646 776 1708 malitiam
793 1645 874 1708 finis.
892 1645 954 1720 Sic,
973 1665 1003 1706 v.
1020 1664 1078 1725 gn,
1093 1645 1119 1707 si
1135 1645 1194 1708 iter
1208 1648 1352 1728 arripiaS,
1369 1655 1405 1711 ut

133 1738 293 1820 peregrino
314 1736 399 1798 viam
419 1736 550 1810 indices,
570 1734 665 1798 habes
683 1739 808 1797 tantum
829 1734 977 1796 meritum
995 1734 1081 1810 finis;
1102 1735 1178 1796 item
1200 1736 1226 1797 si
1243 1753 1347 1810 canaS,
1368 1745 1404 1800 ut

133 1827 221 1890 alteri
237 1823 411 1888 molestiam
430 1824 535 1900 lacios,
550 1823 644 1886 hebes
663 1829 787 1885 tanturn
807 1823 877 1885 finis
897 1829 1027 1886 reatrun.
1044 1825 1079 1884 ln
1098 1823 1281 1886 confessione
1299 1832 1404 1888 autern

135 1934 255 1978 necesse
268 1933 330 1977 non
346 1920 392 1975 est
406 1912 672 1976 circumstantiam
689 1911 863 1975 mediorum
881 1911 1060 1992 hujusmodi
1077 1911 1241 1990 declarare,
1258 1919 1295 1976 ut
1310 1919 1402 1994 patet.

134 2039 174 2050 —
195 2003 270 2066 Vide
285 2013 384 2065 tomen
397 2001 525 2064 dicendo
538 2022 569 2062 11.
587 2005 657 2064 lut.

258 2181 453 2258 Quaesitae.

178 2341 231 2399 30.
253 2371 293 2379 —
310 2337 407 2409 Qunu.
432 2340 465 2398 10
488 2335 540 2396 An
560 2333 633 2416 finis
656 2331 784 2416 quilibet
805 2331 901 2394 malus
927 2343 1020 2396 totam
1041 2343 1124 2394 octus
1147 2334 1316 2398 bonitatem
1338 2355 1407 2397 cor·

133 2422 283 2505 rumpat?

179 2513 271 2596 Hesp.
289 2519 338 2575 1οε
354 2513 440 2576 Finis
455 2512 588 2592 graviter
603 2512 703 2574 malus
718 2529 837 2592 semper
851 2514 953 2573 actum
967 2512 1095 2574 omnino
1110 2512 1221 2586 inficit,
1239 2520 1406 2593 quantum-

136 2605 184 2666 =cis
204 2603 322 2665 bonrmr
341 2601 382 2663 sit
400 2601 552 2683 objectum
570 2601 604 2664 in
624 2619 666 2662 se.
686 2601 779 2661 Actus
798 2599 882 2662 enim
900 2600 950 2662 ille
969 2601 1052 2662 nulla
1071 2619 1107 2662 ex
1123 2607 1208 2681 parte
1226 2601 1325 2664 bonus
1344 2621 1407 2665 esse

137 2694 249 2774 polest,
265 2691 419 2770 siquidem
432 2707 524 2769 agens
538 2689 686 2769 peccando
702 2688 869 2750 mortaliter
882 2707 900 2751 a
914 2691 972 2750 Deo
987 2689 1120 2751 totaliter
1132 2689 1252 2752 recedit.

180 2781 268 2862 Resp.
284 2783 318 2842 2⁰
336 2798 343 2839 :
359 2778 444 2843 Finis
457 2777 563 2840 leviter
579 2777 679 2840 malus
692 2777 785 2838 etiarn
803 2782 904 2838 totum
919 2783 1022 2838 actum
1041 2778 1223 2858 corrumpit,
1241 2779 1267 2840 si
1282 2779 1323 2841 sit
1337 2779 1408 2842 finis

140 2869 256 2948 totalis,
271 2869 320 2930 vel
332 2866 440 2929 saltem
448 2867 620 2948 primarios
633 2864 760 2944 egentis.
778 2863 902 2926 Etenim
916 2865 943 2926 si
957 2865 997 2926 sit
1011 2865 1129 2944 totalis,
1144 2871 1244 2928 toturn
1257 2868 1408 2948 objectum

138 2956 358 3038 complectitur,
379 2959 408 3016 et
430 2954 555 3036 proinde
576 2959 676 3016 totum
697 2953 808 3028 inficit,
837 2951 910 3034 quia
931 2973 1022 3036 opens
1041 2955 1118 3018 niolo
1136 2955 1198 3036 fine
1216 2957 1281 3016 cult
1302 2956 1409 3019 bonum

138 3047 192 3108 sue
205 3045 327 3108 ratione
344 3043 433 3120 moli,
451 3051 479 3105 et
493 3043 574 3122 idco,
588 3052 682 3125 prout
702 3041 828 3104 volitum
842 3051 886 3103 est
897 3041 935 3103 cd
950 3061 998 3119 eo,
1014 3043 1126 3105 malum
1144 3054 1198 3105 est.
1214 3047 1243 3107 S.
1259 3046 1407 3122 Theman,

141 3141 171 3199 1.
186 3139 230 3210 2,
247 3153 278 3216 q.
296 3137 349 3208 19,
371 3141 430 3194 ort.
452 3137 482 3194 ’1.
498 3168 538 3177 -
555 3135 682 3195 Constat
698 3131 793 3193 etiam
815 3149 851 3192 ex
868 3131 969 3194 verbis
989 3131 1119 3206 Christi,
1141 3133 1252 3196 Mutat.
1276 3154 1323 3208 11,
1344 3139 1383 3198 23
1401 3154 1408 3196 ι

139 3223 179 3286 Si
196 3223 298 3286 oculus
320 3232 388 3283 tous
408 3220 505 3302 fuerit
524 3241 664 3302 aequom,
688 3230 781 3281 totum
802 3237 910 3301 corpus
932 3229 1015 3281 tuum
1034 3221 1219 3284 tenebrosum
1241 3223 1310 3284 erit.
1334 3222 1412 3284 Hiuc

140 3313 221 3375 dona
234 3311 326 3385 Gaio,
346 3310 415 3372 ficet
431 3309 464 3372 in
484 3328 514 3372 se
533 3309 627 3384 bona,
648 3313 706 3371 Deo
726 3308 947 3388 displicuerunt
968 3313 1071 3389 utpote
1091 3329 1109 3372 a
1129 3311 1209 3373 malo
1228 3311 1287 3372 fine
1306 3328 1410 3390 prove-

141 3399 272 3463 nieutia.

183 3489 214 3551 Si
229 3506 301 3550 vero
315 3488 427 3568 duplex
444 3487 596 3549 habeatur
610 3484 696 3561 linia,
717 3489 747 3546 et
766 3485 866 3546 malus
886 3485 928 3547 sit
945 3485 1126 3564 primarius,
1143 3489 1248 3551 eodem
1262 3487 1352 3548 modo
1366 3493 1413 3550 est

141 3576 373 3650 resolvendum,
387 3576 460 3655 quia
472 3581 558 3636 actus
570 3574 620 3636 illc
634 3575 733 3636 adhuc
744 3573 868 3652 eligitur
879 3577 914 3634 ut
927 3574 967 3635 sit
978 3574 1222 3640 instrumentum
1231 3577 1270 3638 ad
1282 3575 1411 3650 malum,

139 3673 175 3728 ot
187 3665 314 3746 pminde
328 3663 571 3726 substantialiter
585 3662 725 3725 vitiatur.

186 3755 278 3836 desp.
292 3759 325 3816 30
341 3773 347 3814 :
364 3752 395 3814 Si
410 3758 514 3814 autem
528 3751 599 3813 finis
613 3750 719 3814 leviter
735 3750 835 3813 malus
853 3752 894 3814 sit
909 3769 991 3815 rnere
1003 3753 1208 3826 secundarius,
1224 3751 1415 3834 probabilius

141 3839 207 3905 riou
221 3840 392 3922 corrumpit
409 3847 512 3903 totum
526 3846 644 3915 actum,
662 3839 716 3920 qui
735 3845 781 3901 est
798 3839 912 3920 partim
930 3839 1045 3916 bonuS,
1064 3842 1176 3922 partim
1196 3841 1307 3903 malus.
1326 3839 1416 3905 Ratio

141 3937 205 4005 est,
223 3929 297 4011 quia
310 3935 396 3992 actus
415 3929 465 3992 ille
479 3929 648 3992 bonitatem
665 3946 754 3990 suam
772 3947 810 3990 ex
828 3928 940 4010 objecto
959 3931 1090 3992 retinet:
1107 3929 1177 3991 finis
1194 3933 1297 3990 autem
1314 3929 1415 3992 malus

142 4037 176 4081 se
194 4018 287 4081 habet
301 4023 422 4081 tantum
435 4025 682 4090 concomitonler,
701 4035 755 4079 nec
771 4018 803 4079 in
818 4017 918 4098 ipsam
932 4018 1059 4082 actionis
1074 4017 1279 4080 substantiam
1298 4019 1413 4082 inlluit.

144 4107 178 4170 Si
200 4125 285 4170 secus
308 4112 400 4183 esset,
423 4106 579 4188 pauciores
602 4113 689 4169 actus
711 4105 784 4168 boni
807 4107 1020 4187 reperirentur.
1041 4141 1080 4150 -
1101 4105 1240 4168 Billuor!
1279 4105 1349 4170 diss.
1370 4127 1414 4183 rv,

143 4199 307 4258 11111-
323 4196 445 4274 Gerdss,
462 4196 499 4256 dc
513 4196 582 4257 Act.
599 4195 693 4273 bum„
711 4203 740 4255 et
753 4193 813 4255 olii
824 4198 1027 4256 communitor.

153 4357 159 4366 ,
187 4290 236 4349 31.
252 4321 293 4330 -
306 4285 408 4361 Quian.
424 4289 459 4348 10
472 4287 525 4346 An
540 4303 639 4345 omncs
654 4285 798 4363 actiones,
810 4293 842 4346 ut
854 4285 935 4347 bonoe
946 4281 1104 4344 moraliter
1115 4282 1189 4360 siut,
1206 4287 1316 4348 motivo
1330 4285 1419 4349 Cori·

145 4373 219 4435 tatis
233 4375 399 4455 informari
411 4371 554 4436 debeant?

189 4463 278 4546 Recp.
294 4463 373 4545 Nep.
391 4466 486 4526 Actus
504 4461 588 4525 enim
607 4479 644 4524 ex
664 4461 779 4528 motivo
797 4461 929 4524 aliarum
947 4459 1100 4524 virtutum
1116 4461 1210 4526 eliciti
1229 4468 1303 4527 sunt
1320 4482 1374 4546 per
1388 4481 1419 4524 se

224 4577 297 4621 cour.
308 4599 336 4610 -
354 4579 415 4623 'rom
426 4578 444 4622 1.
1327 4566 1342 4615 8
