3202 5020
574 215 616 259 ou
642 215 794 261 serious
821 217 982 262 nononis
1347 207 1409 266 tor

131 324 278 405 precibus
290 325 509 400 dissuadendo,
523 324 618 390 minis
633 323 824 402 deterrendo,
839 327 905 389 vim
917 328 949 390 vi
964 328 1148 408 repellendo,
1160 335 1231 406 etc,
1247 335 1317 392 tum
1330 330 1411 393 inte·

132 413 227 476 rioris
239 411 366 476 affectus
380 413 551 490 aversione,
568 414 600 476 vi
615 413 675 476 sibi
688 414 780 478 illatae
794 415 917 478 obsistit
931 422 1085 497 quantum
1097 421 1207 496 potest.

174 507 306 566 Drmsm.
327 502 442 582 Duplex
464 502 668 582 distinguitur
690 503 851 580 violentia,
873 505 998 579 scilicet,
1014 504 1165 584 absoluta,
1187 506 1234 568 vel
1252 507 1410 570 secuudum

134 591 227 674 quid,
241 597 333 671 prout
347 591 460 654 coactio
473 591 564 653 alicui
579 591 767 667 omnimode,
785 594 832 656 rel
851 593 1045 673 aliquatenus
1064 599 1187 656 tantum
1205 594 1336 659 interius
1354 603 1410 659 aut

133 680 271 742 exterius
280 679 465 760 repugnanti
479 679 620 742 infertur.

259 833 485 913 Principia.

175 965 199 1026 l.
215 965 311 1026 Actus
330 963 424 1026 eliciti
447 983 465 1026 a
484 963 641 1026 voluntate
664 964 840 1026 nullatenus
861 964 926 1044 cogi
944 971 1087 1045 possunt,
1104 964 1177 1045 quia
1191 965 1344 1028 voluntati
1362 966 1409 1030 vis

136 1051 242 1114 inferri
256 1052 381 1132 nequit,
399 1052 568 1132 siquidem,
585 1059 621 1115 ut
635 1052 680 1114 ait
700 1055 730 1114 S.
753 1053 917 1116 Anselmus
937 1053 1078 1116 :Invitus
1097 1073 1182 1117 nemo
1199 1064 1297 1137 potest
1317 1055 1406 1132 velle,

135 1142 210 1222 quic
221 1159 308 1202 nemo
321 1151 420 1223 potest
436 1141 539 1202 nolens
555 1141 630 1204 celle
650 1141 712 1222 (De
727 1141 821 1203 libero
833 1141 978 1217 arbitrio,
997 1162 1023 1205 c.
1040 1141 1098 1222 m).
1111 1142 1193 1224 ilinc
1206 1145 1236 1205 S.
1253 1142 1407 1206 Thomas:

136 1228 255 1292 Contra
275 1229 423 1292 rationem
436 1231 532 1312 ipsius
554 1240 636 1292 cetus
655 1230 820 1292 voluntatis
833 1240 878 1293 est
897 1231 975 1311 quod
993 1234 1035 1292 sit
1050 1240 1180 1312 coactus,
1201 1230 1250 1293 oet
1262 1230 1411 1296 violentos

134 1319 181 1399 (l.
198 1323 241 1392 ἢ,
258 1337 289 1400 q.
306 1322 341 1394 6,
357 1328 416 1381 art.
432 1319 479 1400 4).

177 1409 215 1468 ll.
231 1409 327 1469 Actus
350 1407 450 1470 caeteri
468 1427 505 1470 ex
523 1407 668 1470 violentia
690 1408 830 1471 absoluta
848 1408 940 1488 positi
959 1410 1135 1472 nullatcnus
1155 1416 1229 1472 sunt
1242 1409 1411 1474 voluntarii

136 1501 191 1558 aut
202 1495 309 1572 liberi,
325 1514 381 1558 nec
393 1496 730 1577 proindepeccaminosi
742 1503 798 1560 aut
812 1497 1015 1572 demeritorii3
1027 1499 1082 1578 qui
1096 1505 1200 1560 autem
1215 1517 1251 1560 ex
1266 1499 1412 1562 violentia

14 1609 16 1624 ·
135 1583 297 1646 seeundum
311 1584 387 1666 quid
402 1590 523 1648 tantum
537 1591 706 1665 ponuntur,
724 1587 792 1666 plus
805 1585 852 1648 vel
866 1585 972 1648 minus
986 1593 1060 1649 suut
1076 1585 1164 1648 liberi
1175 1605 1230 1666 pro
1245 1587 1352 1668 majori
1363 1587 1411 1648 vel

137 1672 251 1736 minori
267 1672 427 1736 resistendi
444 1671 639 1746 difficultate,
655 1678 710 1735 aut
727 1693 781 1754 pro
802 1674 910 1755 majori
928 1675 974 1738 vel
994 1673 1107 1737 minori
1121 1673 1249 1750 affectu,
1266 1692 1326 1755 quo
1340 1675 1411 1755 quis

137 1760 200 1824 vim
211 1761 342 1844 patitur.
359 1797 399 1806 —
412 1759 447 1822 S.
463 1761 533 1844 tq.
549 1781 579 1823 n.
597 1766 701 1826 17-t8.

258 1924 469 1990 Resolves.

173 2056 226 2116 2t.
243 2089 283 2098 —
297 2058 329 2116 l⁰
351 2053 461 2116 Mulier
487 2071 556 2134 quae
581 2053 756 2116 omnimode
782 2053 898 2116 resistit
920 2054 1072 2118 violentiae
1094 2072 1163 2135 quae
1185 2053 1245 2135 ipsi
1268 2053 1408 2130 infertur,

137 2142 222 2204 nullo
235 2142 327 2204 modo
339 2146 455 2222 peccat,
471 2142 593 2204 etiamsi
614 2149 758 2223 stuprum
778 2143 931 2223 patiatur;
952 2161 1042 2206 nemo
1063 2144 1147 2205 euim
1165 2149 1267 2225 peccat
1284 2141 1411 2204 omnino

136 2229 269 2293 invitus.

178 2321 213 2380 2⁰
229 2321 353 2382 percant
365 2319 499 2400 graviter
512 2319 646 2382 toeminae
666 2319 732 2382 vim
753 2319 919 2400 patientes,
937 2319 962 2382 si
982 2318 1250 2401 pusillanimitate,
1264 2326 1319 2384 aut
1333 2337 1412 2382 vano

138 2405 270 2480 timore,
286 2426 316 2469 v,
331 2425 387 2488 gn,
401 2407 574 2470 offendendi
588 2425 807 2489 aggressorem,
829 2415 899 2484 etc,
920 2427 983 2470 non
1001 2408 1159 2484 resistant,
1176 2415 1329 2490 quantum
1343 2427 1412 2489 pos·

137 2501 230 2570 sunt,
248 2495 340 2558 etiam
360 2498 474 2560 secluso
497 2497 630 2576 periculo
649 2515 828 2573 cousensus;
849 2496 923 2576 quia
941 2497 1061 2560 etiamsi
1084 2516 1146 2560 non
1167 2496 1358 2560 consentiant
1377 2497 1412 2558 in

137 2583 311 2647 sensualem
332 2584 578 2661 delectationem,
601 2591 704 2648 tamen
728 2586 803 2648 dum
826 2585 947 2660 minus,
969 2605 1063 2667 quarn
1085 2604 1141 2668 par
1163 2593 1224 2659 est,
1247 2584 1410 2661 resistunt,

138 2672 347 2754 equivalenter
360 2673 396 2735 in
410 2671 460 2736 sui
474 2673 670 2736 violationem
685 2673 894 2748 consentiunt,
917 2680 948 2735 et
966 2673 1090 2736 crimini
1108 2673 1235 2737 alterius
1252 2692 1412 2754 cooperan-

137 2767 198 2823 tur.
212 2797 254 2808 —-
272 2763 321 2824 An
342 2780 413 2824 vero
431 2765 530 2842 peccet
548 2762 659 2824 mulier
682 2762 714 2824 vi
736 2779 891 2842 oppressa,
909 2761 935 2824 si
956 2763 994 2825 ob
1017 2768 1137 2826 motum
1157 2761 1265 2825 mortis
1283 2762 1413 2824 clamare

139 2849 277 2924 omittat,
294 2851 543 2913 controvertitur.
560 2887 600 2896 -
613 2849 813 2914 Probabiliter
824 2851 999 2930 negandum
1012 2849 1145 2924 videtur,
1160 2849 1274 2912 secluso
1289 2869 1413 2914 consen-

141 2955 192 3000 sus
204 2937 350 3018 periculo.
363 2941 427 3002 lmo
443 2939 528 3002 valdo
541 2937 748 3020 probabiliter,
764 2939 878 3000 secluso
892 2938 1035 3018 praedicto
1049 2937 1197 3019 periculo,
1214 2957 1276 3002 non
1291 2943 1413 3002 tenetur

138 3025 250 3089 mulier
264 3027 304 3089 ad
318 3027 528 3103 clamandum,
541 3032 639 3090 stante
651 3027 783 3108 periculo
794 3027 955 3107 cujuslibet
968 3025 1111 3090 notabilis
1126 3026 1247 3100 damni,
1261 3025 1413 3090 sireinla-

15 3177 16 3180 ,
138 3113 225 3188 miae,
239 3115 287 3177 rel
302 3114 408 3178 nimiae
426 3115 629 3190 verecundiae;
646 3115 761 3178 namsi
779 3115 894 3196 alioqui
908 3118 974 3196 jmn
992 3115 1113 3178 resistat
1126 3122 1280 3196 quantum
1296 3121 1411 3196 potest,

138 3220 200 3265 non
213 3209 336 3266 tenetur
349 3222 421 3267 cum
436 3210 521 3266 tauto
535 3203 728 3266 incommodo
738 3201 803 3266 iim
815 3203 966 3284 repellere.
979 3203 1028 3266 Sic
1041 3221 1180 3284 expresse
1191 3204 1227 3267 S.
1241 3204 1310 3284 Liq.
1326 3203 1346 3263 t
1359 3205 1410 3276 lll,

15 3359 16 3370 p
136 3310 169 3352 n.
186 3296 256 3356 430.
273 3293 352 3355 Cum
371 3299 473 3354 tamen
494 3291 547 3354 vix
567 3311 706 3373 unquam
727 3292 808 3354 absit
826 3309 931 3366 omno,
948 3297 978 3353 et
998 3291 1071 3354 satis
1093 3293 1270 3373 proximum
1287 3289 1413 3372 quidem

137 3397 303 3442 cousensus
312 3380 498 3461 periculum,
509 3379 543 3443 in
554 3381 641 3463 praxi
656 3381 811 3444 suadenda
821 3385 867 3442 est
873 3379 1011 3461 opposita
1022 3380 1134 3460 agendi
1149 3381 1237 3443 ratio.
1248 3377 1327 3439 -S.
1342 3377 1410 3459 Liq.

15 3447 17 3532 Ϊ
138 3467 159 3528 l.
176 3469 366 3542 Ill‚n.368.

177 3562 210 3620 3⁰
230 3557 404 3638 Aliquando
426 3575 489 3621 non
511 3557 681 3640 requiritur
705 3558 878 3621 resistentia
903 3555 1028 3620 omnino
1054 3556 1192 3620 absoluta
1216 3560 1245 3618 et
1267 3554 1414 3618 continue

136 3645 231 3710 illatae
244 3645 406 3720 coactioni,
423 3647 546 3727 quando
560 3646 673 3710 scilicet
686 3665 723 3710 ex
734 3664 799 3710 uua
811 3653 897 3728 parte
908 3643 1030 3707 inutilis
1043 3644 1133 3722 foret,
1150 3665 1187 3708 ex
1201 3644 1296 3706 altera
1308 3649 1413 3706 autem

136 3731 241 3813 agitur
264 3735 300 3797 de
323 3734 451 3798 materia
472 3733 577 3798 minus
599 3734 776 3816 periculosa.
799 3735 847 3798 Sic
864 3741 1015 3816 martyres
1034 3733 1118 3797 ducti
1135 3735 1173 3796 ad
1192 3733 1305 3813 templa
1322 3749 1413 3812 paga·

136 3839 252 3884 nomm
266 3841 328 3886 non
341 3823 518 3904 peccabant,
533 3824 675 3904 quamvis
690 3823 893 3887 ambularent.
915 3825 957 3885 At
970 3821 1004 3886 in
1021 3823 1106 3885 omni
1122 3841 1192 3885 cusu
1207 3820 1413 3884 resistendum

137 3914 186 3971 ost
199 3916 351 3990 quantum
369 3912 406 3976 ad
426 3913 625 3976 avertendum
645 3911 816 3994 periculum
838 3909 987 3988 scandali,
1011 3911 1058 3974 vel
1078 3909 1243 3989 Religionis
1264 3907 1412 3990 injuriam

136 3998 319 4078 requiritur.
