3202 5020
582 543 893 626 TRAGTATUS

407 911 409 914 ¹
465 757 568 868 uu
614 757 1014 873 rueoarrs

307 1273 469 1354 Agendum
483 1280 515 1338 1⁰
530 1275 567 1336 dc
578 1275 708 1355 peccatis
723 1275 757 1338 in
771 1295 894 1357 genere3
912 1313 951 1322 -
965 1282 998 1340 2⁰
1011 1277 1046 1342 in
1061 1279 1167 1360 specie.

556 1559 705 1647 PARS
737 1560 924 1647 PRIMA

209 1767 258 1824 DE
280 1765 456 1826 PECCATIS
474 1767 511 1826 IN
530 1768 695 1838 GENERE‚
716 1770 787 1826 SEU
808 1771 855 1827 DE
875 1771 1036 1842 NATURA,
1057 1772 1261 1830 GRAVlTATE

441 1873 488 1930 ET
507 1873 766 1932 DlSTlNCTlONE
786 1875 1035 1934 PECCATORUM

629 2109 803 2186 CAPUT
830 2111 847 2185 l

518 2313 569 2363 DE
594 2313 760 2364 NATURA
785 2314 956 2365 PECCATI

137 2510 210 2569 tta.
226 2541 265 2550 -
283 2507 449 2570 Drsmrrro.
466 2509 627 2570 Peccatum
644 2507 850 2572 communiter
868 2509 1033 2572 definitur:
1051 2509 1159 2574 Libera
1173 2512 1372 2592 transgressio

96 2594 173 2675 legis
196 2593 327 2672 ditinae,
342 2595 376 2659 id
398 2601 459 2670 est,
477 2597 641 2677 cujuslibet
657 2596 732 2678 legis
747 2597 781 2659 in
799 2597 985 2661 conscientia
1001 2598 1174 2679 obligantis.
1191 2635 1230 2645 —
1250 2600 1286 2663 S.
1300 2601 1369 2682 Lip.

96 2702 128 2743 a.
148 2687 177 2745 l.
192 2719 232 2729 -
246 2676 303 2746 Vel
317 2709 332 2740 «
349 2689 395 2748 est
409 2684 603 2748 voluntarius
617 2703 752 2748 recessus
767 2704 785 2747 a
799 2686 861 2766 lege
876 2686 970 2749 Dei».
987 2724 1027 2733 -
1040 2687 1091 2749 lta
1104 2687 1139 2749 S.
1157 2687 1259 2750 Thoan.
1275 2695 1303 2751 t.
1326 2694 1368 2764 2,

96 2791 127 2853 q.
144 2775 199 2848 72,
216 2782 278 2834 art.
296 2778 325 2836 t,
339 2809 380 2818 -
393 2773 448 2836 Vel
472 2795 487 2830 «
504 2779 550 2836 est
564 2773 699 2849 dictum,
720 2773 850 2850 iactum,
867 2775 914 2837 vel
933 2775 1131 2856 concupitum
1151 2783 1256 2840 contra
1274 2777 1371 2858 legem

95 2860 151 2924 Dei
166 2867 312 2924 aternam
327 2887 356 2922 ».
372 2897 414 2908 —-
427 2861 464 2925 S.
479 2862 561 2945 Aug.
578 2861 849 2945 eomloncare
863 2861 1020 2942 Faustam,
1038 2884 1063 2925 e.
1078 2882 1174 2927 xxvii.

135 2951 264 3012 Drvrsro.
281 2955 442 3014 Peccatum
456 2950 668 3032 multipliciter
681 2949 896 3031 distinguitur,
914 2952 1046 3015 scilicet:

136 3043 172 3100 1⁰
186 3038 331 3118 Actuale,
344 3039 393 3103 vel
405 3037 571 3110 laditacle,
589 3045 681 3121 prout
694 3045 741 3102 est
755 3039 802 3100 rel
817 3045 902 3103 actus
916 3048 972 3103 aut
988 3041 1113 3104 omissio
1127 3042 1186 3122 legi
1200 3041 1367 3120 difformis,

92 3126 144 3188 rel
158 3133 258 3190 status
271 3128 385 3209 peccati
399 3129 539 3191 nondmn
553 3128 652 3190 deleti.

136 3219 173 3278 2⁰
187 3215 329 3286 Mortale,
348 3216 396 3280 vel
410 3215 538 3296 veniale,
553 3224 646 3297 prout
659 3217 707 3280 rel
717 3216 808 3279 solu't
822 3217 992 3280 amicitiam
1001 3218 1154 3293 divinam,
1171 3221 1220 3282 sel
1233 3227 1280 3282 est
1293 3221 1368 3282 levis

93 3309 223 3366 tantum
237 3305 290 3367 Dei
305 3305 434 3380 offensa,
451 3323 520 3386 quae
535 3305 658 3368 veniam
672 3305 757 3368 facile
769 3306 880 3369 mereri
894 3305 1004 3392 potest.

134 3395 171 3456 3⁰
183 3397 345 3457 Peccatum
361 3397 590 3475 commissionis,
614 3395 662 3458 vel
681 3397 863 3472 omissionis,
879 3401 970 3475 prout
989 3395 1025 3458 tit
1038 3395 1187 3476 positione
1201 3403 1287 3459 actus
1299 3414 1367 3477 pro-

89 3479 205 3558 hibiti,
222 3487 276 3544 aut
288 3482 452 3546 omissione
463 3489 550 3546 actus
565 3481 716 3564 praecepti.

133 3573 171 3632 A⁰
194 3572 315 3634 Peccata
338 3577 442 3635 contra
468 3571 578 3651 Deum,
601 3574 793 3654 proximum,
810 3576 840 3633 ct
861 3572 1005 3654 seipsum,
1030 3580 1121 3653 prout
1144 3573 1314 3654 specialiter
1337 3579 1368 3635 et

86 3657 275 3722 immediate
298 3664 357 3723 Deo
374 3666 563 3742 repugnant,
580 3660 628 3722 vel
642 3659 774 3740 Justitiae
788 3665 819 3722 et
837 3659 957 3722 caritati
971 3661 1112 3742 proximo
1136 3661 1245 3724 debitae
1259 3663 1365 3723 adver-

86 3752 217 3821 santur,
241 3754 296 3811 aut
320 3748 479 3830 speciatim
502 3748 738 3830 temperantiam
762 3754 793 3811 et
814 3747 994 3829 passionum
1013 3751 1253 3813 moderationem
1272 3749 1366 3829 respi-

86 3835 194 3899 ciunt.

132 3929 171 3988 5⁰
192 3929 313 3989 Peccata
333 3925 476 4006 malitiae,
498 3927 546 3990 rel
567 3927 763 4010 s'pnorantioe,
779 3925 1042 4008 velanfirmitotis,
1064 3932 1156 4008 prout
1169 3926 1216 3988 vel
1228 3943 1266 3987 ex
1281 3942 1366 3987 mera

83 4012 231 4090 malitia,
253 4015 301 4078 vel
328 4033 366 4078 ex
393 4014 568 4095 ignorantia
593 4013 747 4090 rincibili,
773 4015 820 4078 rel
848 4033 886 4078 ex
916 4034 1001 4078 mera
1028 4014 1191 4094 fragilitate
1222 4013 1363 4076 commit-

82 4107 218 4165 tuntur.
638 4128 642 4134 ·

130 4193 294 4255 Peccatum
309 4192 423 4256 dicitur
437 4191 582 4274 somate,
600 4193 722 4274 quanm
732 4194 780 4256 lex
794 4193 887 4256 libere
901 4199 931 4256 et
945 4193 1074 4254 scienter
1088 4189 1231 4253 violatur.
1248 4189 1365 4253 Dicitur

78 4286 197 4343 autem
209 4281 389 4356 materiale,
405 4281 527 4363 quando
543 4281 742 4360 transgressio
756 4281 829 4361 legis
844 4288 891 4344 est
904 4298 1029 4362 prorsus
1042 4278 1261 4362 involuntaria.

126 4368 214 4433 Nihil
228 4368 365 4433 dicemus
378 4370 416 4433 de
429 4375 548 4450 peccato
564 4367 719 4449 originali,
736 4373 823 4451 cujus
843 4369 983 4432 tractatio
1001 4368 1039 4430 ad
1059 4365 1241 4446 theologiam
1257 4385 1361 4448 specu-

73 4458 218 4522 lativam
233 4459 379 4541 pertinet.

122 4546 175 4611 Ad
189 4553 350 4629 peccatum
366 4546 507 4624 formale,
522 4553 633 4628 preter
648 4545 799 4609 malitiam
814 4543 994 4628 objectivam
1008 4549 1109 4621 actus,
1128 4543 1296 4628 requiritur
1310 4543 1363 4606 ad-
