3136 5034
556 275 598 319 DE
618 272 890 322 cantatoribus

510 452 722 498 estiomenus
743 453 926 500 DEPONBNTIS

140 594 283 672 Deponens
298 593 420 651 tenetur
432 585 545 650 solvere
557 605 702 668 eupensas
716 606 793 668 quas
807 588 1009 669 depositarius
1021 591 1118 655 subiit
1131 592 1165 656 in
1178 612 1211 656 re
1222 594 1358 676 deposita

105 679 254 754 servanda,
270 677 421 758 illumque
434 676 613 739 indemnem
624 676 748 739 reddare
760 695 812 756 pro
824 677 969 742 omnibus
982 697 1053 760 quae
1063 681 1214 745 occasione
1230 682 1358 764 depositi

104 785 199 849 passus
213 765 313 830 brerit.
330 763 395 840 Sic,
412 784 441 826 v.
459 782 517 845 gn,
538 763 565 826 si
578 763 752 845 deposueris
769 763 804 826 in
822 765 947 829 alterius
965 767 1084 832 stabulo
1100 788 1229 851 equum,
1244 772 1357 836 solvere

103 856 184 919 debes
196 853 374 919 nutritionis
394 871 556 933 expensas;
577 858 607 914 et
629 851 656 915 si
676 871 774 933 equus
795 853 845 916 ille
864 854 971 918 morbo
989 856 1160 937 contagioso
1176 859 1306 936 laboret,
1321 881 1359 925 ex

101 963 157 1025 quo
172 943 237 1025 equi
252 940 427 1022 depositarii
445 939 635 1016 inficiantur,
650 940 734 1004 huno
752 940 930 1004 indemnem
949 944 1071 1008 reddere
1083 946 1184 1010 debes.
1197 947 1276 1011 Hinc
1290 950 1360 1012 effa·
1381 1011 1383 1015 ,

103 1041 190 1096 tum:
213 1030 353 1114 Officium
372 1050 457 1092 auum
479 1029 592 1094 nemini
612 1029 701 1093 debet
719 1029 1034 1093 cacodaemonum·
1057 1033 1092 1096 V.
1117 1034 1230 1116 Coeus,
1248 1057 1280 1098 n.
1300 1042 1360 1104 875
1404 1087 1410 1098 .

99 1131 190 1204 etseq.

571 1233 616 1302 11.
641 1233 689 1300 De
706 1241 886 1322 sequestro.

138 1399 204 1460 845.
226 1431 267 1440 -
285 1394 475 1478 Sequertram
494 1400 540 1458 est
558 1393 687 1476 depositi
708 1395 835 1476 species,
853 1412 914 1477 quo
932 1413 979 1458 res
998 1402 1189 1460 controversa
1202 1399 1365 1480 deponitur

100 1487 178 1566 apud
193 1483 336 1559 tertium,
353 1489 389 1547 ut
402 1490 472 1565 post
486 1483 672 1547 sententiam
680 1483 794 1564 judicis
806 1484 854 1547 vel
867 1483 976 1546 arbitri
989 1483 1123 1548 vincenti
1137 1487 1286 1550 tradatur.

137 1575 250 1654 Duplex
264 1572 468 1652 distinguitur
478 1578 692 1654 sequestrum:
709 1572 945 1651 eoncentrbnule,
964 1573 1046 1654 quod
1064 1572 1100 1637 fit
1118 1579 1226 1636 mutua
1244 1580 1365 1640 conten

96 1662 234 1726 dentium
246 1661 458 1737 conventione;
474 1660 725 1742 etjodieiariam,
739 1662 821 1740 quod
835 1661 987 1724 sententia
996 1661 1111 1742 judicis
1126 1662 1311 1726 decernitur.
1325 1666 1366 1728 lle

99 1757 226 1833 utroque
240 1750 314 1813 satis
325 1749 385 1812 erit
397 1749 527 1812 innuere
539 1749 698 1830 sequentia
714 1769 721 1810 :

139 1845 171 1903 l⁰
184 1837 337 1920 sequestri
351 1846 416 1901 tam
431 1836 669 1902 conventionalis
683 1854 778 1919 quam
792 1836 948 1919 judiciarii
962 1839 1114 1921 objectum
1127 1846 1303 1920 potestesse
1320 1862 1368 1905 ros

98 1927 221 1991 mobilis
232 1927 280 1989 rel
293 1925 473 1990 immobilis.

139 2021 173 2081 2⁰
187 2017 386 2097 Sequmtrum
399 2015 627 2080 conventionale
638 2021 811 2098 potestesse
823 2032 885 2079 non
899 2016 1086 2096 gratuitum,
1098 2021 1128 2080 et
1138 2024 1214 2082 tunc
1224 2021 1260 2083 tit
1273 2039 1369 2102 operae

97 2103 274 2180 conductio,
291 2103 444 2185 istiusque
461 2110 634 2168 contractus
653 2104 770 2185 legibus
792 2104 964 2185 subjicitur.
982 2105 1014 2168 Si
1031 2124 1102 2169 vero
1123 2108 1295 2187 grataritum
1313 2108 1367 2181 sit,

96 2193 210 2257 iisdem
226 2192 340 2272 regulis
354 2192 503 2274 subjacet,
519 2211 554 2255 ac
565 2193 748 2274 depositum.
761 2197 827 2256 Non
838 2191 1016 2256 dissolvitur
1029 2199 1148 2272 tamen,
1164 2196 1226 2259 nisi
1241 2204 1371 2259 mutuus

94 2282 235 2364 partium
249 2298 413 2344 consensus
427 2283 475 2344 vel
488 2281 591 2362 legalis
605 2299 697 2344 eausa
708 2281 915 2363 superveniat.

137 2376 171 2435 3⁰
185 2372 221 2432 ln
235 2371 391 2450 'sequestro
401 2368 565 2451 judiciario
579 2376 681 2433 custos
695 2387 802 2432 curam
817 2370 890 2432 boni
908 2371 1136 2451 patrisfamilias
1152 2392 1253 2455 gerere
1267 2375 1370 2452 debet;

92 2457 295 2522 committens
310 2476 381 2521 vero
395 2459 539 2522 custodie
551 2459 720 2521 mercedem
731 2459 800 2539 jure
810 2462 959 2522 statutam
968 2460 1149 2542 depositorio
1161 2460 1276 2527 solvere
1288 2467 1373 2528 tene-

95 2555 158 2611 tur.
178 2545 228 2611 Sic
239 2548 276 2609 de
289 2549 362 2610 Jure
375 2545 509 2610 naturali
523 2551 554 2610 et
564 2545 706 2628 positivo.

612 2757 791 2834 CAPUT
823 2757 857 2832 V

296 2967 348 3018 DE
378 2966 572 3017 manento
602 2967 651 3016 ET
676 2966 947 3019 NEGOTIORUM
978 2970 1181 3023 GESTlONE

594 3122 620 3190 l.
642 3123 689 3190 De
706 3123 884 3190 modulo.

135 3299 214 3362 846.
229 3329 268 3340 -
280 3292 457 3356 Mandatum
471 3300 517 3357 est
533 3295 704 3356 contractus
718 3311 779 3374 quo
797 3293 954 3374 negotium
974 3293 1112 3376 aliquod,
1134 3316 1164 3360 v.
1185 3316 1243 3377 gn,
1261 3298 1377 3379 aliquid

89 3383 240 3460 emendi,
256 3381 421 3458 vendendi,
433 3386 490 3446 etc.
504 3381 544 3444 ab
558 3399 620 3444 uno
632 3380 720 3445 alteri
734 3381 950 3458 committitur,
966 3388 997 3446 et
1008 3383 1046 3446 ab
1060 3385 1166 3447 eodem
1177 3387 1270 3448 altero
1284 3386 1378 3449 susci-

87 3476 185 3558 pitur
201 3471 336 3554 gratuito
350 3472 526 3552 gerendum.
541 3469 626 3546 Diri,
642 3473 799 3552 proterite·
815 3489 889 3534 nam
901 3471 928 3533 si
939 3472 978 3535 ob
993 3471 1145 3536 sancitrun
1158 3473 1293 3555 pretium
1310 3494 1376 3538 sus-

87 3564 245 3645 cipiatur,
260 3559 362 3642 potius
376 3577 473 3640 operae
489 3558 595 3624 locatio
609 3564 816 3640 nuncupatur.

535 3763 748 3809 ontionrtoxus
770 3764 944 3810 menbris

137 3929 176 3985 1⁰
194 3917 367 4000 Adimplere
382 3917 471 3980 debet
484 3935 590 3980 omnes
607 3915 807 3996 obligationes
823 3917 1048 3981 emendatorio
1062 3925 1232 3983 contractas
1247 3926 1278 3982 et
1292 3936 1379 3982 man-

85 4015 176 4076 dato
192 4013 423 4082 consentaneam
442 4025 505 4070 non
516 4013 621 4070 autem
635 4005 668 4066 id
682 4005 763 4086 quod
775 4005 858 4068 ultra
871 4007 1055 4070 mandatum
1068 4007 1238 4070 confectum
1249 4014 1307 4083 est,
1318 4008 1381 4072 nisi

86 4113 246 4180 expresse
258 4096 305 4158 vel
320 4094 408 4158 tacite
423 4100 527 4158 ratum
540 4093 694 4157 habuerit.

136 4190 178 4249 2⁰
191 4186 236 4245 Ea
248 4187 390 4264 prestare
404 4181 595 4246 mandatario
609 4181 715 4258 debet,
730 4200 800 4263 quae
819 4182 859 4244 ad
879 4181 1019 4245 mandati
1039 4183 1264 4250 exsecutionem
1283 4203 1384 4250 noces·

85 4271 189 4341 saria
198 4276 282 4346 sunt,
290 4270 379 4352 eique
387 4269 540 4351 legitimos
550 4275 704 4352 sumptus,
713 4287 790 4352 quos
801 4269 873 4333 iecit
883 4270 1038 4334 occasione
1049 4273 1200 4350 mandati,
1212 4273 1381 4350 refundere,

87 4360 232 4430 etiamsi
246 4361 363 4423 remed
376 4359 494 4423 felicem
507 4360 628 4423 exitum
642 4377 706 4424 non
718 4358 908 4440 perduxerit.

137 4457 181 4517 3⁰
202 4449 382 4514 lndemnam
402 4455 546 4529 praestare
567 4454 689 4512 tenetur
708 4447 938 4512 mandatarium
957 4449 1076 4514 ratione
1098 4451 1384 4536 damnorumque,

89 4538 236 4626 praecisa
259 4537 403 4620 culpabili
426 4537 652 4621 imprudentia,
682 4535 837 4602 occasione
861 4537 1001 4603 mandeti
1025 4557 1134 4622 passm
1160 4541 1269 4622 fuerit;
1296 4561 1387 4608 nemo

191 4657 297 4705 σω.-
313 4647 409 4704 ror.1.'
1279 4647 1311 4706 ae
