3206 5024
203 203 272 264 350
487 213 695 260 raacrnrus
715 213 758 259 na
783 213 986 259 rancnrrrs
1010 211 1187 258 nscanocr

201 325 262 390 tibi
285 325 481 390 committens
507 323 674 407 specialiter
700 323 832 388 voluisse
854 323 931 386 illud
958 321 1048 386 celari
1072 322 1183 386 merito
1205 322 1416 404 praesumitur.
1437 361 1481 373 -

201 414 238 479 S.
253 415 323 497 Lr'p.
339 435 371 476 rc.
387 418 443 479 9¹11
462 415 572 476 etalii.

242 503 327 580 nixi,
345 524 404 586 per
425 521 473 582 se,·
493 503 567 586 quia
585 503 619 565 in
642 501 745 583 praxi,
767 501 805 565 ob
823 501 1070 564 circumstantias
1087 499 1209 577 secreti,
1230 501 1374 565 revelatio
1391 501 1480 567 facile

202 592 304 674 gravis
325 593 446 668 evadet,
463 591 585 674 quando
605 591 718 654 scilicet
735 608 893 672 personas,
916 589 1029 672 quibus
1048 595 1207 671 acceptum
1226 596 1377 652 secretum
1395 610 1482 656 com-

202 681 318 756 mittis,
334 679 430 743 nimis
448 679 555 744 leviter
569 679 715 760 supponis
734 677 779 741 ita
797 679 958 752 discretas,
974 685 1012 742 ut
1029 677 1106 741 illud
1123 677 1187 742 sint
1200 684 1280 740 certo
1294 686 1479 757 servaturae,

202 769 373 851 praesertim
387 769 415 831 si
428 785 500 832 cum
511 767 694 831 mulieribus
708 773 828 848 agatur.
840 767 966 830 Etenim
978 766 1037 830 tibi
1046 767 1302 830 commissumest
1311 775 1479 845 secretum,

202 858 278 941 quia
291 858 440 921 discretus
456 856 629 938 putabaris;
647 856 674 918 si
690 875 761 920 vero
775 855 852 918 illud
866 856 977 930 violes,
993 862 1124 937 putasne
1142 855 1254 931 abum,
1273 853 1324 918 cui
1333 856 1479 934 confidis,

202 953 234 1010 te
248 947 313 1027 ipso
327 945 534 1010 discretiorem
548 945 690 1008 laturum
704 947 789 1008 esse?

244 1039 346 1113 Quna.
363 1039 396 1098 4⁰
410 1035 461 1098 An
472 1037 610 1117 praviter
619 1042 718 1117 peccet
731 1037 872 1116 aperiens
886 1041 942 1094 aut
955 1031 1053 1116 tepens
1065 1031 1193 1095 alterius
1209 1031 1348 1096 litteras?

243 1125 336 1208 Resp.
354 1124 492 1205 Aspim„
509 1143 565 1206 per
578 1142 623 1197 rc,
640 1141 693 1185 seu
708 1141 746 1184 ec
758 1141 867 1205 penore
878 1141 942 1184 cuo.
957 1121 1047 1186 Ratio
1058 1127 1115 1197 est,
1130 1120 1204 1203 quia
1212 1123 1284 1203 jure
1297 1123 1434 1186 natmnli
1447 1132 1482 1189 et

199 1217 269 1296 jure
289 1212 430 1293 gentium
448 1210 592 1292 obligatio
613 1211 695 1273 inest
715 1217 829 1274 secreta
847 1210 1021 1273 litterarum
1042 1208 1136 1273 illaesa
1159 1209 1371 1291 relinquendi;
1392 1231 1481 1276 secus

202 1301 421 1366 commercium
433 1300 611 1363 humanum
623 1300 884 1380 pessumdaretur.
894 1299 979 1362 -S.
990 1300 1075 1382 Liq„
1091 1297 1183 1361 Hom.
1196 1307 1307 1381 apost,
1320 1310 1360 1362 tr.
1373 1304 1424 1378 XI,
1442 1303 1482 1366 de

209 1390 292 1454 VIII
303 1390 447 1470 Praec.‚n.
464 1394 494 1464 5,
510 1398 539 1452 et
552 1388 609 1450 olii
622 1390 824 1451 cornmum'ter.

243 1479 355 1560 Excipe
377 1497 464 1541 casus
485 1483 665 1558 sequentes:
682 1482 714 1540 l⁰
728 1477 755 1539 si
774 1476 855 1540 adsit
877 1496 1042 1542 consensus
1063 1476 1177 1541 tacitns
1197 1484 1253 1540 ant
1269 1486 1480 1561 praesumptus

201 1567 286 1632 illius
300 1567 356 1650 qui
370 1567 489 1643 scribit,
504 1566 552 1629 vel
570 1565 654 1628 illius
677 1567 715 1629 ad
738 1585 832 1648 quern
851 1566 961 1630 litterae
981 1565 1169 1640 micantum
1188 1571 1221 1629 2⁰
1236 1567 1263 1628 si
1278 1575 1481 1648 cognoscatur

202 1657 250 1720 rel
269 1661 474 1737 praesmnatur
492 1655 609 1718 litteras
630 1653 786 1718 continere
806 1673 854 1717 res
875 1655 951 1718 levis
967 1654 1132 1731 momenti;
1149 1659 1180 1718 3ο
1196 1655 1223 1716 si
1232 1658 1320 1736 iusta
1336 1656 1373 1718 de
1387 1675 1481 1720 causa

202 1745 267 1822 fiat,
283 1765 315 1808 v.
328 1764 386 1826 gn,
403 1745 442 1807 ad
461 1744 612 1806 damnum
631 1743 789 1824 publicum
812 1750 868 1806 aut
884 1743 1044 1824 privatum
1061 1744 1280 1819 avertendum,
1304 1745 1394 1808 modo
1415 1764 1481 1810 non

202 1835 271 1916 plus
291 1833 410 1914 legatur
429 1850 524 1914 quam
545 1831 585 1894 ad
601 1830 686 1894 hunc
706 1831 800 1895 linem
815 1832 1022 1896 necessarium
1046 1839 1104 1894 est.
1120 1868 1160 1877 —
1175 1831 1268 1894 Scae.
1284 1869 1326 1879 —
1338 1838 1372 1897 4⁰
1384 1833 1411 1896 si
1424 1833 1479 1896 lit-

201 1929 275 1986 terae
298 1941 335 1984 ea
355 1921 478 1985 levitate
496 1926 552 1983 aut
569 1939 608 1983 ex
625 1920 728 2002 aliqua
743 1920 971 1985 inadt‘ertentia
993 1920 1181 2002 aperiantur.
1196 1957 1239 1967 —
1253 1922 1291 1984 S.
1306 1923 1389 2005 Lip,
1404 1920 1424 1984 I.
1432 1923 1472 1998 V,

202 2032 233 2075 n.
250 2015 300 2078 70.

323 2165 538 2232 Resolves.

242 2315 314 2375 tm.
328 2347 368 2358 ·-
382 2317 413 2374 t·
425 2313 580 2374 secretum
590 2314 772 2394 praecissum
783 2311 971 2374 nullomodo
985 2311 1109 2392 obligat,
1127 2311 1247 2393 quoties
1260 2311 1335 2374 alias
1354 2311 1476 2376 teneba-

201 2399 246 2462 ris
264 2419 330 2503 rem
356 2399 568 2477 manifestare,
591 2419 623 2463 r.
645 2418 704 2480 gn,
726 2399 754 2462 si
776 2400 973 2480 interrogeris
991 2418 1010 2461 a
1028 2399 1187 2480 Supericre
1205 2401 1252 2464 rel
1272 2400 1419 2480 ajudice.
1435 2435 1480 2448 —

200 2488 642 2642 S’pbtge'gffi'wmmm
661 2596 680 2639 a
697 2583 727 2639 te
746 2577 931 2639 servandum
950 2564 997 2639 est
1013 2576 1194 2656 generatim,
1208 2575 1327 2638 etiamsi
1340 2575 1477 2638 interro-

201 2668 280 2748 geris
292 2687 311 2730 a
324 2667 482 2748 Superiora
493 2667 541 2729 vel
550 2665 668 2748 judice,
682 2671 753 2741 etc.;
770 2666 949 2746 respondere
970 2673 1076 2728 autem
1096 2666 1199 2740 debes,
1218 2664 1299 2726 tede
1314 2663 1372 2726 hoc
1389 2663 1477 2726 nihil

201 2756 292 2906 {ciclo}
308 2755 584 2909 qmpgssoejusmodi
602 2753 747 2818 notitiem
760 2753 887 2835 perinde
905 2753 1015 2830 habes,
1029 2771 1064 2816 ac
1083 2754 1194 2818 sicam
1206 2771 1268 2816 non
1279 2751 1419 2816 haberes.
1432 2786 1481 2800 -

200 2879 215 2905 k
228 2865 400 2996 baffi&
413 2891 503 2997 modo
517 2935 703 2998 servandum
714 2939 762 2996 est
773 2937 923 2994 secretum
938 2931 1083 3014 implicite
1092 2931 1140 2995 vel
1153 2933 1247 2994 tacite
1260 2937 1386 2994 tantum
1399 2951 1479 2994 com-

200 3021 333 3099 missum,
349 3039 383 3084 ac
397 3021 423 3084 si
437 3041 574 3104 expresse
586 3021 786 3085 commissum
798 3027 887 3083 esset.
903 3019 951 3083 Sic
964 3021 1002 3082 ad
1016 3027 1167 3083 secretum
1182 3019 1287 3083 stricte
1301 3019 1480 3102 obligantur
1586 3017 1587 3092 ξ

200 3107 366 3172 consiliarii
381 3109 569 3192 Principum,
584 3111 675 3198 duces
686 3109 769 3185 belli,
786 3108 936 3184 advocati,
945 3108 1068 3183 medici,
1078 3108 1211 3189 theologi
1226 3108 1263 3170 de
1274 3108 1380 3190 aliqua
1393 3127 1477 3190 qrrae-
1586 3099 1587 3150 l

200 3196 299 3260 stione
321 3197 467 3274 consulti,
486 3217 652 3280 omnesque
671 3197 844 3262 universim
865 3196 978 3279 quibus
996 3197 1045 3261 vel
1063 3196 1201 3273 consilii,
1223 3198 1272 3261 vel
1290 3195 1406 3274 solatii,
1427 3197 1480 3259 rel

199 3285 308 3348 anxilii
322 3304 413 3348 causa
424 3293 575 3349 secretum
589 3285 807 3350 committitur.

239 3379 272 3438 t⁰
288 3373 429 3455 Superior
447 3374 607 3456 religiosus
628 3374 745 3438 litteras
769 3393 896 3438 suorum
918 3374 1114 3438 subditorum
1140 3374 1311 3438 aliorumve
1332 3375 1369 3438 ad
1391 3373 1477 3456 ipsos

199 3463 310 3526 missas
329 3463 410 3527 licite
433 3463 531 3545 aperit
552 3465 617 3527 sive
637 3483 675 3527 ex
693 3463 859 3544 Religionis
874 3470 1007 3539 statuto,
1021 3463 1085 3527 sire
1107 3481 1144 3527 ex
1164 3464 1401 3537 consuetudine,
1417 3469 1479 3526 aut
1585 3527 1586 3538 ,

199 3569 236 3700 {x
249 3553 395 3632 prudenti
413 3552 584 3634 suspicione
605 3553 687 3635 quod
705 3551 822 3634 aliquid
841 3553 948 3615 minus
961 3551 1037 3616 recti
1050 3551 1288 3616 contineant.—
1304 3552 1339 3616 S.
1353 3552 1478 3652 Liger-‚3

215 3685 223 3702 ι
238 3643 277 3793 b'
287 3648 428 3811 gupbbor
440 3737 547 3795 tamen
560 3729 678 3812 aperire
691 3737 722 3794 et
740 3731 837 3810 legere
855 3729 966 3812 nequit
978 3730 1098 3793 litteras
1113 3749 1189 3812 quas
1204 3729 1322 3794 subditi
1334 3729 1480 3810 Superio-

198 3817 287 3882 ribus
304 3819 445 3883 mediatis
468 3839 503 3884 ao
520 3819 658 3883 vicissim
682 3819 735 3882 isti
756 3819 931 3900 Superiores
955 3819 1088 3882 subditis
1110 3819 1259 3894 mittunt3
1285 3825 1368 3882 recta
1389 3818 1478 3881 enim

199 3907 390 3987 gubernandi
410 3909 489 3972 ratio
509 3908 658 3990 postulat,
675 3914 712 3970 ut
726 3907 861 3988 supremi
875 3909 1074 3972 bmderatores
1088 3927 1160 3972 cum
1173 3907 1321 3971 omnibus
1341 3905 1478 3970 subditis
1584 3993 1585 3996 Ἴ

199 3995 292 4058 libere
303 3996 527 4060 commmricare
541 3995 671 4078 possint.
684 4031 724 4042 -
739 3994 774 4058 S.
794 3997 877 4078 Lip,
894 3996 970 4058 ibid.
984 4031 1026 4044 -
1042 3997 1077 4060 V.
1094 3997 1200 4078 Cacus,
1212 4018 1243 4059 rr.
1260 3999 1320 4061 436
1330 4004 1359 4059 et
1373 4015 1433 4072 req.

494 4205 572 4252 mma
593 4203 765 4251 TRAGTATUS
787 4204 824 4250 tta
843 4203 1007 4250 PRAEGEPTIS
1028 4203 1171 4250 amatos!
