3136 5034
688 301 796 346 rapax
1309 281 1377 342 888

137 419 191 470 ra·
206 417 238 469 ll.
251 431 287 456 ’-’
302 414 547 482 Dcirreligioeitete.
562 438 577 464 ·.
594 439 608 464 ·.
630 441 671 464 .·.
693 442 733 464 .·.
749 441 764 462 ·.
780 443 795 463 ·.
811 444 827 461 ·.
843 445 859 460 ·.
873 443 890 462 -.
904 441 921 462 ..
936 441 953 463 ..
966 440 998 462 ...
1005 438 1295 462 ..........
1331 409 1376 456 aba

165 493 177 551 8
192 504 212 541 1.
228 515 261 527 -
278 490 314 540 Do
331 488 471 554 tentatione
493 485 537 538 Dei
542 510 1295 535 .........................
1309 476 1376 526 ibid.

166 565 221 620 bu.
239 585 269 598 -
286 561 322 610 De
343 558 485 622 sacrilegio.
506 593 513 606 .
538 593 545 606 .
568 593 575 606 .
593 552 596 558 ’
600 582 1294 606 .......................
1330 552 1375 598 abt

167 628 480 692 5'1n.-Ilesimonia·.
567 653 1294 678 ........................
1329 623 1375 670 887

113 745 149 794 Dr
166 745 189 794 ll
209 745 332 795 mmmm
349 755 476 794 rucmro
480 765 1294 791 ...........................
1329 734 1376 782 eet

111 856 167 906 Ger.
183 855 202 906 I.
220 883 250 892 —
266 854 304 904 De
319 870 388 906 nono
402 853 572 919 usurpatione
584 851 696 902 nominis
711 849 760 901 Dei
774 853 799 900 et
813 847 973 915 blasphemia
976 879 1292 898 ...........
1307 842 1374 894 ibid.

137 927 189 976 Art.
208 925 227 976 I.
246 953 276 964 -
292 928 328 977 Dc
341 939 409 976 rana
423 923 504 976 saneti
515 922 630 974 Nominis
643 921 687 972 Del
699 919 874 986 usurpatione.
911 950 1292 971 .............
1308 913 1374 964 ibid.

136 997 188 1047 ln.
205 997 237 1046 ll.
254 1023 284 1036 -
301 998 336 1047 De
347 995 508 1062 blasphemia
511 1021 1293 1046 ..........................
1329 990 1374 1035 888
1418 1038 1420 1042 ⁴

111 1094 167 1144 Gar.
182 1093 260 1144 11.-
275 1093 312 1143 De
323 1093 474 1158 juramento
477 1117 1292 1142 ...........................
1316 1087 1373 1134 -btt

134 1164 186 1214 Art.
206 1165 225 1216 l.
242 1190 274 1202 -
290 1165 326 1216 De
346 1162 533 1215 conditionibus
552 1161 693 1228 juramenti
696 1194 887 1213 .......
941 1189 1293 1212 ............
1308 1151 1374 1202 ibid.

163 1236 183 1285 I.
202 1261 233 1273 -
250 1236 286 1286 De
302 1234 431 1300 requisitis
446 1234 480 1285 ad
494 1234 631 1286 essentiam
649 1231 789 1298 juramenti
793 1262 1294 1282 .................
1306 1222 1373 1273 ibid.

164 1307 194 1356 ll.
212 1333 244 1344 -
260 1307 296 1357 Dc
310 1305 438 1370 requisitis
451 1306 485 1356 ad
499 1305 635 1357 liceitatem
644 1303 794 1370 juramenti.
806 1311 841 1353 ’.·
848 1331 1291 1354 ...............
1328 1301 1374 1346 bct

132 1379 185 1427 Art.
203 1379 235 1428 ll·
252 1405 284 1417 -
301 1379 336 1430 De
357 1377 512 1442 obligatione
530 1375 671 1442 juramenti
691 1373 848 1441 promissorii
851 1403 1292 1426 ...............
1329 1371 1373 1418 att

132 1448 278 1514 Appennini
295 1476 325 1488 -
350 1450 385 1501 lte
400 1449 575 1514 *adjuratione
598 1485 605 1498 .
628 1484 652 1498 .,
659 1475 1291 1500 .....................
1328 1442 1373 1488 873

102 1545 160 1595 Cur.
181 1545 225 1595 ΠΙ.
248 1551 279 1584 -’
302 1547 337 1596 be
354 1548 434 1596 voto:
443 1568 1291 1598 ............................
1327 1539 1373 1586 275

130 1616 183 1667 Art.
202 1617 221 1665 l.
239 1623 277 1654 -'
288 1617 323 1666 ΒΘ
336 1615 523 1668 conditionibus
536 1617 570 1668 ad
582 1619 672 1667 votum
686 1613 814 1679 requisitis
816 1639 1291 1666 ................
1305 1603 1372 1655 ibid.

161 1692 214 1748 85.
225 1713 257 1725 -
274 1688 309 1738 lte
324 1687 465 1739 intentione
481 1688 514 1740 ad
528 1691 620 1738 votum
630 1685 753 1750 requisita
754 1713 1260 1738 .................
1263 1735 1266 1742 ,
1282 1711 1291 1729 .
1305 1676 1373 1728 ibid.

160 1763 180 1819 §-
189 1772 215 1808 m
233 1760 316 1809 --bc
330 1759 439 1810 materia
450 1759 503 1810 voti
505 1784 1290 1810 ..........................
1327 1753 1373 1798 276

129 1829 183 1879 Arb
202 1830 234 1880 ll.
251 1855 281 1868 -
303 1831 339 1881 De
364 1829 527 1894 obligatione
545 1830 597 1882 voti
601 1865 790 1880 .......
878 1855 1291 1879 ..............
1327 1825 1372 1870 877

128 1902 182 1951 Art
201 1901 243 1950 lll.
262 1926 293 1938 -
309 1902 345 1952 De
361 1901 501 1953 cessatione
514 1901 584 1953 noti..
600 1939 606 1950 .
630 1937 637 1952 .
662 1937 699 1951 ...
706 1926 1294 1951 .....................
1327 1895 1372 1942 879

159 1977 172 2033 b
188 1987 205 2022 1.
223 1998 255 2010 -
269 1973 305 2023 De
320 1971 462 2024 irritatione
477 1977 616 2024 votorum..
626 2009 646 2023 .,
658 1999 1292 2023 .....................
1326 1967 1372 2012 888

160 2047 216 2103 511.
233 2044 317 2094 --De
337 2043 526 2108 dispensatione
547 2048 674 2095 venium.
697 2080 706 2093 .
727 2081 739 2092 ..
758 2078 765 2093 .
766 2071 1230 2094 ................
1241 2071 1259 2098 ,.
1282 2070 1290 2085 .
1325 2037 1370 2083 881

159 2119 278 2175 qm„-
295 2115 331 2166 De
352 2115 551 2166 commutatione
569 2119 688 2167 votorum
691 2150 819 2165 .......
832 2160 834 2166 ,
844 2141 1291 2166 ...............
1326 2111 1372 2156 888

96 2227 135 2277 Dr
151 2226 186 2278 lIl
203 2215 471 2297 chqm'crraucarro
473 2261 634 2280 ......
646 2228 648 2232 “
657 2251 1290 2277 .....................
1326 2221 1371 2267 ets

96 2339 157 2388 Car.
176 2337 196 2388 l.
214 2363 245 2374 -
260 2337 301 2386 De
317 2337 351 2386 iis
368 2351 425 2402 quar
439 2336 529 2387 diebus
540 2339 615 2402 sestis
627 2337 815 2402 praedpiuninr
817 2364 1290 2388 ................
1305 2327 1370 2378 ibid·

133 2411 189 2460 brt.
205 2409 225 2458 l.
241 2429 273 2445 -
289 2410 325 2458 De
339 2407 371 2458 iis
385 2422 441 2472 que
458 2409 598 2471 generatim
618 2407 707 2460 diebm
720 2407 791 2459 lestis
804 2405 948 2472 prestanda
967 2407 1036 2458 sunt.
1064 2435 1290 2458 ........
1303 2399 1369 2450 ibid.

125 2481 182 2530 an.
200 2480 232 2530 ll.
249 2502 281 2516 -
297 2481 333 2530 De
349 2479 478 2530 auditione
494 2479 581 2532 Missas
593 2479 619 2530 ia
633 2478 782 2545 particulari
786 2508 1288 2529 .................
1325 2477 1370 2522 885

155 2556 169 2612 5
186 2566 204 2601 1.
222 2576 253 2588 -
269 2551 305 2602 De
321 2550 424 2621 iislquae
436 2550 469 2601 ad
482 2551 587 2602 Missam
603 2551 651 2602 rite
665 2549 820 2602 audiendam
836 2549 1002 2614 requiruntur
1003 2579 1288 2598 ..........
1304 2541 1369 2592 ibid.

190 2623 318 2672 Punctum
333 2636 350 2670 1.
369 2650 400 2658 -
420 2620 456 2672 De
480 2623 615 2687 prasentia
638 2622 749 2688 eorporis
752 2651 1287 2672 ..................
1304 2613 1369 2664 ibid.

190 2694 318 2743 Punctum
325 2708 362 2744 ·11·
375 2720 407 2731 -
422 2694 458 2742 Da
472 2693 610 2745 attentione
625 2694 719 2746 mantis
722 2722 1288 2746 ....................
1324 2689 1370 2736 887

191 2765 318 2814 Punctum
334 2778 370 2814 ru.
389 2789 421 2801 -
440 2764 476 2814 De
498 2764 553 2816 loco
572 2765 655 2816 debito
657 2793 1287 2816 .....................
1323 2761 1369 2806 298

170 2833 173 2838 ’
211 2841 233 2884 l·
251 2833 283 2870 -'-
298 2833 387 2893 Quoad
401 2834 512 2886 oratoria
523 2835 624 2900 privata
627 2872 786 2886 ......
795 2851 797 2856 ’
810 2865 1256 2886 ...............
1276 2831 1286 2877 ·,
1303 2826 1369 2878 ibid,

205 2910 228 2955 2.
246 2931 278 2942 -
293 2904 382 2964 Quoad
396 2903 501 2956 bfissam
515 2905 688 2970 parochialem
691 2934 1287 2958 ....................
1323 2904 1367 2948 291

153 2982 167 3039 t
185 2991 213 3028 u.
231 3002 261 3013 -
278 2977 315 3026 De
332 2975 417 3026 causis
435 2989 451 3026 a
469 2976 547 3026 Missa
565 2977 747 3029 excusantibus
750 3007 1285 3027 ..................
1302 2970 1368 3023 ibid.

92 3077 156 3127 Car·
176 3071 209 3124 lI'.
226 3069 258 3110 -’-
275 3072 311 3122 De
331 3072 364 3121 iis
383 3087 438 3137 qtae
454 3071 546 3123 diebus
565 3073 711 3124 Dominicis
727 3075 752 3124 et
766 3074 842 3138 sestis
856 3069 1032 3138 prolaberetur
1034 3103 1287 3120 .........
1323 3073 1369 3119 883

122 3147 183 3198 brt.
200 3143 221 3194 l.
237 3169 270 3181 -
286 3144 322 3194 Dc
338 3141 457 3208 operibus
477 3157 533 3208 qua
547 3143 635 3195 diebus
652 3144 723 3196 festis
741 3144 906 3210 prohibentur
908 3174 1285 3196 .............
1301 3138 1367 3189 ibid.

124 3217 183 3269 Art.
201 3214 233 3266 ΙΙ.
249 3242 281 3253 -
296 3215 333 3266 De
351 3213 434 3266 causis
451 3215 482 3267 ob
497 3229 560 3280 quas
576 3228 653 3281 opera
668 3216 772 3268 servilia
788 3215 829 3269 die
843 3216 907 3268 testo
920 3211 1032 3280 permitti
1048 3216 1156 3277 possunt
1157 3246 1287 3264 .....
1323 3218 1368 3264 296

85 3331 126 3380 Da
143 3328 182 3378 lV
199 3326 324 3377 85855585
338 3340 465 3378 enumero
468 3363 1285 3383 ...........................
1320 3335 1367 3382 897

90 3441 156 3490 Gur.
176 3439 196 3488 1.
214 3464 246 3475 -
265 3439 304 3487 De
321 3436 528 3504 obligationibus
541 3439 657 3504 filioram
672 3454 735 3505 erga
751 3443 873 3504 parentes
875 3476 1287 3495 ..............
1301 3441 1366 3492 ibid.

118 3510 1367 3638 ittarta:::2:::::::::::::::::::xxc-b?

119 3653 167 3703 111.
182 3677 213 3689 ·-
227 3650 373 3703 Obedientie
375 3688 1285 3710 ..............................
1321 3661 1366 3706 299

84 3752 151 3802 Car.
170 3748 201 3798 ll.
217 3775 248 3784 -
264 3747 304 3797 De
320 3746 526 3813 obligationibus
538 3753 680 3815 parentum
696 3763 759 3816 erqo
773 3750 843 3816 filios
846 3783 1285 3804 ...............
1321 3756 1366 3801 888

118 3821 1366 3946 c.:tcta0:::::::::::::::::::::::::::::::²tt·

153 3961 223 4010 L-
244 3961 367 4014 Educatio
388 3963 525 4028 corporalis
527 3999 1283 4018 .........................
1297 3963 1366 4016 ibid.

158 4031 190 4081 11.
204 4059 236 4068 -
252 4032 374 4084 Educatio
392 4033 532 4110 spiritualis
533 4070 1283 4090 .........................
1319 4039 1365 4086 888

79 4129 150 4179 Car.
160 4125 213 4200 lli.
224 4153 262 4202 '—
276 4129 315 4177 De
331 4127 536 4194 obligationibus
547 4133 686 4198 conjugum
688 4167 1284 4188 ....................
1320 4136 1365 4182 ³⁰5

83 4223 153 4273 Gar.
170 4221 214 4272 lv.
231 4248 261 4258 -
277 4224 315 4273 lle
331 4223 537 4289 obligationibus
549 4226 663 4278 oliorum
676 4229 847 4295 Superiorem
864 4233 889 4280 et
903 4229 1059 4294 inferiorum
1060 4263 1284 4281 ........
1320 4233 1366 4279 888

117 4291 180 4342 Art.
198 4293 217 4342 l.
234 4318 266 4330 -
282 4294 317 4344 Ite
336 4293 536 4359 obligationibus
554 4297 717 4350 dominorum
734 4303 760 4351 et
774 4299 932 4352 famulorum
935 4333 1282 4352 ............
1298 4298 1363 4351 ibid.

151 4364 202 4421 br·
220 4387 253 4401 ·-
272 4367 308 4416 De
327 4365 528 4432 obligationibus
553 4368 715 4422 dominorum
717 4405 1283 4424 ...................
1297 4369 1365 4422 ibid.

150 4435 258 4492 bn.»
279 4437 319 4488 De
337 4437 537 4502 obligationibus
556 4439 713 4493 tumulorum
715 4477 1003 4495 ..........
1018 4433 1019 4436 '
1025 4475 1282 4494 .........
1319 4447 1364 4492 887

114 4505 228 4557 Antulla
245 4531 277 4546 —
298 4510 334 4559 lle
352 4509 551 4574 obligationibus
567 4513 751 4578 magistrorum
768 4516 793 4565 et
813 4513 997 4580 discipulam
1001 4547 1282 4566 ..........
1319 4519 1364 4564 888

116 4575 177 4625 Art
195 4578 237 4628 ΙΙΙ.
254 4603 288 4617 -
301 4581 337 4631 De
350 4579 493 4634 obedientia
505 4585 531 4634 et
543 4583 685 4636 reverentie
699 4584 794 4636 urium
808 4597 870 4650 erga
885 4585 1054 4651 temporalem
1068 4583 1254 4639 5158888885
1275 4621 1282 4636 .
1297 4584 1364 4638 ibid.
