3136 5034
209 257 279 318 500
742 265 948 310 rracraros

211 387 327 462 septem
344 376 636 452 1111111111,1(1111111,
656 375 815 450 masculis,
834 376 1012 456 puberibus,
1026 379 1095 450 etc,
1110 375 1299 456 quibuscum
1321 375 1488 439 subscribit

209 474 343 544 testator,
360 467 387 530 si
402 466 511 548 possit3
529 465 640 529 sivero
656 471 802 546 nequeat,
819 471 942 527 octavus
962 465 1046 527 testis
1061 465 1199 527 accedere
1212 465 1317 541 debet;
1335 469 1370 527 2⁰
1386 467 1486 547 Aper-

212 567 285 636 tum,
301 557 382 639 quod
396 556 431 618 fit
444 573 546 617 coram
561 561 676 634 septem
690 552 834 627 testibus,
852 553 916 616 sive
930 551 1039 634 scripto
1053 559 1168 634 aperto,
1183 553 1248 615 sive
1262 552 1337 616 vira
1351 571 1439 616 voce.
1452 590 1487 600 -

209 645 552 728 Pluraopudjuristas.
1130 647 1134 654 ·

250 739 284 800 2⁰
296 732 541 815 Prioitepiatom,
555 731 636 813 quod
644 731 723 794 valet
732 732 846 813 absque
858 731 1104 794 solemnitatibus
1116 750 1124 794 :
1135 732 1195 794 tale
1206 735 1253 794 est
1265 736 1489 796 testamentum

210 845 228 886 a
242 822 341 886 milite
355 821 524 895 conditum,
536 821 584 884 vel
595 820 634 883 ab
646 820 715 882 aliis
731 825 864 902 tempore
877 820 981 900 pestis,
993 826 1048 882 aut
1058 819 1173 882 caeteris
1185 819 1342 902 ejusmodi
1357 821 1487 884 circum

210 911 343 976 stantiis.

666 1057 747 1112 ll.-
765 1071 799 1113 rx
817 1072 885 1114 rone
903 1071 1021 1113 1111111

250 1219 283 1276 10
293 1211 536 1292 Holopropltom,
549 1210 631 1291 quod
646 1227 742 1272 manu
758 1210 912 1272 testatoris
924 1208 1043 1289 integre
1055 1206 1201 1275 scribitur
1214 1225 1291 1271 cum
1302 1207 1487 1272 iudicatione
1563 1231 1564 1252 1

211 1301 301 1376 anni,
317 1301 449 1375 mensis,
464 1299 540 1373 diei,
556 1304 588 1360 et
601 1298 737 1363 nominis
751 1297 950 1379 appositione.

250 1388 454 1453 coenaticum
474 1406 528 1450 seu
542 1387 684 1460 solemne,
701 1388 783 1467 quod
800 1386 943 1450 scribitur
956 1386 994 1448 ab
1009 1405 1072 1448 uno
1090 1386 1209 1450 notario
1227 1403 1337 1449 coram
1355 1391 1487 1468 quatuor

211 1478 343 1543 testibus
357 1475 516 1552 masculis,
533 1475 739 1556 majoritatem
753 1475 885 1555 adeptis,
902 1481 973 1549 etc,
987 1474 1035 1538 vel
1055 1493 1074 1538 a
1094 1475 1215 1539 duobus
1234 1475 1371 1538 notariis
1390 1495 1488 1538 coram

211 1567 331 1630 duobus
345 1565 475 1628 testibus
490 1565 567 1646 (ort.
583 1569 657 1639 971,
675 1565 760 1642 980).

252 1660 285 1720 3⁰
303 1655 463 1737 Mystieum
482 1671 536 1716 seu
558 1663 719 1731 secretum,
743 1652 824 1734 quod
842 1658 968 1716 testator
985 1654 1124 1716 clausum
1145 1651 1307 1736 sigilloque
1330 1655 1489 1735 signatum

211 1744 306 1808 tradit
319 1743 436 1807 notarm
449 1761 550 1806 coram
563 1761 615 1821 serr
626 1742 766 1816 testibus,
783 1761 919 1805 asserens
932 1742 989 1804 hoc
1001 1761 1066 1805 esse
1079 1747 1305 1806 testamentum
1316 1761 1409 1806 suum
1423 1763 1445 1805 a
1459 1763 1492 1805 se

212 1834 261 1898 rel
282 1833 320 1895 ab
342 1832 401 1896 alio
422 1832 586 1913 scriptum,
605 1837 635 1894 et
654 1851 672 1894 a
695 1849 727 1894 se
749 1831 969 1912 subscriptum.
989 1832 1083 1894 Debet
1106 1831 1236 1894 inscribi
1253 1833 1318 1896 laec
1334 1833 1492 1895 attestatio

216 1935 306 2003 super
329 1921 461 1984 codicem
481 1920 672 1996 testamenti,
689 1925 719 1982 et
736 1939 754 1982 a
770 1920 904 1994 notaria,
921 1919 1052 1983 testibus
1068 1924 1098 1982 et
1118 1925 1264 1983 testatore
1278 1921 1443 1984 subscribi.
1458 1921 1491 1983 Si

211 2016 338 2073 testator
351 2015 571 2072 testamentum
586 2009 775 2072 subscribere
793 2027 855 2072 non
872 2009 1020 2089 potuerit,
1037 2009 1075 2071 de
1092 2009 1150 2071 hoc
1170 2009 1290 2073 mentio
1304 2009 1366 2074 fieri
1379 2010 1489 2082 debet,

212 2103 242 2161 et
255 2099 380 2162 additur
394 2099 472 2160 alius
487 2098 574 2161 testis
587 2105 698 2178 praeter
712 2117 765 2160 sex
776 2098 939 2178 requisitos
954 2097 1030 2178 (ort.
1047 2101 1122 2174 976,
1139 2097 1227 2180 971).

632 2323 811 2367 cotbtrlonss
830 2323 1064 2366 sacracramenti

253 2475 324 2533 815.
338 2474 433 2534 —Ut
447 2474 668 2532 testamentum
682 2468 724 2530 sit
737 2469 862 2531 firmum
878 2473 909 2531 et
920 2469 1069 2543 validum,
1080 2468 1266 2550 requiritur:
1282 2476 1316 2532 l⁰
1330 2474 1365 2532 ut
1377 2471 1496 2534 babeat

214 2557 402 2621 conditiones
415 2559 453 2621 ad
465 2562 637 2621 contractus
652 2558 801 2637 gratuitos
815 2557 989 2638 requisitas,
1006 2565 1038 2620 et
1048 2557 1199 2639 imprimis
1212 2575 1397 2620 consensum
1413 2559 1498 2621 libe-

216 2665 288 2728 rum
300 2650 331 2709 et
342 2654 561 2728 spontaneum;
579 2649 613 2708 2⁰
627 2651 664 2708 ut
680 2645 838 2726 dispositio
853 2646 1004 2709 bonorum
1015 2647 1070 2709 fiat
1080 2650 1167 2728 juxta
1177 2645 1416 2708 reservationem
1430 2665 1498 2710 seu

215 2736 385 2816 legitimam
396 2735 568 2800 haeredibus
580 2736 672 2816 alege
686 2734 889 2815 assignatam;
902 2739 935 2800 30
943 2742 979 2797 ut
991 2753 1054 2798 non
1063 2734 1119 2797 liat
1128 2735 1164 2796 ab
1175 2733 1303 2796 inhabili
1316 2733 1358 2796 ad
1368 2740 1499 2798 testan-

215 2826 301 2900 dum,
317 2824 418 2888 necin
433 2825 565 2904 gratiam
576 2822 724 2886 inhabilis
738 2825 776 2886 ad
790 2824 1010 2905 recipiendum,
1020 2843 1075 2886 seu
1086 2825 1125 2886 ad
1137 2823 1358 2887 succedendum
1370 2822 1410 2886 in
1420 2826 1497 2906 jura

216 2913 365 2990 debmcti;
381 2917 416 2976 10
429 2919 465 2976 ut
480 2918 642 2976 serventur
658 2913 876 2976 substantiales
889 2912 1088 2975 formalitates
1098 2915 1169 2993 jure
1183 2911 1378 2994 prescriptae.

338 3069 532 3146 Quaeslta.

257 3215 327 3276 816.
339 3249 380 3259 -
389 3216 492 3289 Quen.
506 3218 539 3275 10
554 3214 604 3273 An
618 3211 753 3293 facultas
767 3211 896 3274 testandi
909 3213 1028 3275 oriatur
1041 3213 1142 3295 ajare
1154 3214 1306 3292 naturali,
1324 3233 1367 3277 cn
1379 3233 1400 3276 a
1410 3214 1496 3276 cicili

219 3309 359 3363 tantum?
824 3343 832 3357 .

257 3390 472 3471 Resperuxta
490 3388 675 3452 sententiam
694 3390 937 3454 communiorem
959 3397 989 3454 et
1010 3371 1244 3472 probabiliorem
1267 3393 1429 3473 repetenda
1449 3396 1498 3454 est

217 3479 363 3559 primario
380 3497 399 3540 a
408 3481 479 3560 jure
497 3478 647 3554 naturali,
664 3479 739 3560 quia
755 3479 824 3558 talis
839 3488 886 3542 est
899 3480 1054 3562 persuasio
1074 3481 1265 3555 communis,
1282 3499 1349 3561 quae
1362 3479 1497 3542 ultimas

218 3567 391 3629 voluntates
401 3573 437 3629 ut
447 3565 521 3648 quid
531 3585 652 3630 sacrum
662 3567 764 3642 babet,
773 3575 803 3630 et
812 3568 885 3648 quia
890 3573 943 3650 jus
954 3569 1086 3632 testandi
1095 3570 1248 3632 antecedit
1258 3587 1383 3632 omnem
1393 3568 1496 3649 legem

218 3653 350 3716 civilem.
364 3657 411 3716 Ex
425 3653 594 3736 J'ureenim
608 3664 727 3720 naturae
740 3656 870 3738 quisque
884 3663 983 3739 potest
997 3657 1154 3739 disponere
1168 3659 1307 3722 debonis
1321 3658 1390 3722 suis
1404 3665 1498 3742 pruut

218 3742 301 3819 vult,
319 3741 414 3805 etiam
430 3747 498 3823 post
517 3749 663 3819 mortem,
677 3752 711 3808 et
728 3745 785 3808 hoc
804 3751 850 3808 est
863 3748 915 3826 J'us
935 3747 1103 3827 privatum.
1117 3747 1175 3811 Sed
1197 3747 1293 3810 etiam
1313 3747 1498 3828 Respublica

217 3831 311 3894 habet
323 3835 469 3912 majora,
486 3839 518 3895 et
532 3833 614 3894 inter
626 3833 701 3896 alias
709 3837 762 3915 jus
774 3835 988 3915 prescribendi
999 3855 1124 3900 normas
1139 3835 1218 3899 circa
1229 3842 1426 3910 contractus;
1444 3836 1499 3898 hoc

215 3917 269 4000 j'us
283 3927 329 3983 est
341 3919 497 3992 naturale,
515 3920 627 4003 quippe
638 3923 845 3986 necessarium
857 3925 895 3986 ad
906 3925 1023 3986 bonum
1038 3925 1201 3988 societatis.
1218 3925 1250 3988 Si
1264 3933 1373 3989 autem
1387 3925 1432 3987 sit
1444 3925 1498 3986 col-

219 4007 287 4070 lisio
302 4011 437 4090 Jurium,
455 4013 507 4092 jus
526 4008 699 4089 privatum,
719 4017 826 4092 utpote
846 4011 990 4087 inferius,
1012 4013 1114 4075 cedere
1132 4014 1231 4078 debet.
1245 4049 1286 4060 -
1312 4013 1349 4076 V.
1368 4012 1497 4076 dicende

219 4085 319 4177 infra,
338 4099 437 4175 Oaoer.
454 4104 497 4163 10.

258 4185 359 4260 Quart.
375 4192 409 4250 2⁰
424 4187 600 4268 Cujasmodi
614 4199 699 4252 testes
712 4184 911 4272 requirantur
925 4194 959 4251 in
973 4190 1174 4254 testamentis?

259 4273 349 4358 Hesp.
367 4281 399 4338 1⁰
417 4277 493 4339 :Ee
512 4276 589 4340 lure
608 4279 761 4357 Romano,
779 4279 889 4342 debent
903 4298 967 4343 esse
989 4279 1134 4356 masculi,
1150 4279 1294 4360 puberes,
1309 4279 1420 4352 liberi,
1436 4297 1498 4341 uon

220 4363 321 4438 surdi,
336 4381 399 4426 non
413 4366 509 4440 muti,
526 4385 588 4428 non
603 4367 689 4442 caeci,
705 4385 768 4430 non
783 4367 970 4430 intestabiles
984 4369 1078 4448 alege
1092 4387 1145 4432 seu
1156 4368 1313 4450 incapaces
1325 4366 1500 4432 11111111οηὶ1

219 4450 354 4523 dicendi,
371 4471 434 4514 non
446 4453 580 4516 heredes
599 4475 636 4518 111
657 4462 854 4530 testamento,
869 4474 924 4519 nec
940 4456 1100 4520 domestici
1116 4457 1269 4522 1111111111
1282 4455 1330 4520 111
1346 4457 1499 4523 haeredis:

220 4550 282 4592 non
295 4541 399 4596 tamen
413 4538 617 4605 excluduntur
631 4544 779 4624 legatarii.
793 4581 833 4591 -
848 4545 883 4608 S.
898 4547 968 4627 Liq.
984 4566 1015 4606 n.
1030 4549 1102 4610 919.
