3206 5024
537 273 581 318 ns
600 271 800 318 raucarrrs
820 271 995 318 oscarocr
1335 263 1405 326 29¹1

173 394 208 454 8⁰
222 391 419 451 Excusmtur
435 383 529 448 etiam
543 383 567 447 ii
583 383 638 465 qui
651 382 792 446 laborant
806 384 844 446 ad
858 382 1028 448 utilitatem
1041 384 1194 465 publicam
1209 392 1338 467 urgente
1357 389 1413 452 ali-

130 497 195 561 qua
208 476 403 549 necessitate,
420 493 451 537 v.
468 493 528 554 gr„
543 473 569 535 si
579 479 689 552 agatur
700 472 737 535 de
746 472 925 535 celebranda
934 473 1076 548 victorie,
1089 474 1125 536 de
1134 473 1413 558 festopraeparando

129 569 166 632 in
178 565 329 648 Principis
344 564 530 638 adrentum,
546 567 600 624 aut
615 561 742 625 alterius
755 560 885 642 publice
900 561 1097 625 exultationis
1110 563 1219 643 gratia.

172 661 207 721 9⁰
221 658 414 718 Excusantur
430 669 550 733 quoque
569 649 778 732 probabiliter,
794 649 832 712 ob
852 650 929 712 lucri
950 650 1099 712 notabilis
1117 656 1149 714 et
1167 653 1414 716 extraordinarii

132 741 416 816 circumstantiam,
432 739 478 802 illi
493 739 547 822 qui
561 739 717 802 laboribus
728 756 759 800 se
773 745 966 814 sustentant,
981 739 1054 821 quia
1067 758 1123 820 pro
1137 740 1205 804 istis
1219 742 1279 804 tale
1290 743 1413 806 lucrum

132 833 276 898 omittere
297 831 379 894 idem
402 835 449 891 est
469 846 503 890 eo
525 829 676 890 damnum
698 845 790 907 grave
814 826 891 906 pati.
908 863 946 874 -
962 827 999 891 S.
1020 828 1105 911 Liq„
1128 830 1232 912 quoad
1250 836 1368 912 omnio,
1394 851 1412 896 a

132 943 167 985 n.
184 925 244 985 aad
257 920 295 982 ad
310 939 341 980 π.
359 923 429 982 304.

173 1010 258 1073 Licet
271 1015 376 1070 autem
392 1012 543 1089 quotquot
555 1003 715 1086 hucusque
729 1005 901 1069 enumerati
916 1012 1005 1082 sunt,
1017 1007 1243 1088 dispensatione
1256 1028 1320 1074 non
1331 1011 1413 1074 indi-

134 1103 238 1181 geant,
256 1096 449 1160 suadendum
461 1101 565 1158 tamen
580 1093 720 1156 fidelibus
735 1100 797 1171 est,
814 1100 865 1167 ut,
888 1093 915 1158 si
933 1095 1090 1160 commode
1103 1097 1235 1178 possint,
1250 1099 1373 1163 reniam
1394 1118 1413 1162 a

4 1189 9 1240 Γ
134 1184 294 1268 Superiora
308 1183 506 1248 ecclesiastico
515 1183 687 1264 postulent,
700 1201 738 1244 ne
751 1181 864 1246 scilicet
877 1182 1043 1264 cupiditate
1056 1185 1187 1266 decepti,
1201 1187 1315 1270 absque
1330 1187 1412 1254 suffi-

135 1274 229 1340 cienti
239 1274 277 1337 ad
285 1273 495 1337 excusandum
505 1289 611 1346 causa,
624 1287 696 1334 oum
704 1270 838 1334 aliorum
848 1271 1143 1336 scandalolaborent.
1155 1275 1297 1357 Superior
1306 1283 1411 1340 autem

133 1363 187 1428 hic
199 1361 384 1444 intelligitur
396 1360 567 1442 praesertim
579 1359 760 1441 Episcopus;
775 1359 831 1442 qui
844 1359 914 1422 licet
926 1361 1094 1440 generalem
1104 1381 1160 1443 pro
1169 1363 1302 1428 subditis
1313 1365 1414 1429 omni·

134 1451 197 1515 bus
216 1449 475 1532 dispensationem
499 1449 635 1512 tribuere
658 1466 721 1512 non
742 1447 854 1530 possit,
876 1448 1035 1530 multoque
1055 1449 1161 1514 minus
1182 1461 1412 1532 permanentem

135 1540 263 1622 (quippe
275 1539 308 1602 id
320 1537 527 1620 suppressioni
541 1535 689 1600 festorum
703 1536 934 1618 aequivaleret);
951 1544 984 1600 at
996 1539 1096 1618 quom
1109 1539 1227 1620 aliquos
1241 1547 1327 1603 actus
1341 1560 1413 1605 cum

134 1628 374 1712 particularibus
387 1627 524 1709 personis
539 1645 577 1689 ex
594 1624 771 1689 rationabili
793 1643 883 1688 causa
905 1625 1080 1706 dispensare
1096 1633 1209 1708 potest3
1224 1628 1321 1691 immo
1335 1630 1413 1692 hanc

135 1715 311 1780 facultatem
322 1715 416 1780 etiam
428 1716 557 1797 parocho
571 1714 759 1778 consuetudo
773 1714 920 1776 concedit.

178 1811 231 1871 ¹0⁰
244 1809 311 1870 Non
325 1811 430 1868 autem
444 1803 627 1877 excusandi,
643 1802 707 1864 imo
721 1820 824 1865 severe
837 1801 1038 1883 redarguendi
1051 1809 1140 1879 sunt,
1154 1803 1209 1885 qui
1223 1804 1334 1885 saepius
1345 1810 1415 1886 post

134 1895 273 1958 mettium
287 1900 408 1958 noctem
421 1892 580 1973 inceptum
594 1890 729 1953 laborem
743 1891 778 1953 iu
792 1890 875 1953 diem
888 1890 1018 1966 testum,
1036 1891 1131 1954 etiam
1149 1895 1298 1972 pretextu
1311 1911 1414 1956 neces·

135 1983 256 2059 sitatis,
267 1980 468 2064 protrahunt;
482 1979 556 2060 quia
566 1979 747 2061 plerumque
756 1979 809 2042 illa
820 1979 982 2042 necessitas
992 1979 1067 2060 ipsis
1079 1980 1254 2043 voluntaria
1267 1987 1314 2044 est
1324 2029 1331 2056 ,
1343 2000 1415 2045 cum

136 2070 307 2152 sepissime
317 2069 352 2132 in
366 2086 434 2131 eam
446 2087 478 2131 se
492 2067 669 2149 conjiciant,
686 2068 733 2130 rel
748 2067 838 2149 plura
851 2070 1034 2132 assumendo
1048 2087 1138 2149 opera
1151 2069 1190 2130 ad
1204 2076 1323 2133 certum
1332 2069 1415 2134 diem

132 2159 336 2244 perficienda,
347 2175 442 2238 quam
453 2175 522 2239 qua
533 2156 651 2237 explere
661 2155 794 2237 possint,
808 2156 857 2219 rel
868 2175 931 2220 non
939 2156 1110 2220 adhibendo
1120 2175 1193 2220 eum
1206 2157 1415 2239 operariorum

133 2263 306 2314 numerum
328 2263 420 2326 quem
440 2264 517 2326 opus
537 2243 720 2325 requireret,
736 2244 785 2308 vel
804 2245 889 2307 intra
905 2245 1130 2309 hebdomadam
1142 2246 1235 2308 rebus
1248 2246 1414 2309 inutilibus

132 2342 264 2415 tempus
279 2334 413 2398 terendo.
429 2333 561 2398 Facilius
579 2333 647 2396 illos
665 2351 840 2407 excusares,
862 2333 976 2414 quibus
996 2334 1148 2398 traditum
1167 2333 1216 2398 die
1233 2335 1416 2414 precedenti

130 2421 249 2486 lusisset
262 2439 337 2504 opus
351 2421 569 2503 perficiendum
582 2421 617 2484 in
631 2421 714 2484 diem
727 2421 843 2486 testum
857 2429 1048 2503 sequentem.
1221 2450 1224 2457 ·

178 2513 252 2574 362.
266 2545 306 2556 —-
317 2513 418 2586 Quae.
434 2511 482 2572 An
497 2519 619 2573 accuset
634 2514 692 2572 otii
703 2511 824 2572 vitandi
838 2511 944 2573 ratio?

176 2599 271 2681 Hesp.
285 2599 378 2681 Nep,
394 2603 593 2662 communiter
606 2600 766 2682 loquendo.
779 2599 906 2663 Etenim
921 2601 998 2665 ratio
1016 2601 1077 2664 ista
1090 2619 1214 2682 prorsus
1228 2599 1416 2664 insufficiens

134 2688 242 2752 estad
265 2688 363 2768 legem
384 2688 523 2752 Ecclesia
541 2689 615 2751 adeo
635 2707 760 2770 gravem
780 2689 1033 2769 posthabendam.
1053 2689 1220 2772 Excipiunt
1236 2690 1414 2772 Lupmaco,

134 2775 307 2856 Marcello,
323 2783 395 2853 etc,
411 2777 438 2840 si
450 2776 551 2841 otium
560 2775 715 2858 probabile
724 2777 868 2860 peccandi
877 2777 1049 2858 periculum
1061 2778 1203 2854 inducat3
1214 2778 1286 2860 quia
1296 2777 1415 2859 (aiunt)

137 2863 169 2930 si
182 2872 304 2929 excusat
318 2865 488 2946 periculum
502 2865 611 2929 damni
625 2864 816 2947 temporalis,
835 2886 854 2926 α
872 2866 1000 2946 fortiori
1016 2867 1188 2948 periculum
1205 2867 1312 2930 damni
1326 2865 1417 2948 spiri-

136 2953 234 3016 ceals
242 2973 384 3018 excusare
399 2953 497 3018 debet.
514 2954 571 3018 Sed
584 2955 642 3017 boc
656 2956 687 3016 S.
703 2954 879 3035 Alphonsus
894 2953 941 3036 (o.
955 2955 1031 3037 362)
1044 2954 1192 3019 bbentius
1204 2955 1363 3037 restringit
1377 2955 1415 3018 ad

136 3057 245 3106 casum
256 3043 291 3106 in
305 3061 365 3125 quo
375 3048 496 3123 urgeret
505 3041 635 3106 tentatio
650 3061 719 3124 quac
727 3041 817 3106 aliter
825 3041 909 3106 vinci
920 3059 983 3106 non
997 3050 1109 3124 posset,
1124 3045 1205 3125 quod
1214 3062 1284 3108 raro
1294 3044 1414 3108 accidit.

135 3165 181 3178 -
202 3131 234 3194 V.
252 3131 364 3212 Casus,
380 3151 411 3196 o.
428 3135 605 3214 abdetseq.

464 3348 517 3425 ΒΕ
545 3349 584 3426 ll
613 3347 822 3424 oscitoar
855 3347 1090 3426 PRAEGEPTO

331 3507 454 3570 Honora
465 3515 585 3592 petrem
601 3517 684 3568 tcum
697 3514 727 3568 et
738 3515 867 3568 matrem
883 3514 974 3569 tuum.
990 3507 1087 3569 Erod.
1103 3523 1158 3580 xx,
1175 3510 1224 3569 lt.

181 3687 243 3748 Hoc
262 3693 450 3769 preceptum
467 3689 622 3770 primurm
645 3691 676 3748 et
698 3685 810 3747 directe
824 3685 952 3768 respicit
976 3684 1174 3766 obligationes
1192 3683 1324 3746 filiorum
1347 3699 1417 3763 erga

135 3782 301 3856 parentes;
326 3775 506 3838 secundario
532 3781 636 3839 autern
661 3779 692 3837 et
717 3775 863 3858 implicite
891 3777 1006 3856 spectat
1033 3771 1231 3854 obligationes
1253 3776 1418 3853 parentum

137 3881 214 3964 erga
234 3863 329 3942 tilios,
353 3882 472 3929 necnon
489 3864 688 3946 obligationes
710 3872 836 3927 mutuas
857 3863 988 3927 aliorum
1011 3862 1210 3942 superiorum
1230 3865 1322 3942 etque
1340 3857 1417 3922 inte

135 3969 270 4017 norum.

666 4107 842 4184 CAPUT
873 4107 890 4184 1

335 4295 381 4348 DE
407 4293 701 4347 OBLIGATIONIBUS
727 4295 899 4346 FILIORUM
924 4292 1019 4346 ERGA
1044 4289 1227 4341 PARENTES

183 4463 254 4526 363.
270 4495 312 4508 -
322 4460 393 4526 Filii
410 4477 480 4541 erga
497 4464 637 4541 parentes
653 4457 870 4540 specialissima
882 4455 1119 4535 obstringuntur
1136 4452 1326 4536 obligatione.
1343 4450 1415 4514 Tria

138 4556 249 4614 autem
261 4549 357 4614 officie
367 4549 545 4631 parentibus
559 4568 578 4612 a
592 4547 665 4611 filiis
680 4547 851 4611 exbibenda
862 4551 937 4610 sunt
951 4542 1042 4608 titulo
1056 4543 1192 4625 pietatis,
1207 4560 1293 4607 amor
1306 4535 1413 4604 rideli-
