3216 5020
99 235 102 242 ·
219 213 289 272 111
750 224 958 271 cancarrus

218 337 433 402 masticando
452 338 571 400 cultum
586 335 717 401 daemoni
731 338 780 400 vol
793 335 881 400 alteri
894 344 1040 400 creatura
1059 336 1149 417 quasi
1163 341 1237 408 Deo,
1254 343 1310 399 aut
1328 337 1435 399 saltem
1449 356 1492 399 ex

215 425 450 597 opugoirliyqu'pd
459 426 550 579 1a3tali
564 433 701 489 creatura
720 425 894 501 obtinendi,
909 425 990 506 quod
1011 443 1030 486 a
1050 425 1112 487 solo
1133 429 1192 488 Deo
1206 424 1355 506 postulari
1375 431 1488 505 potcst.

600 711 616 798 5
634 709 678 778 ll.
701 711 746 778 De
760 730 852 777 cccco
870 709 1097 778 obseruantia.

253 887 322 947 act.
339 918 379 928 —
392 884 480 943 Vana
493 880 686 944 observantia
699 886 746 942 est
760 879 953 960 superstitio,
970 897 1038 961 quac
1056 880 1158 943 media
1171 898 1226 943 nec
1239 881 1489 961 proportionata,

214 991 268 1035 nec
282 991 300 1034 a
313 975 372 1034 Deo
386 969 532 1033 instituta
546 967 671 1031 adhibet
683 969 722 1030 ad
736 975 854 1030 certum
868 968 1010 1030 eflectum
1024 968 1238 1032 obtinendum.

254 1059 361 1124 Differt
381 1079 399 1122 a
419 1057 613 1140 divinatione
629 1076 664 1119 eo
684 1057 765 1138 quod
783 1058 847 1120 haeo
865 1063 990 1120 tantum
1008 1057 1167 1120 ordinetur
1185 1058 1223 1120 ad
1237 1059 1425 1120 occultorum
1438 1077 1490 1122 co

215 1149 399 1230 gnitionem,
422 1147 475 1210 illa
493 1165 564 1209 vero
582 1147 621 1208 ad
641 1145 784 1208 effectum
804 1153 979 1208 externum.
1000 1146 1149 1209 Convenit
1170 1165 1241 1208 cum
1262 1147 1384 1220 eadem,
1412 1145 1491 1227 quia

215 1238 328 1300 nititur
348 1254 486 1317 expresso
507 1235 555 1297 vel
574 1233 667 1298 tacito
687 1236 795 1297 saltem
815 1241 902 1316 pacto
920 1252 992 1297 cum
1013 1235 1161 1298 daemone.
1181 1234 1239 1311 Qui
1257 1235 1342 1297 enim
1359 1234 1436 1297 sorio
1454 1243 1489 1298 et

214 1325 370 1389 efficaciter
393 1325 486 1387 linem
508 1323 643 1404 aliquem
664 1323 801 1386 intendit
820 1343 874 1403 per
892 1323 994 1385 media
1011 1342 1067 1386 nec
1081 1323 1308 1405 proportionata
1322 1342 1410 1386 neca
1427 1327 1488 1386 [teo

213 1415 373 1489 instituta,
390 1413 512 1476 etiamsi
534 1411 680 1475 daemonis
702 1411 855 1474 auxilium
876 1411 1016 1492 expresse
1037 1431 1098 1476 non
1119 1413 1277 1493 imploret,
1294 1411 1360 1474 rim
1381 1419 1487 1474 tamen

213 1505 246 1566 in
261 1502 410 1585 ejusmodi
427 1501 536 1564 mediis
555 1500 668 1582 quaerit
682 1501 959 1580 supernaturalem,
977 1519 1045 1581 quae
1064 1519 1126 1563 non
1146 1509 1192 1564 est
1208 1504 1315 1575 aDeo,
1332 1520 1403 1580 ergo
1417 1519 1489 1582 quae

213 1601 296 1654 esta
315 1593 461 1654 damone.
484 1593 561 1669 Ergo
579 1587 728 1669 implicite
749 1589 817 1650 vult
840 1588 889 1650 uti
910 1589 1057 1652 daemonis
1079 1607 1149 1670 ope,
1169 1595 1225 1652 aut
1245 1592 1310 1671 ejus
1332 1589 1488 1651 auxilium

212 1686 375 1761 exspectat.

252 1768 391 1850 Triplicis
410 1774 456 1830 est
475 1765 592 1848 generis
614 1765 742 1840 scilicet,
760 1772 791 1828 1ο
811 1767 870 1827 Ars
892 1767 1025 1846 notoria,
1047 1785 1100 1828 seu
1119 1785 1169 1828 ars
1189 1765 1368 1848 acquirendi
1389 1765 1489 1829 scien-

212 1858 289 1921 tiam
304 1857 370 1919 sine
383 1857 493 1918 labore.
512 1859 545 1917 ⁶2⁰
561 1857 619 1916 Ars
633 1857 812 1932 sanitatum,
827 1872 882 1916 seu
895 1873 945 1916 ars
960 1854 1089 1916 sanandi
1108 1855 1202 1918 variis
1221 1854 1316 1934 signis
1331 1854 1379 1916 vel
1393 1855 1489 1917 rebus

213 1947 315 2009 sacris.
337 1949 368 2008 3⁰
388 1942 587 2008 Obseruantia
610 1951 780 2020 evecturum,
804 1961 866 2024 qua
886 1961 924 2004 ex
945 1943 1184 2006 consideratione
1205 1943 1335 2024 alicujus
1355 1950 1488 2006 eventus

212 2035 332 2098 fortuiti
346 2032 469 2112 conjicit
482 2031 552 2112 quis
572 2031 605 2094 id
620 2031 701 2112 quod
714 2030 852 2093 faustum
867 2031 914 2093 vel
931 2031 1103 2094 infaustum
1120 2031 1262 2094 futurum
1275 2031 1333 2107 sit,
1353 2031 1487 2114 indeque

212 2124 344 2187 actiones
357 2140 427 2185 suas
438 2121 625 2182 moderatur.
639 2155 679 2164 -
694 2118 730 2181 S.
747 2119 817 2201 Lip.
833 2140 863 2180 η.
882 2125 931 2182 lt.

333 2282 558 2361 Prlnclpia.

251 2424 274 2484 l.
295 2423 382 2484 Vana
403 2419 596 2482 observantia
619 2426 666 2481 est
686 2425 843 2498 peccatum
864 2418 1221 2499 grave,quiabonore1n
1239 2419 1383 2484 divinum
1401 2440 1484 2484 crea-

211 2519 288 2574 turae
303 2509 429 2584 tribuit,
447 2510 523 2570 dum
543 2507 581 2570 ab
602 2526 638 2570 ea
651 2511 803 2586 exspectat
825 2508 906 2589 quod
922 2525 941 2569 a
957 2507 1019 2569 solo
1038 2510 1096 2570 Deo
1117 2510 1355 2588 exspectandum
1373 2516 1435 2587 ast;
1451 2519 1486 2574 et

211 2600 283 2682 quia
296 2605 382 2680 pacto
394 2596 542 2678 implicito
558 2615 630 2659 cum
649 2597 785 2658 daemone
803 2595 927 2658 nititur.
945 2595 1069 2658 Venialc
1086 2603 1190 2658 ‘tarum
1212 2615 1289 2678 sape
1305 2617 1367 2660 esse
1380 2605 1486 2678 potest

209 2709 247 2752 ex
260 2687 485 2769 imperfectione
496 2692 598 2760 actus,
615 2704 653 2747 ex
667 2685 878 2765 simplicitate,
892 2703 930 2746 ex
942 2683 1117 2764 ignorantia
1133 2685 1235 2766 aliqua
1249 2688 1297 2749 vel
1310 2705 1346 2749 ex
1360 2685 1484 2750 timidi·
1567 2673 1580 2698 '

208 2785 286 2852 tate,
299 2785 337 2840 ut
349 2775 453 2840 evenit
466 2773 636 2855 praesertim
651 2774 734 2836 inter
747 2773 838 2836 rudes
854 2772 888 2834 in
902 2772 1095 2835 observantia
1106 2780 1284 2836 eventuum.
1303 2812 1341 2820 -
1356 2776 1392 2837 S.
1408 2777 1481 2859 [ἐς.

208 2886 239 2927 o.
256 2869 306 2929 15.

248 2955 286 3015 ll.
302 2956 389 3014 Vana
401 2951 596 3015 observantia
609 2949 800 3031 dignoscitur
812 2949 982 3031 prasertim
998 2956 1028 3013 1ο
1044 2969 1083 3012 eu
1100 2949 1318 3015 insufficientia
1331 2973 1429 3019 causa
1443 2956 1482 3018 ad

209 3043 351 3104 ellectum
371 3040 553 3102 naturaliter
571 3039 815 3121 producendum;
841 3043 874 3102 2⁰
897 3058 936 3101 ex
954 3038 1148 3119 adjunctione
1165 3057 1251 3104 vanae
1263 3043 1311 3104 vel
1327 3041 1409 3106 falsae
1422 3044 1482 3106 cir-

209 3129 404 3192 cumstantia
418 3128 507 3208 quasi
526 3127 693 3190 necessario
709 3127 886 3209 requisitam
902 3133 933 3191 3⁰
954 3146 992 3190 ex
1012 3126 1229 3192 infallibilitate
1247 3148 1316 3210 qua
1330 3132 1483 3195 tribuitur

208 3218 319 3282 mediis
331 3218 414 3280 nullo
429 3217 518 3280 modo
529 3216 751 3279 infallibilibus.
764 3252 804 3262 —
819 3217 855 3279 S.
871 3217 941 3298 Lc'q.
957 3237 988 3278 n.
1006 3219 1055 3280 l6.

249 3309 351 3370 111.1n
370 3305 463 3369 dubio
483 3323 561 3368 num
582 3304 706 3367 effectus
728 3305 911 3386 proveniant
928 3323 946 3366 a
964 3323 1056 3368 causa
1069 3305 1219 3380 naturali,
1234 3325 1273 3369 an
1292 3326 1310 3369 a
1326 3309 1481 3384 daemone,

210 3395 306 3459 tribui
317 3402 447 3476 possunt
458 3393 577 3457 viribus
591 3400 727 3470 naturae,
740 3400 771 3456 et
784 3392 911 3474 proinde
927 3392 1048 3456 licitum
1065 3401 1111 3456 est
1128 3393 1196 3457 illos
1214 3413 1391 3476 procurare,
1407 3398 1484 3478 quia

209 3503 270 3546 non
297 3490 417 3547 constat
441 3501 508 3545 rem
535 3501 600 3546 esse
622 3483 752 3559 malam;
783 3482 921 3545 consulto
946 3487 1051 3544 tamen
1076 3483 1277 3564 praemittitur
1301 3487 1483 3566 protestatio

209 3579 314 3636 contra
331 3571 499 3654 quamlibet
519 3570 667 3634 demonis
685 3571 906 3634 interventum.
920 3605 961 3616 -
979 3573 1013 3632 ln
1033 3570 1126 3634 dubio
1140 3579 1246 3634 autem
1264 3591 1304 3636 an
1322 3574 1483 3638 effectusa

208 3663 345 3725 damone
359 3661 407 3724 vel
418 3680 437 3722 a
450 3665 509 3724 Dec
522 3661 740 3740 producantur,
757 3658 783 3721 si
797 3665 878 3722 certo
890 3664 1008 3722 constet
1020 3677 1101 3722 cosa
1114 3677 1206 3723 causa
1224 3663 1359 3726 naturali
1374 3682 1481 3744 prove-

210 3749 275 3812 nire
295 3769 356 3813 non
377 3768 478 3831 posse,
496 3748 628 3812 daemcni
640 3746 799 3810 tribuendi
820 3753 909 3824 sunt,
930 3747 993 3820 nisi
1014 3747 1161 3810 sanctitas
1179 3750 1333 3830 operantis
1354 3752 1404 3814 vel
1420 3752 1481 3815 alia

209 3838 288 3900 clara
305 3836 626 3914 indiciaoontrarium
646 3837 862 3916 persuadeant,
886 3835 960 3917 quia
979 3835 1178 3900 temerarium
1199 3845 1246 3900 est
1265 3830 1481 3918 putare,'fieri

209 3945 326 4008 semper
337 3927 495 3990 miracula.
509 3925 596 3988 Unde
608 3942 670 3986 non
681 3923 752 3986 licet
763 3931 838 3986 tunc
851 3924 982 4005 experiri
993 3931 1101 3988 utrum
1113 3925 1237 3990 effectus
1249 3925 1292 3989 sit
1303 3935 1477 4004 secuturus,

209 4031 312 4078 necne.
328 4051 368 4060 -
382 4015 419 4078 S.
436 4016 506 4098 Lip.
528 4034 560 4078 a.
582 4017 632 4079 20.
648 4047 690 4060 —
703 4011 741 4075 S.
762 4012 901 4093 Thomas,
922 4017 951 4075 1.
973 4017 1016 4086 1.,
1034 4033 1063 4096 p.
1083 4015 1139 4090 96,
1157 4023 1218 4078 crt.
1234 4021 1267 4090 l,
1284 4025 1314 4078 et
1332 4017 1389 4080 clii
1402 4039 1480 4081 com-

209 4105 350 4166 renuiter.

330 4265 543 4332 ResolveS.

248 4404 318 4464 act.
335 4437 374 4447 -
389 4408 420 4466 l⁰
434 4400 665 4483 Superstitionis
677 4400 721 4464 rei
736 4405 824 4476 sunt,
841 4399 896 4483 qui
910 4407 1031 4483 gestant
1046 4399 1192 4483 ligaturas
1203 4361 1392 4484 quibusdam
1403 4402 1476 4469 'cba-

208 4489 376 4554 raotaribus
396 4491 603 4571 consignatam
628 4489 683 4573 qui
708 4495 789 4553 certa
812 4488 958 4553 invocant
982 4490 1109 4554 nomina
1130 4491 1250 4574 ignota,
1279 4499 1336 4557 aut
1357 4500 1475 4571 eertum
