3216 5020
890 243 918 280 Φ

644 313 686 357 ΒΕ
715 312 934 358 ultroneus

671 521 849 598 CAPUT
877 521 917 597 II

594 687 598 696 '
717 707 768 757 ne
795 707 866 757 sen

193 889 265 950 111.
280 921 319 930 -
336 887 407 966 Spes
431 890 478 946 est
498 884 599 948 virtus
623 886 865 966 supernaturalis
875 849 952 968 ,³per
973 905 1067 967 quam
1083 893 1164 948 certa
1179 904 1252 948 cum
1266 883 1377 948 fiducia
1390 903 1428 946 ex

149 975 207 1038 Dei
218 973 420 1056 promissione
433 980 644 1054 exspectamus
656 971 795 1036 futuram
807 974 1045 1049 beatitudinem,
1055 982 1086 1039 et
1099 974 1199 1038 media
1213 976 1253 1038 ad
1263 973 1348 1037 illem
1358 991 1427 1035 con-

150 1063 353 1232 8Ἥὲἓῶᾞῇ
374 1150 530 1212 materiate
553 1151 620 1232 Spei
646 1150 831 1232 primarium
851 1158 898 1214 est
916 1155 996 1216 Deus
1014 1152 1230 1233 possidendus,
1243 1153 1334 1233 juxta
1352 1150 1428 1213 illud

150 1245 227 1306 Gen.
244 1258 296 1314 xv,
314 1239 435 1322 1:qu
447 1259 497 1300 ero
511 1259 623 1301 merces
638 1249 690 1301 tue
704 1259 815 1321 mayoc
833 1240 934 1301 acinis.
950 1241 1109 1322 objectum
1128 1259 1198 1303 vero
1214 1238 1428 1304 secundarium

151 1335 230 1392 sunt
244 1328 348 1391 omnia
364 1327 464 1390 media
484 1328 522 1390 ad
538 1328 764 1391 beatitudinem
781 1329 1025 1410 consequendam
1039 1329 1221 1403 necessaria,
1238 1335 1274 1391 ut
1289 1327 1428 1390 remissio
1547 1380 1552 1391 .

150 1423 360 1498 peccatorum,
378 1416 474 1496 gratie
490 1415 541 1478 Dei
553 1435 605 1497 per
619 1416 730 1479 merita
742 1417 872 1493 Christi,
887 1424 944 1480 etc.

198 1505 354 1586 Objectum
375 1511 479 1567 autem
500 1504 630 1586 serenate
649 1505 718 1586 Spei
741 1511 788 1569 est
807 1505 929 1569 bonitas
942 1513 973 1568 et
990 1506 1119 1570 fidelitas
1135 1505 1189 1569 Dei
1203 1525 1274 1569 cum
1290 1508 1428 1586 ejusdem

151 1593 378 1676 omnipotentia
389 1595 561 1674 conjmreta.

196 1683 290 1745 Actus
319 1689 425 1745 autem
450 1682 484 1744 in
514 1684 571 1762 Spe
597 1682 724 1759 inclusi,
747 1690 821 1746 sunt
847 1682 1033 1746 desiderimn
1060 1681 1263 1745 beatitudinis
1288 1689 1425 1758 eterne,

150 1771 245 1835 firma
266 1770 377 1834 fiducia
397 1772 436 1833 ad
459 1769 545 1832 illam
566 1771 778 1853 perveniendi,
794 1777 825 1834 et
845 1776 963 1834 erectus
977 1771 1100 1834 animus
1117 1777 1220 1834 contra
1239 1777 1429 1834 occurrentes

150 1857 357 1922 difficultates.

197 1951 318 2011 Peccata
337 1967 409 2012 vero
432 1948 500 2029 Spei
521 1948 673 2029 opposita,
699 1955 773 2011 sunt
796 1948 964 2029 desperatio
985 1955 1015 2010 et
1042 1948 1250 2030 presumptio.
1276 1947 1361 2010 Prior
1383 1953 1429 2010 est

151 2035 326 2100 diffidentia
339 2036 513 2100 voluntaria
532 2036 690 2099 obtinendi
706 2036 945 2114 beatitudinem,
962 2044 993 2100 et
1009 2037 1109 2100 media
1123 2037 1161 2100 ad
1182 2055 1250 2100 eam
1264 2055 1427 2116 assequen-

149 2127 228 2188 dam
240 2124 418 2188 necessaria.
436 2161 474 2169 —
496 2125 647 2188 Posterior
665 2143 735 2188 vero
756 2132 802 2187 est
818 2125 995 2189 inordinata
1007 2125 1118 2189 fiducia
1134 2124 1334 2188 beatitudinis
1350 2123 1428 2187 ohti-

148 2215 263 2278 nende
278 2214 344 2276 sine
357 2212 468 2276 mediis
484 2232 502 2276 a
516 2217 575 2277 Deo
587 2213 746 2276 ordinatis.

279 2366 502 2448 Principia.
610 2373 612 2378 '

194 2505 265 2566 111.
284 2540 323 2548 -
346 2505 368 2566 Ι.
392 2505 464 2586 Spes
487 2503 520 2565 in
541 2502 655 2566 adultis
674 2503 844 2587 requiritur
864 2505 901 2568 de
921 2505 1093 2568 necessitate
1113 2501 1205 2566 medii
1223 2505 1262 2566 ed
1279 2501 1427 2584 justifica-

149 2592 281 2658 tionem.
296 2596 393 2656 Homo
411 2593 495 2655 enim
511 2592 550 2654 ad
563 2595 660 2656 Deum
677 2593 770 2656 finem
785 2612 878 2656 suum
893 2593 1042 2656 ultimum
1056 2593 1305 2675 consequendum
1323 2611 1426 2672 perve-

149 2680 221 2744 nire
238 2681 360 2762 nequit,
383 2679 445 2743 nisi
467 2678 597 2761 propriis
620 2681 739 2744 actibus
760 2681 794 2744 in
816 2681 921 2762 ipsum
946 2683 1070 2745 tendat:
1086 2682 1143 2744 hoc
1161 2689 1266 2744 autem
1287 2680 1353 2742 siue
1370 2681 1426 2760 Spe

149 2769 220 2833 fleri
234 2788 295 2833 non
307 2775 415 2850 potest.
431 2772 557 2832 Constat
568 2768 663 2832 etiam
678 2789 717 2832 ex
730 2770 819 2834 Cone.
840 2769 940 2843 Trea„
955 2790 1023 2833 sess.
1040 2773 1095 2846 VI,
1112 2791 1138 2832 e.
1153 2789 1196 2834 u.

195 2859 233 2920 11.
248 2860 320 2939 Spes
333 2857 500 2920 necessaria
511 2863 557 2920 est
568 2858 662 2920 etiam
676 2863 847 2921 necessitate
857 2863 1006 2942 precepti
1009 2877 1023 2938 ;
1037 2857 1192 2938 siquidem
1208 2857 1299 2920 datur
1315 2874 1424 2920 verum

149 2953 339 3028 preceptum
352 2945 491 3009 eliciendi
510 2951 595 3008 actus
614 2945 683 3026 Spei
702 2945 863 3027 aliquoties
884 2947 919 3009 in
933 2947 1009 3010 vita.
1030 2949 1157 3010 Constat
1171 2965 1209 3008 ex
1222 2945 1425 3026 propositione

148 3040 188 3099 1·
205 3035 243 3098 ab
264 3035 436 3098 Alexandro
458 3037 513 3096 VII
529 3035 689 3111 damnata,
706 3053 774 3116 qne
796 3035 838 3097 sic
857 3041 965 3098 sonet:
981 3036 1078 3098 Homo
1098 3033 1181 3096 nullo
1205 3053 1337 3116 unquam
1356 3038 1426 3097 vite

147 3143 216 3186 rue
235 3133 364 3206 tempore
386 3133 502 3186 tenetur
519 3122 625 3186 elicere
646 3132 744 3186 aetem
766 3123 870 3198 Fidei,
889 3123 966 3206 Spei
981 3133 1011 3187 et
1033 3123 1194 3203 Caritatis,
1215 3125 1425 3206 00001ον0000--

143 3222 274 3297 ptorem
287 3211 457 3275 divinorum
470 3211 512 3273 ud
525 3232 573 3274 ees
586 3213 714 3275 verteres
724 3211 950 3296 pertinentium.

194 3301 392 3376 Quandonam
412 3305 516 3363 autem
530 3305 561 3362 et
574 3318 708 3382 quonam
727 3301 816 3364 modo
833 3305 939 3381 urgeat
952 3305 1137 3382 preceptum
1153 3301 1237 3383 Spei,
1254 3301 1365 3364 iisdem
1379 3316 1424 3360 re-

148 3389 233 3470 gulis
245 3389 514 3453 determinandum
528 3395 575 3453 est
586 3408 663 3470 quas
678 3407 785 3470 supra,
798 3410 829 3450 n.
847 3393 921 3466 188,
941 3391 977 3453 de
991 3389 1065 3454 Fide
1085 3389 1268 3465 statuimus,
1282 3394 1313 3451 et
1326 3386 1421 3464 inira,

147 3499 182 3541 n.
196 3482 272 3553 118,
288 3477 468 3541 decoritate
483 3483 665 3542 statuemus.

274 3633 472 3710 Quaestta.

191 3774 262 3834 113.
275 3806 317 3818 -
330 3773 432 3847 Quen.
450 3777 482 3834 10
496 3771 574 3848 Quot
586 3769 682 3832 modis
695 3768 902 3832 committatur
913 3779 1066 3852 peccatum
1078 3767 1345 3854 presumptionis?

192 3857 281 3942 Resp.
293 3878 307 3921 :
323 3859 477 3942 Proeepee
493 3865 527 3924 10
548 3859 575 3922 si
591 3876 758 3940 presumas
779 3857 878 3920 vitam
895 3865 1042 3922 eternam
1060 3858 1190 3941 propriis
1208 3856 1328 3922 viribus
1344 3854 1422 3919 ohti=

146 3963 239 4024 nere;
252 3951 287 4011 10
303 3947 329 4010 si
343 3966 411 4010 eam
425 3954 577 4030 exspectes
592 3947 658 4010 sine
673 3946 789 4021 labore,
805 3964 844 4009 ex
864 3947 926 4010 sola
943 3947 998 4011 Dei
1011 3945 1228 4011 misericordia.
1244 3979 1282 3991 -
1297 3945 1334 4008 S.
1350 3945 1420 4026 Lip.

143 4055 180 4099 n.
197 4039 249 4100 11.

191 4127 294 4201 Quen.
311 4129 344 4187 10
358 4125 408 4186 An
418 4127 516 4208 pessit
527 4123 600 4186 deri
610 4124 744 4188 materie
754 4125 890 4206 pereites
902 4123 935 4186 in
946 4129 1080 4207 peccetis
1092 4131 1196 4186 eontra
1211 4119 1323 4204 Spem?

191 4213 282 4296 deep.
298 4218 331 4276 10
346 4213 489 4296 Affinis„
506 4213 605 4292 quoad
617 4212 902 4293 presumptionem,
919 4212 975 4276 etsi
990 4213 1092 4292 gravis
1103 4211 1144 4274 sit
1155 4229 1193 4274 ex
1205 4228 1311 4292 genere
1323 4228 1388 4273 suo.

190 4301 284 4384 Resp.
299 4305 356 4365 1οε
377 4301 471 4379 nee,
495 4301 594 4381 quoad
617 4301 877 4380 desperationem:
898 4299 988 4382 Nep,
1007 4301 1034 4362 si
1055 4299 1095 4362 sit
1110 4299 1239 4381 perfecte
1256 4305 1287 4362 et
1304 4297 1423 4381 proprie

144 4389 246 4466 dicte
263 4409 358 4468 secter,
376 4389 402 4453 si
417 4390 459 4452 sit
469 4387 659 4470 imperfecta,
675 4394 711 4450 ut
723 4405 801 4470 sepe
812 4388 847 4452 in
860 4388 987 4452 tristitia
998 4394 1030 4451 et
1043 4387 1239 4469 impatientia
1251 4387 1370 4452 accidit.

190 4483 262 4542 111.
277 4515 318 4524 -
331 4480 431 4554 Quen.
449 4483 482 4542 30
498 4479 550 4540 Ae
567 4480 608 4539 sit
617 4485 769 4560 peecatum
787 4486 892 4540 eontra
910 4477 1014 4560 Spem,
1033 4496 1141 4559 cupere
1154 4488 1298 4562 perpetuo
1316 4477 1349 4538 in
1368 4475 1422 4538 doc

144 4567 264 4631 mundo
278 4570 395 4646 viver&
410 4577 464 4630 aut
476 4587 491 4629 e
504 4566 659 4630 contrario
672 4585 711 4630 ee
724 4565 811 4630 toedr'o
824 4573 949 4629 mortem
963 4565 1122 4649 erepere?
