3216 5020
660 245 703 290 DE
728 243 902 289 PECCATIS
1348 236 1418 296 185

135 358 224 422 cium
239 358 276 420 de
290 355 425 431 malitia,
440 355 517 436 quin
533 372 620 418 mens
634 373 686 436 per
700 355 874 417 discursum
889 352 1002 435 pluries
1016 354 1049 417 in
1064 353 1194 436 seipsam
1209 358 1330 436 speciali
1346 365 1415 424 actu

136 446 289 520 reflectat;
308 449 444 507 attamen
459 463 576 525 semper
593 463 664 507 vera
675 447 704 506 et
716 445 803 525 plena
816 444 929 506 mentis
943 443 1134 520 deliberatio,
1151 449 1182 506 et
1195 445 1307 525 objecto
1322 467 1416 528 praro

137 535 234 616 plena
247 534 382 597 adhaesio
395 532 574 614 requiritur.

179 625 282 698 Dona.
297 627 331 686 3ο
345 623 487 697 0111111
501 623 701 704 requirantur
714 621 757 683 od
767 634 919 702 peccatum
939 622 1077 684 veniale?

180 712 271 793 Resp.
281 730 294 772 .·
305 711 354 773 Ad
367 715 522 791 peccatum
534 710 652 772 veniale
666 709 869 790 requiruntur
880 714 909 771 et
922 709 1078 773 sufficiunt
1091 710 1280 773 advertentia
1293 711 1412 794 aliqua,

137 799 342 882 quantumvis
363 799 487 878 exigua,
509 800 549 861 od
569 803 654 861 actus
676 797 847 872 malitiam,
875 802 905 860 et
927 798 1039 879 aliquis
1059 798 1227 863 voluntatis
1251 817 1416 864 consensus

137 888 345 970 quantumvis
367 887 589 968 imperfectus:
613 885 815 968 requiruntur
836 887 895 948 ista
913 887 1056 968 quidem,
1080 888 1154 970 quia
1178 887 1262 950 hisce
1286 889 1415 952 sublatis

137 977 225 1040 nulla
246 977 321 1038 mali
340 975 471 1056 cognitio
491 983 523 1038 et
541 975 662 1049 volitio,
685 981 715 1036 et
734 975 860 1054 proinde
880 975 1003 1038 nullum
1027 983 1182 1056 peccatum
1205 995 1269 1038 esse
1290 984 1413 1056 potest:

138 1063 298 1127 sufficirmt
311 1083 396 1140 vero,
417 1065 490 1145 quia
503 1064 564 1127 illis
579 1063 687 1144 positis
700 1063 774 1124 mali
790 1063 920 1143 cognitio
937 1067 967 1125 et
980 1063 1101 1140 rolino,
1117 1083 1186 1146 quae
1203 1065 1241 1126 ad
1258 1073 1417 1146 peccatum

138 1153 390 1216 constituendum
402 1152 577 1215 necessariae
592 1157 679 1226 sunt,
697 1151 801 1232 aliqua
813 1152 932 1214 ratione
947 1152 1110 1215 habentur.

181 1245 254 1304 151.
277 1278 317 1287 -
339 1243 440 1316 Qonn.
466 1245 500 1304 1ο
522 1241 674 1318 Quomodo
693 1247 814 1322 peccota
835 1244 950 1322 possint
969 1241 1107 1321 clc'yrtosci
1129 1242 1277 1304 mortalia
1299 1248 1418 1306 ratione

138 1331 295 1392 matm'oe?

182 1419 273 1500 Beap.
286 1437 299 1479 .·
310 1418 433 1500 iiiplex
446 1419 551 1499 regula
562 1418 747 1498 assignatur.

182 1506 214 1568 1⁰
226 1507 355 1588 Reputo.
365 1508 594 1571 Recurrendum
606 1507 702 1569 estad
711 1507 904 1588 Scriptorum
915 1509 1122 1582 sacram.erae
1134 1508 1218 1570 enim
1229 1508 1291 1570 sint
1300 1510 1415 1588 gratia,

141 1597 188 1658 rel
201 1615 271 1676 que
286 1595 380 1670 levia,
399 1613 462 1657 non
476 1596 613 1658 humano
627 1597 681 1658 sed
695 1595 800 1658 divino
814 1599 888 1656 sunt
899 1596 1054 1676 pensanda
1064 1595 1196 1676 judicie,
1211 1596 1255 1659 ait
1272 1597 1308 1658 S.
1325 1599 1415 1678 dap,

138 1683 243 1747 non.
259 1704 285 1746 c.
302 1703 418 1746 cxxvii.
439 1687 530 1747 Porro
546 1703 581 1746 ea
600 1688 673 1746 sunt
686 1682 827 1745 mortalia
840 1683 1059 1762 existimanda,
1079 1703 1147 1766 qua
1161 1685 1195 1746 in
1210 1687 1241 1746 S.
1263 1684 1418 1764 Scriptura

138 1773 334 1835 declarantur
348 1773 440 1852 digna
461 1776 573 1848 morte,
594 1779 649 1834 aut
663 1773 822 1835 excludere
840 1790 859 1834 a
878 1789 970 1852 regno
989 1773 1150 1848 coelorum3
1168 1772 1217 1835 rel
1235 1792 1304 1854 quae
1319 1791 1416 1834 enun-

141 1860 261 1923 tiantur
275 1879 347 1923 cum
358 1861 507 1942 particula
518 1880 578 1936 co,
592 1879 661 1942 quae
675 1879 747 1923 sane
761 1859 985 1923 deformitatem
999 1879 1068 1923 vere
1083 1879 1206 1942 gravem
1221 1862 1354 1923 denotat.
1370 1861 1418 1923 Sic

140 1951 249 2030 nposc.
265 1951 301 2012 de
313 1949 455 2030 operibus
467 1949 584 2025 carnis,
601 1949 706 2010 Galat.
721 1969 753 2024 t,
770 1954 824 2023 te,
838 1949 901 2010 ait:
919 1949 992 2026 Oooe
1009 1960 1080 2012 aunt
1092 1951 1271 2029 fornicatio,
1288 1950 1418 2010 11111111-

142 2038 238 2116 ditia,
261 2039 468 2120 impudicitia,
491 2039 656 2101 luxurio...
673 2038 806 2120 predico
825 2039 920 2117 vobis,
940 2043 1019 2100 sicut
1034 2039 1186 2119 prodici,
1208 2043 1349 2120 quoniam
1364 2043 1420 2119 qui

138 2125 219 2188 talio
228 2138 337 2208 cpont,
351 2145 478 2209 reqnom
488 2127 547 2188 Dei
555 2147 615 2187 oon
620 2126 827 2210 possidebunt.
836 2163 876 2172 —
885 2128 990 2191 Recole
999 2127 1092 2189 etiam
1102 2129 1224 2208 longam
1232 2126 1340 2189 seriem
1351 2147 1417 2208 peo-

141 2221 284 2278 catorum
298 2215 487 2290 mortalium,
499 2234 568 2297 quae
581 2222 713 2278 recenset
725 2218 829 2296 Apost.
845 2214 938 2278 lCor.
950 2235 983 2278 rr
994 2226 1023 2278 et
1034 2235 1107 2298 seq„
1118 2227 1154 2276 ut
1166 2235 1260 2299 caepro
1274 2216 1367 2299 Prop.
1379 2235 1415 2278 11.

185 2302 236 2364 11⁶
250 2303 375 2384 Reputo.
389 2304 620 2368 Recurrendum
634 2311 680 2366 est
694 2304 735 2367 cd
748 2303 933 2379 Ecclesiam,
951 2323 1005 2367 seu
1017 2305 1055 2366 ad
1070 2304 1262 2368 definitiones
1275 2307 1325 2366 SS.
1341 2309 1418 2367 Pon-

139 2391 278 2466 tificum,
295 2393 332 2454 ad
349 2397 471 2455 Decreta
489 2393 692 2456 conciliorum
714 2393 918 2473 generalium,
941 2397 1010 2468 etc,
1034 2393 1196 2474 inquibus
1215 2395 1303 2474 plura
1322 2393 1419 2455 decla-

140 2484 254 2543 rantur
270 2481 425 2556 mortalia,
441 2481 488 2544 vel
503 2485 624 2543 tantum
639 2481 780 2544 venialia.
798 2481 930 2544 Ecclesia
944 2481 1028 2558 etaim
1043 2487 1088 2544 est
1103 2482 1247 2545 columna
1260 2481 1416 2557 veritatis,

140 2574 172 2630 et
185 2567 313 2649 proinde
326 2570 365 2632 ab
380 2572 445 2650 ejus
460 2570 598 2632 doctrina
611 2571 716 2650 regula
729 2577 760 2632 et
774 2588 919 2632 mensura
932 2589 1055 2632 morum
1069 2571 1231 2650 repetenda
1245 2575 1301 2632 est.

180 2655 251 2719 111ιι
265 2658 393 2739 Reputo.
410 2659 639 2722 Recurrendum
651 2665 699 2720 est
709 2658 751 2720 od
763 2657 822 2720 SS.
837 2659 962 2737 Patres,
977 2659 1018 2718 od
1029 2658 1178 2722 Ecclesiae
1189 2659 1349 2732 Doctores,
1364 2675 1418 2720 nec

141 2763 206 2808 non
221 2746 260 2808 ad
274 2765 470 2808 communem
490 2746 698 2826 theologorum
713 2747 895 2810 doctrinam.
913 2747 1035 2808 Etenim
1050 2749 1100 2809 SS.
1117 2751 1220 2809 Patres
1238 2752 1268 2808 et
1281 2750 1419 2814 Doctores

142 2832 268 2898 fuenrnt
281 2853 300 2896 a
313 2838 372 2898 Deo
386 2834 420 2896 in
434 2835 535 2898 medio
549 2835 686 2898 Ecclesiae
700 2835 793 2915 positi
806 2839 954 2915 tanquam
970 2835 1099 2898 lucernae
1113 2837 1251 2898 ardentes
1267 2836 1305 2896 ad
1320 2835 1418 2914 depel-

141 2921 247 2985 lendas
261 2923 372 2984 erroris
389 2924 543 2998 tenebras,
558 2923 639 2985 etad
653 2923 755 2985 fideles
768 2923 800 2984 in
814 2921 864 2984 via
879 2923 1017 2985 veritatis
1029 2922 1259 2985 illuminandos.
1274 2922 1418 3002 Theologi

141 3028 214 3072 vero
237 3011 349 3074 melius
372 3016 502 3087 norunt,
524 3029 618 3092 quam
639 3011 753 3086 caeteri,
780 3011 943 3091 Scriptura
967 3029 1001 3073 ac
1023 3015 1149 3074 Patrnm
1171 3011 1362 3086 testimonia,
1388 3017 1419 3072 et

143 3099 283 3162 Ecclesia
298 3101 435 3173 Decreta,
451 3099 661 3180 interpretari,
675 3105 766 3182 atque
779 3119 868 3162 casus
881 3116 944 3161 non
959 3099 1098 3162 definitos
1109 3117 1181 3162 cum
1193 3099 1342 3172 definitis,
1357 3117 1420 3162 non

142 3187 308 3250 declaratos
320 3206 392 3251 cum
404 3188 561 3251 declaratis
575 3189 723 3263 conform,
737 3195 827 3270 atque
841 3207 878 3250 ex
892 3187 1020 3269 paritate
1034 3189 1082 3250 vel
1097 3188 1301 3251 similitudine
1313 3205 1419 3267 oppor-

141 3277 237 3338 tunas
260 3277 406 3339 deducere
430 3276 646 3340 conclusiones.
674 3280 745 3353 Quae
773 3277 869 3357 igitur
891 3277 929 3339 ab
953 3276 1029 3357 ipsis
1055 3277 1246 3340 unanimiter
1270 3281 1419 3356 tanquam

140 3364 286 3428 mortalia
305 3365 467 3441 habentur,
491 3370 528 3428 ut
548 3365 620 3428 talia
640 3366 822 3429 estimanda
845 3371 936 3440 sunt3
961 3366 1124 3428 Doctorum
1145 3365 1229 3428 enim
1255 3380 1419 3426 consensus

140 3452 283 3516 rerintis
297 3453 448 3524 indicium
461 3461 519 3517 est.

184 3546 255 3606 too.
272 3577 312 3587 —-
332 3542 546 3606 Deficientihus
566 3542 732 3623 praemissis
753 3541 880 3622 regulis,
901 3542 988 3604 valde
1009 3541 1130 3604 difficile
1150 3545 1196 3604 est
1215 3539 1419 3602 determinare

143 3631 342 3710 quandonam
354 3635 511 3712 peccatum
523 3631 565 3693 sit
577 3650 668 3712 grave
677 3631 809 3699 velleve.
822 3630 996 3694 Generatim
1008 3637 1112 3693 autern
1125 3629 1230 3711 gravia
1239 3632 1419 3690 censentur:

185 3724 219 3782 1ο
238 3719 349 3782 Omnia
367 3725 569 3801 peccataque
589 3725 664 3782 sunt
681 3718 792 3782 directe
807 3723 910 3781 contra
927 3723 1039 3795 Deum,
1055 3720 1103 3782 ccl
1118 3718 1253 3798 aliquam
1270 3717 1335 3794 ejus
1353 3733 1422 3794 per-

143 3805 323 3870 lectionem:
340 3807 415 3870 item
429 3808 533 3872 omnia
552 3813 671 3890 peccata
685 3826 753 3890 quae
768 3814 900 3887 vergunt
916 3807 950 3870 in
965 3825 1056 3889 grave
1072 3805 1285 3889 prejudicium
1302 3801 1420 3882 generis

142 3895 292 3972 humani,
309 3901 344 3959 ut
358 3903 432 3959 sunt
443 3897 535 3960 varice
550 3897 681 3960 luxuriae
696 3895 824 3977 species;

193 3989 226 4047 2⁰
240 3986 350 4049 Omnia
361 3993 481 4066 peccata
495 4005 562 4066 quae
574 3985 708 4066 graviter
723 3991 895 4065 repugnant
908 3985 965 4048 fini
979 3983 1086 4065 magni
1099 3981 1245 4046 momenti
1258 3999 1311 4062 per
1324 3980 1421 4060 legem

141 4071 283 4147 intento,
309 4079 345 4137 ut
370 4074 495 4139 omissio
516 4074 643 4156 iejunii,
671 4074 786 4149 Missa,
813 4073 1009 4138 confessionis
1034 4089 1160 4144 annuae,
1188 4067 1420 4132 Gommrmionis

144 4161 318 4234 Poscholis,
335 4167 405 4238 etc.;

186 4255 220 4314 3ο
234 4251 346 4314 Omnia
364 4257 482 4332 peccata
501 4251 614 4333 quihus
634 4252 766 4333 graviter
782 4251 905 4316 laeditur
919 4249 1077 4332 proximus
1096 4247 1130 4310 in
1148 4245 1237 4312 bonis
1256 4247 1342 4321 rita,
1360 4245 1421 4308 lor-

144 4339 365 4440 1111111111,
387 4345 456 4416 etc,
476 4345 511 4404 ut
525 4340 742 4416 homicidium,
759 4340 902 4404 detractio
921 4337 1058 4421 proximo
1078 4335 1164 4398 valde
1177 4336 1284 4412 noxia,
1301 4335 1418 4398 furtum

144 4428 474 4580 noliassllerurllolimites
495 4518 577 4580 inter
597 4523 754 4598 peccatum
773 4517 901 4582 mortale
919 4521 950 4578 et
971 4515 1088 4578 veniale
1107 4533 1185 4596 sape
1205 4514 1316 4595 sapius
1341 4511 1422 4574 nullo
