3216 5020
628 208 671 252 on
697 208 917 253 vmrurmus
1340 199 1408 258 209

178 321 376 384 1111111.-
399 341 414 377 a
439 319 580 380 Sanctam
601 317 764 380 Ecclesiam
785 318 987 394 catholicam,
1014 321 1191 382 Sanctorum
1214 322 1411 385 Communic-

132 428 223 474 nem.
232 406 507 470 ›r-l0Ecclesiam
513 425 526 484 ,·
537 407 721 469 credendum
731 406 870 487 explicite
878 409 959 488 quod
974 408 1014 470 sit
1026 427 1090 471 una
1103 427 1175 470 vera
1186 409 1326 486 Ecclesia,
1338 415 1407 488 etc,

132 505 293 579 utsupra.
311 500 345 559 2⁰
360 494 520 574 Sanctam
535 494 647 558 sufficit
664 495 739 557 scire
759 499 789 557 et
806 496 939 570 credere,
954 515 1018 558 esse
1035 499 1171 559 sanctam
1185 497 1223 559 ob
1237 505 1342 578 caput,
1358 502 1411 564 do-

134 586 289 659 ctrinam,
305 586 497 647 Sacramenta
512 602 583 658 sua,
604 587 634 645 et
652 585 777 646 miratos
792 583 1005 660 Canonizatos,
1022 584 1146 665 quiade
1164 586 1279 649 cateris
1299 587 1414 652 diversi

136 676 259 739 diverse
282 673 429 736 sentiunt.
454 708 495 718 -
517 678 550 737 30
565 671 767 744 0111111111·
789 671 902 735 sufficit
925 673 1129 736 obedientiam
1149 673 1209 757 ipsi
1229 675 1264 737 in
1286 694 1414 757 persona

136 763 249 844 capitis
266 761 315 824 sui
329 761 461 824 visibilis
475 760 620 843 profiteri.
636 797 676 806 -
690 765 723 822 10
744 760 986 824 Commoaioaem
1002 762 1202 843 Senatorum·
1215 782 1255 826 an
1269 766 1416 829 credenda

138 851 297 934 explicite,
319 853 350 913 et
367 850 467 931 quoad
485 849 620 931 aliquam
640 849 950 914 communicationem
968 851 1144 914 orationum
1165 855 1345 915 tantumt...
1365 857 1417 916 An

139 948 269 1006 tantum
282 938 431 1019 implicite
443 938 479 1000 in
490 938 611 1001 um'tate
625 937 763 1000 Ecclesia
772 941 823 999 1,..
839 938 896 1000 sub
910 939 997 1018 gravi
1012 940 1059 1001 vel
1073 940 1130 1002 sub
1142 940 1259 1004 levit...
1269 946 1335 1018 Non
1345 961 1417 1004 con-

139 1028 276 1093 veniunt
290 1031 439 1090 Doctores,
461 1027 616 1108 Quidquid
634 1025 690 1100 sit,
708 1026 742 1088 in
755 1025 844 1108 praxi
858 1045 963 1089 omnes
977 1027 1121 1091 videntur
1134 1027 1317 1093 sufficienter
1331 1030 1418 1093 illam

141 1134 336 1198 cognoscere,
353 1133 424 1178 cum
440 1133 519 1197 sape
532 1115 634 1178 dicant
652 1114 714 1178 Ora
726 1135 783 1196 pro
796 1135 857 1194 me,
874 1117 1057 1196 sanctosque
1078 1115 1251 1198 frequenter
1264 1118 1416 1182 invocent.

186 1211 213 1270 X
227 1207 304 1268 Aur.
316 1240 356 1250 -
374 1227 390 1264 a
405 1203 629 1269 Remissionem
642 1210 845 1284 peccatorum.
864 1226 879 1262 »
891 1239 930 1251 -
939 1210 970 1266 10
986 1205 1177 1268 Credendum
1191 1207 1328 1288 explicite
1337 1207 1420 1289 quod

142 1300 227 1358 Deus
240 1292 378 1356 remittat
391 1299 511 1374 peccata
524 1292 669 1355 omnibus
686 1293 745 1354 rite
758 1291 924 1372 dispositis.
937 1329 975 1337 —
985 1297 1018 1354 9⁰
1029 1295 1105 1354 Item
1114 1299 1290 1373 potestatem
1302 1300 1421 1377 peccata

144 1381 325 1448 remittendi
339 1381 373 1444 in
387 1381 519 1445 Ecclesia
533 1400 607 1444 esse.
620 1417 662 1427 -
671 1387 703 1445 30
712 1381 904 1444 Credendum
913 1380 1026 1461 pariter
1038 1381 1192 1462 explicite,
1206 1383 1323 1448 nullam
1335 1389 1422 1447 extra

145 1471 329 1546 Ecclesiam,
345 1470 453 1546 idest,
470 1470 535 1532 sine
549 1468 750 1532 sacramentis
765 1468 904 1532 Ecclesia
918 1461 973 1531 1111Ι
986 1488 1092 1533 eorum
1106 1477 1193 1546 voto,
1209 1490 1274 1534 esse
1286 1480 1422 1553 peccato-

148 1577 223 1623 rum
236 1558 458 1622 remissionem.

191 1651 231 1713 Xl
248 1652 326 1712 Aer.
345 1684 384 1694 -
409 1671 424 1708 a
444 1647 551 1712 damis
572 1646 833 1710 resurrectionem.
852 1668 867 1706 r
887 1682 928 1692 -
947 1653 978 1708 10
995 1647 1269 1722 Resurrectionem,-
1283 1649 1423 1731 explicite

148 1738 300 1802 credenda
314 1737 456 1800 omnium
470 1743 664 1799 mortuorum
678 1735 867 1798 resurrectio.
881 1772 920 1780 —
931 1741 963 1798 2⁰
975 1735 1104 1808 Comata
1118 1755 1180 1799 nou
1194 1755 1264 1799 vero
1274 1737 1422 1814 hominis,

147 1831 191 1890 ut
202 1827 382 1889 ostendatur
395 1826 495 1888 solrun
509 1843 617 1905 corpus
632 1823 801 1904 corrumpi,
815 1825 891 1887 dum
907 1823 1012 1886 anima
1027 1832 1166 1887 remanet
1182 1825 1425 1906 incorruptibilis

148 1922 184 1978 et
197 1913 390 1977 immortalis.
1353 1943 1355 1948 ·

195 2006 248 2067 Xll
265 2004 341 2066 Aur.
356 2038 397 2049 —
413 2026 428 2061 a
444 2002 547 2065 Vitam
567 2005 723 2065 aternam.
744 2023 759 2060 1
776 2036 815 2045 -
830 2007 862 2065 10
876 2001 1022 2082 Explicite
1037 2004 1184 2066 credenda
1199 2004 1236 2066 de
1251 2003 1427 2066 necessitate

150 2091 249 2156 medii
263 2093 419 2155 beatitudo
435 2097 550 2154 aterna
564 2094 731 2172 justorum.
751 2125 792 2135 —
805 2093 837 2152 2⁰
853 2094 945 2154 Poena
959 2096 1073 2153 aterna
1086 2091 1317 2167 damnatorum,
1334 2110 1428 2174 quam

148 2181 303 2246 indirecte
314 2181 493 2261 profitemur
507 2180 654 2243 credendo
668 2178 765 2241 vitam
779 2185 925 2241 aternam
937 2179 1032 2261 justis
1047 2181 1279 2244 concedendam.

699 2373 839 2420 PUNCTUM
860 2374 883 2416 ll

550 2511 591 2565 De
604 2507 731 2564 sciendis
745 2508 781 2564 11
796 2508 872 2564 recte
887 2507 1038 2578 agendum.

464 2649 485 2703 l.
500 2677 537 2689 —
556 2662 590 2704 nu
609 2659 764 2703 roacarrrs
783 2660 918 2702 ormnem
940 2661 1125 2703 reaccensae

157 2869 162 2880 ,
201 2797 270 2858 201.
286 2827 328 2838 -
343 2794 366 2854 1.
384 2795 532 2872 Praecpta
544 2791 680 2871 Decologi
699 2809 705 2851 :

203 2888 235 2946 10
256 2881 345 2946 Certo
358 2880 468 2943 notitia
481 2880 616 2960 Deoalogi
629 2877 771 2960 explicita
785 2897 821 2940 ex
833 2884 979 2959 pracepto
991 2877 1135 2940 omnibus
1147 2879 1287 2942 fidelibus
1300 2897 1433 2942 necessa·

158 2972 210 3035 ria
223 2975 279 3034 est.
297 3005 337 3015 —
351 2970 403 3031 Ita
414 2989 523 3034 ornnes.

204 3064 237 3122 2⁰
253 3060 362 3121 Etiam
376 3059 537 3138 Decalogus
552 3057 718 3121 credendus
735 3061 781 3118 est
792 3053 947 3135 explicite,
964 3055 1038 3136 quia
1051 3061 1199 3136 praccepta
1211 3057 1346 3138 Decalogi
1361 3063 1435 3120 sunt

160 3149 311 3224 revelata,
323 3154 360 3211 ut
374 3147 412 3210 ab
428 3146 572 3210 omuibus
587 3151 762 3220 servantum
781 3161 870 3224 porro
884 3143 965 3224 quod
980 3143 1147 3206 revelatum
1162 3151 1222 3219 est,
1238 3145 1316 3208 Fide
1329 3147 1436 3208 divina

159 3244 213 3301 est
227 3238 426 3312 credendum;
443 3242 473 3298 et
486 3235 567 3317 quod
581 3234 750 3297 revelatum
766 3239 813 3294 est
827 3231 864 3293 ad
882 3230 1056 3311 dirigendos
1070 3236 1154 3295 actus
1169 3233 1375 3313 singulorum,
1390 3239 1437 3294 est

160 3327 206 3390 ab
219 3325 364 3388 omnibus
379 3323 518 3406 explicite
532 3323 727 3386 credendum.
751 3325 840 3400 Ergo.
859 3319 1079 3382 contradicunt
1101 3327 1206 3382 tamen
1224 3322 1340 3402 plures,
1363 3319 1436 3402 quia

160 3414 226 3478 alio
242 3415 330 3476 modo
345 3433 379 3477 ac
391 3433 445 3494 por
459 3411 687 3484 revelationem,
702 3407 852 3490 ejusmodi
865 3414 1015 3489 precepta
1026 3409 1111 3470 nosci
1124 3414 1261 3488 possrmt.

208 3507 241 3566 30
258 3506 325 3566 Non
353 3500 520 3566 necessario
544 3498 721 3561 memoriter
739 3505 770 3560 et
795 3497 900 3559 ordine
927 3496 1014 3558 solito
1038 3496 1160 3560 scienda
1183 3501 1256 3560 sunt
1273 3501 1436 3579 praeopta,

163 3591 312 3674 quanvis
325 3593 363 3654 ad
377 3592 435 3653 boc
451 3590 551 3654 fideles
565 3586 709 3651 hortandi
721 3586 796 3648 sint.

211 3684 281 3744 101.
290 3683 376 3742 -11,
393 3682 543 3759 Praecepta
556 3675 695 3740 Ecclesia
712 3694 719 3736 :

212 3774 243 3832 10
263 3761 329 3832 Non
344 3772 416 3831 sunt
430 3767 577 3830 credenda
589 3764 662 3829 Fide
676 3763 796 3838 divina,
810 3761 882 3843 quia
898 3779 915 3823 1
928 3765 987 3824 Deo
1002 3780 1064 3825 non
1080 3768 1155 3825 sunt
1168 3763 1313 3838 revelata,
1332 3764 1440 3826 saltem

163 3863 325 3940 quatenus
338 3863 485 3938 praecepta
498 3859 572 3918 sunt
586 3851 735 3917 Ecclesiae.
752 3851 831 3913 lllud
845 3854 966 3912 tantum
977 3851 1163 3914 credendum
1176 3856 1237 3924 est,
1250 3852 1331 3931 quod
1342 3852 1441 3914 Eccle-

167 3946 219 4010 sia
232 3947 311 4027 leges
322 3965 357 4009 ac
368 3949 513 4027 pracepta
529 3942 645 4006 ferendi
655 3945 708 4023 jus
723 3959 761 4002 ex
776 3939 957 4002 auctoritate
971 3938 1078 4003 dimna
1091 3938 1211 4002 babeat.

212 4039 246 4098 2⁰
259 4035 374 4098 Debent
388 4033 460 4097 sciri
476 4033 513 4097 ab
533 4032 677 4095 omnibus
694 4027 845 4110 praecipua
865 4029 1003 4091 Ecclesia
1017 4029 1176 4110 praecepta,
1195 4045 1329 4106 quorum
1342 4027 1443 4092 obser-

168 4123 255 4188 vatio
267 4124 306 4186 ad
318 4141 423 4186 omnes
434 4122 535 4185 fideles
545 4119 694 4203 pertinet:
705 4135 814 4197 nempe
823 4123 1007 4198 praeceptum
1015 4121 1105 4180 Festa
1118 4114 1248 4189 colendi,
1260 4117 1445 4199 Missamque

166 4216 208 4280 in
222 4213 262 4276 iis
278 4212 437 4286 audiendi,
453 4215 639 4292 preceptum
659 4205 856 4270 consessionis
875 4224 1000 4280 annua,
1022 4201 1253 4267 communionis
1276 4207 1443 4284 Pascbalis,

165 4302 282 4387 jejunii
296 4304 326 4364 et
339 4298 548 4374 abstinentia,
566 4313 704 4380 quasue
722 4295 784 4356 loco
801 4292 1043 4373 explicabuntur.

214 4392 263 4454 nd
279 4389 494 4470 obligationem
510 4392 657 4469 praeopta
672 4382 815 4446 noscendi
833 4385 988 4445 revocatur
1002 4379 1110 4455 etiam,
1127 4381 1207 4462 quod
1222 4383 1337 4464 singuli
1351 4385 1447 4450 officia

168 4479 293 4565 proprii
303 4483 401 4542 status
413 4497 468 4541 seu
481 4473 664 4540 conditionis
680 4490 768 4536 nosse
782 4469 949 4534 necessario
965 4469 1080 4532 debeat.

269 4594 449 4638 corre-'rora
464 4592 484 4636 1.
1309 4579 1341 4630 lt
