3216 5020
630 217 673 261 uu
694 217 919 261 vrnrurraus
1344 209 1413 271 225

132 329 298 413 peculiaris
319 328 421 409 aliqua
441 327 518 390 ratio
539 333 724 408 permoveat.
738 329 798 389 Nec
814 326 900 390 facile
919 329 1083 394 admittere
1101 329 1215 394 debent
1234 339 1414 412 spontaneos

132 426 340 492 accusatores,
357 424 388 480 et
403 417 501 479 multe
513 417 619 480 urinus
633 415 725 478 fidem
738 415 846 480 statim
859 415 922 480 illis
939 417 1087 498 praebere,
1104 418 1178 500 quia
1191 419 1349 486 interdum
1360 423 1415 486 isti

136 509 236 590 specie
250 507 322 570 boni
335 505 510 570 eommunis
522 505 635 586 seipsos
649 510 807 585 quaerunt.

181 603 213 660 7⁰
222 599 257 658 ln
269 593 545 658 communitatibus
558 593 615 656 sub
628 593 732 673 regula
744 593 932 668 viventibus,
944 593 978 656 in
990 594 1131 676 collegiis,
1145 598 1329 673 seminariis,
1341 607 1411 675 etc,

135 687 320 766 plerumque
341 683 462 763 expedit
480 687 517 744 ut
539 681 681 744 eorrectio
695 681 749 743 fiat
764 681 814 743 via
828 681 1072 746 denuntiationis
1093 685 1131 745 ad
1151 686 1341 765 Superiorem
1360 695 1415 751 aut

138 793 195 855 per
210 793 252 846 se,
269 780 324 835 aut
338 791 391 852 per
403 771 516 845 alium;
530 789 585 833 nec
599 777 729 851 possunt
742 769 858 832 absolvi
873 771 988 833 sodales
1007 779 1061 833 aut
1080 773 1265 838 convictores
1284 775 1318 838 in
1335 780 1414 858 ejus-

138 863 225 926 modi
240 860 505 924 denuntiationem
520 878 582 922 nou
596 857 834 934 eonsentientes,
847 859 902 921 ubi
914 860 951 922 de
963 861 1048 940 gravi
1058 862 1170 928 damno
1183 864 1415 928 communitatis

137 951 254 1033 agitur.
273 953 351 1012 Item
368 951 486 1030 dejure
505 947 639 1010 naturali
653 947 858 1009 denuntiandi
877 955 951 1010 sunt
973 949 1184 1030 Superioribus
1206 953 1415 1026 ecclesiasticis

139 1039 314 1104 Sacerdotes
328 1044 528 1118 corruptores,
541 1035 595 1118 qui
610 1053 759 1116 magnum
773 1035 913 1098 fidelibus
926 1037 1085 1116 spirituale
1098 1040 1249 1104 damnum
1262 1041 1412 1120 inierunt,

139 1129 189 1190 vel
200 1126 319 1190 illaturi
332 1125 551 1208 praetidentur.
563 1159 603 1170 -
618 1124 668 1187 Ita
682 1125 888 1186 communiter.

374 1320 391 1398 s
416 1314 477 1382 lll.
506 1315 549 1382 lie
566 1314 660 1382 uitiis
672 1313 818 1380 Caritate
828 1314 989 1400 precinct
1002 1317 1178 1404 oppositis.

175 1505 337 1607 'Prmeipua
356 1511 430 1568 sunt
449 1504 573 1579 odium,
595 1504 728 1580 invidia,
746 1505 836 1579 rixae,
854 1505 1032 1570 scandalum
1052 1513 1083 1570 et
1101 1508 1268 1588 cooperatio
1288 1511 1417 1590 peccetis

139 1595 360 1748 alffiuobus
373 1681 591 1764 posterioribus
607 1688 730 1746 tautum
742 1682 889 1758 dicemus,
901 1701 973 1745 cum
985 1685 1021 1746 de
1033 1684 1103 1748 aliis
1111 1687 1178 1766 jam
1188 1693 1292 1748 actum
1305 1686 1346 1748 sit
1359 1686 1417 1750 alio

140 1773 223 1848 loco,
241 1773 289 1836 vel
304 1772 338 1834 in
354 1772 463 1854 quinto
476 1770 611 1852 Decelogi
625 1777 772 1851 praecepto
787 1771 828 1832 sit
839 1770 1013 1834 dicendum.

694 1989 834 2036 PUNCTUM
856 1991 867 2036 1

578 2139 584 2149 “
647 2117 697 2182 De
726 2117 916 2181 scandalo.

720 2328 816 2372 sacrm
835 2329 846 2372 1

598 2460 638 2514 De
658 2449 794 2515 seandalo
809 2458 839 2514 in
854 2473 967 2530 genere.

185 2629 257 2690 234.
269 2661 308 2671 —-
323 2630 491 2689 Durrnrrro.
504 2627 685 2690 Scandulum
698 2634 745 2690 est
756 2627 874 2689 dictum
889 2628 935 2690 rel
950 2627 1066 2691 iactum
1080 2628 1186 2690 minus
1198 2635 1327 2704 rectum,
1344 2647 1420 2709 prce·

145 2715 224 2776 bens
238 2713 329 2778 elicui
343 2715 530 2778 occasionem
546 2715 645 2778 ruinae
660 2716 838 2796 spiritualis.

188 2805 244 2865 Est
265 2803 375 2866 dictem
395 2805 443 2865 vel
462 2805 593 2886 factum,
614 2823 674 2884 quo
693 2805 818 2866 nominc
838 2805 933 2866 etiam
954 2805 1078 2868 omissio
1098 2806 1298 2887 intelligitur;
1321 2807 1420 2868 minus

145 2901 271 2970 rectum,
285 2893 316 2954 id
329 2894 468 2973 estquod
480 2894 527 2955 vel
539 2892 573 2954 in
585 2911 617 2954 se
630 2893 749 2954 malum
761 2897 815 2966 est,
826 2894 874 2954 rel
886 2893 978 2956 hahet
990 2893 1119 2976 speciem
1131 2895 1220 2972 mali;
1237 2902 1421 2976 quapropter

145 2981 194 3043 ait
210 2984 313 3061 Apost.
333 2984 346 3044 I
360 2983 466 3043 Thess.
483 3003 514 3054 v,
533 2985 572 3044 ii
585 3001 591 3043 :
604 2981 653 3044 Ab
670 2985 752 3042 omni
769 2983 863 3064 speeie
882 2981 965 3042 mala
986 2982 1211 3054 obstinaciter:
1229 3019 1269 3030 -
1280 2985 1421 3066 proedenc

146 3074 341 3146 mencionem,
358 3070 390 3132 id
402 3078 448 3132 est
460 3089 584 3134 causam
599 3069 810 3145 sufficientem,
820 3089 882 3133 uon
896 3077 1000 3138 autem
1010 3089 1131 3152 semper
1144 3079 1197 3134 aart
1208 3093 1268 3154 per
1280 3093 1309 3136 se
1323 3073 1419 3138 effica-

144 3177 225 3228 oem,
241 3158 369 3238 peccati;
386 3162 485 3221 ruine
498 3158 686 3241 spiritualis,
703 3177 771 3239 que
786 3164 884 3238 potest
903 3177 966 3222 csse
983 3159 1084 3238 gravia
1098 3160 1145 3226 vel
1158 3160 1234 3224 levis
1246 3181 1253 3223 :
1266 3161 1322 3239 linc
1335 3161 1419 3230 enim

147 3247 274 3309 nomine
286 3247 470 3326 intelligitur
482 3254 639 3328 peccatum
651 3248 698 3310 vel
712 3247 855 3322 mortale,
870 3248 918 3310 rel
930 3247 1056 3310 veniale:

188 3339 320 3398 Damam.
345 3335 553 3415 Distinguitur
571 3337 748 3398 scandalum
772 3336 919 3398 directum
941 3335 988 3397 rel
1011 3336 1208 3414 indirectum,
1232 3343 1322 3418 prout
1342 3335 1420 3400 actio

146 3425 231 3486 mala
245 3424 372 3486 alterius
386 3425 560 3488 intenditur
573 3425 651 3488 inse
665 3425 712 3488 vel
726 3423 761 3486 in
774 3444 865 3488 causa
879 3427 1002 3486 tantum
1017 3443 1077 3505 que
1092 3425 1249 3506 proximus
1263 3426 1301 3488 ad
1320 3442 1420 3504 pecca-

148 3519 219 3575 tum
231 3512 392 3575 excitatur.

190 3602 373 3664 Smndalum
387 3601 539 3666 directum
550 3601 664 3666 dicitur
676 3601 770 3664 etium
783 3601 979 3678 diabolicam,
990 3603 1111 3683 quando
1125 3601 1299 3666 intenditur
1309 3601 1421 3664 torma-
1516 3641 1517 3648 ,

148 3688 221 3752 liter
231 3690 322 3752 ruina
334 3683 501 3771 spiritualis
514 3691 657 3772 proximi.
671 3691 703 3752 Si
717 3708 787 3752 vero
801 3709 865 3752 non
879 3689 1049 3754 intenditur
1063 3690 1230 3773 spiritualis
1244 3689 1336 3752 ruine
1350 3690 1422 3753 alte-

148 3777 227 3852 riue,
242 3779 294 3840 sed
307 3779 406 3842 solum
420 3780 548 3860 proprie
562 3778 729 3842 veluntatis
742 3779 862 3840 utilitas
877 3780 924 3842 vel
937 3779 1107 3857 oblectatio,
1121 3778 1234 3842 dicitur
1244 3777 1423 3860 simpliciter

148 3865 308 3928 directum.

191 3955 334 4034 Theologi
348 3956 554 4020 communiter
565 3956 763 4036 distinguunt
775 3957 953 4019 scandalum
967 3958 1096 4020 activum
1110 3962 1141 4018 et
1152 3955 1315 4036 passivum.
1332 3957 1423 4018 Scau-

147 4041 258 4106 ddum
272 4048 403 4106 activum
416 4045 493 4108 illud
506 4053 563 4122 est,
576 4065 637 4126 quo
647 4063 703 4108 suo
717 4043 797 4107 dicto
812 4044 945 4110 vellacto
959 4044 1029 4125 quis
1043 4045 1171 4126 praebet3
1183 4043 1347 4124 porcinum,
1363 4062 1423 4128 quo

148 4149 190 4194 er
201 4131 328 4196 alterius
340 4132 421 4196 dicto
434 4135 480 4196 vel
491 4134 571 4197 lacto
583 4133 653 4215 quis
669 4133 766 4196 sumit
779 4133 966 4198 occasionem
979 4133 1130 4214 peccandi.

192 4221 375 4284 Scandalum
393 4229 498 4285 autern
517 4229 616 4304 potest
634 4241 699 4284 esse
712 4223 841 4284 reticem
859 4241 913 4286 seu
931 4221 1050 4298 datum,
1064 4219 1141 4300 quin
1157 4221 1261 4301 ipsum
1268 4224 1425 4304 persicum

149 4326 207 4372 seu
221 4318 373 4392 occeptum
388 4317 606 4392 consequatur;
623 4309 696 4392 quia
707 4311 779 4390 poni
792 4317 890 4390 potest
902 4309 980 4372 actio
994 4315 1065 4389 epta
1079 4327 1131 4388 per
1141 4327 1173 4372 se
1184 4311 1222 4374 ad
1235 4311 1424 4386 scandalum,

150 4397 230 4478 quin
243 4397 315 4460 inde
329 4398 487 4480 proximus
500 4399 686 4462 occasionem
700 4398 827 4479 accipiat
839 4399 939 4462 ruinae
952 4396 1130 4478 spiritualis.
1145 4401 1184 4460 Et
1197 4398 1260 4461 rice
1275 4417 1362 4464 versa
1376 4417 1427 4480 po-

150 4491 214 4550 test
225 4505 291 4549 esse
303 4498 464 4570 acceptum,
481 4487 557 4569 quin
569 4487 610 4550 sit
625 4486 746 4565 datum;
762 4494 837 4550 tunc
851 4494 955 4550 eutem
970 4485 1148 4550 scandalum
1164 4505 1225 4551 non
1237 4489 1357 4570 proprie
1372 4487 1426 4549 tri-

232 4625 340 4670 ow.-
356 4627 414 4670 wore.
430 4627 450 4672 1.
1289 4617 1320 4666 to
