3156 5026
552 258 950 307 nniusr1rranrtunn

453 483 474 576 ξ
500 485 545 553 ll.
571 486 618 552 De
631 485 761 553 occulto
774 483 1057 571 compensatione.

162 678 232 738 620.
245 670 415 752 -Duplex
428 669 631 751 distinguitur
644 669 864 750 compensatio,
881 666 1003 751 tepolis,
1020 674 1051 730 et
1063 667 1289 751 cetra-tepolis.
1305 671 1390 736 Prior

121 762 221 826 locum
235 759 343 835 babet,
359 759 481 840 qnando
495 758 557 822 duo
571 757 630 820 sibi
644 756 778 821 invicem
791 757 958 832 debitores,
978 755 1091 837 singrdi
1105 757 1139 820 in
1154 758 1290 820 solutum
1304 778 1389 823 assu·

120 855 211 914 munt
226 867 293 912 rem
312 844 399 910 alteri
413 846 567 910 debitam:
585 846 644 921 sic,
659 865 689 908 v.
707 863 765 926 gr,
778 845 805 909 si
818 844 877 908 tibi
893 845 1019 908 debeam
1035 849 1093 910 100
1108 845 1145 908 fr.
1159 865 1213 926 pro
1227 866 1343 928 parmo,
1360 855 1391 912 et

119 946 155 1002 tn
175 944 233 1004 100
249 955 307 1018 pro
326 935 399 1000 vino
421 935 501 998 mihi
521 935 644 1008 debeas,
665 937 832 1015 utrumque
851 933 990 996 debitum
1010 934 1254 1014 compensatione
1274 936 1390 1001 exstin-

119 1027 234 1108 guitur.
260 1028 332 1088 Haec
356 1023 560 1105 compensatio
583 1021 746 1086 manifeste
767 1020 851 1084 licita
866 1026 934 1096 est,
960 1027 991 1084 et
1017 1021 1083 1102 ipsa
1108 1022 1171 1102 lege
1193 1023 1392 1089 confirmatur

118 1113 170 1197 (C.
184 1113 327 1191 0.,1ἳ89
340 1123 368 1176 et
381 1113 467 1195 sep).
483 1111 641 1188 Posterior,
653 1129 721 1192 quae
735 1109 932 1192 compensatio
947 1109 1061 1172 occulto
1074 1110 1196 1188 dicitur,
1209 1117 1253 1174 est
1266 1112 1311 1176 rei
1324 1132 1392 1195 pro

118 1203 191 1286 pria
205 1201 395 1284 recuperatio
412 1220 466 1283 per
479 1201 586 1264 alienae
602 1199 841 1281 occupationem.
858 1201 899 1261 De
912 1199 969 1262 hac
987 1198 1050 1262 sola
1063 1198 1151 1262 nobis
1166 1205 1212 1263 est
1226 1202 1389 1282 agendum.

242 1371 470 1452 Principia.

160 1525 231 1585 oet.
244 1555 287 1568 -
305 1522 330 1583 Ι.
346 1517 467 1582 Occulta
486 1514 692 1598 compensatio
714 1513 877 1595 aliquando
893 1516 979 1595 justa
996 1517 1027 1576 et
1045 1511 1128 1576 licita
1148 1531 1212 1576 esse
1229 1520 1342 1595 potest,
1365 1519 1392 1581 si

121 1609 280 1690 requisitis
296 1605 523 1670 conditionibus
540 1623 602 1667 non
617 1607 725 1666 careat.

160 1697 322 1773 Probatur,
334 1695 424 1776 qnia,
437 1693 487 1756 his
501 1691 624 1773 positia,
638 1691 725 1755 nulla
738 1691 774 1755 fit
784 1690 900 1772 injuria
911 1690 1056 1765 debitori,
1070 1709 1168 1771 neque
1179 1691 1242 1754 ulla
1254 1694 1393 1774 sequitur

121 1785 311 1868 perturbatio
330 1781 447 1846 ordinis
461 1781 558 1864 juris,
579 1799 679 1861 neque
696 1779 891 1861 Reipublicae.
910 1781 953 1842 Ac
967 1782 1000 1841 l⁰
1015 1779 1100 1842 nulla
1113 1779 1229 1862 injuria
1248 1781 1284 1844 fit
1304 1783 1393 1847 debi-

121 1874 196 1951 tori;
214 1891 289 1936 nam
303 1891 340 1935 ex
353 1869 514 1953 hypothesi
527 1869 562 1932 in
575 1869 628 1931 tali
643 1867 887 1948 compensatione
901 1866 1011 1948 accipis
1023 1871 1147 1931 mutum
1158 1869 1206 1944 id,
1218 1870 1299 1950 quod
1312 1878 1392 1936 certo

121 1968 214 2026 tuum
230 1965 292 2036 est,
310 1978 363 2022 seu
380 1959 462 2040 quod
481 1976 518 2020 ex
530 1957 634 2020 stricta
645 1955 770 2039 justitia
783 1955 842 2018 tibi
856 1955 994 2019 debetur.
1008 1992 1047 2002 —
1060 1961 1094 2020 2⁰
1110 1957 1199 2021 Nulla
1217 1965 1264 2020 est
1277 1959 1393 2023 ordinis

116 2050 200 2133 juris
215 2047 420 2131 perturbatio,
436 2046 589 2128 siquidem
603 2045 798 2126 supponitur,
810 2046 859 2108 vel
867 2045 1004 2126 judicem
1018 2045 1096 2109 adiri
1110 2063 1172 2108 non
1185 2064 1272 2127 posse
1286 2048 1394 2112 saltem

120 2138 188 2201 sine
202 2135 333 2199 notabili
351 2135 560 2210 incommodo,
575 2135 622 2196 rel
636 2151 708 2196 eum
718 2136 771 2215 jus
790 2151 882 2196 suum
896 2132 976 2214 parti
991 2132 1070 2196 laesae
1085 2132 1243 2200 restituere
1258 2153 1320 2200 non
1338 2156 1394 2200 ra-

120 2225 192 2289 lere.
218 2229 288 2288 Non
311 2223 395 2286 enim
420 2221 618 2303 praetermitti
641 2222 674 2284 id
702 2220 826 2295 dicitur,
849 2222 932 2303 quod
953 2221 1110 2285 incassum
1135 2231 1331 2302 quaereretur.
1353 2261 1395 2272 —

122 2319 156 2377 3⁰
170 2313 263 2376 Nulla
276 2317 322 2376 est
335 2310 524 2393 perturbatio
538 2329 593 2374 seu
609 2312 759 2373 dmnnum
776 2309 976 2391 Reipublica3
994 2311 1068 2374 satis
1082 2310 1166 2374 enim
1183 2310 1210 2374 ei
1224 2313 1395 2378 consulitur

121 2420 177 2482 per
190 2401 346 2464 cautiones
361 2399 393 2462 in
409 2399 636 2462 conditionibus
651 2397 849 2480 apponendis.
864 2434 903 2444 —
916 2399 967 2462 Ite
984 2399 1020 2462 S.
1034 2399 1117 2481 Lip,
1135 2420 1166 2461 n.
1183 2405 1239 2465 521
1252 2422 1260 2477 ;
1277 2403 1394 2464 -Lo-

121 2491 225 2567 croirc,
243 2510 273 2550 n.
290 2491 367 2565 9593
388 2523 427 2534 -
445 2493 476 2550 et
492 2488 586 2550 etiam
605 2488 754 2562 Aetolae,
770 2507 796 2550 c.
812 2506 844 2562 v,
865 2507 896 2570 q.
912 2492 947 2563 9,
963 2487 1019 2550 ubi
1039 2487 1136 2550 dicit:
1154 2489 1216 2551 Est
1233 2494 1396 2555 communic

123 2578 285 2656 sententie,
302 2613 341 2623 —
355 2581 386 2639 et
400 2573 513 2653 Callet,
530 2578 566 2639 de
579 2577 723 2650 laetitio,
733 2596 768 2659 p.
783 2578 838 2652 111,
855 2595 880 2638 c.
897 2595 941 2652 rr,
958 2575 1013 2638 ubi
1031 2575 1127 2639 dicit:
1143 2577 1195 2639 Ita
1204 2597 1282 2661 pene
1297 2601 1395 2644 amaea

125 2666 223 2729 tlteoio
246 2667 268 2728 ι’.
362 2680 366 2688 ·

164 2687 342 2818 oeni-11.
358 2753 552 2818 conditiones
571 2761 674 2817 autem
692 2753 848 2834 requisitae
867 2757 941 2816 sunt
958 2759 1140 2834 sequentes:
1157 2759 1190 2818 l⁰
1208 2756 1249 2820 Ut
1263 2757 1395 2820 debitum

123 2847 163 2905 sil
182 2853 309 2922 certum,
327 2844 434 2905 saltem
454 2843 620 2904 moraliter.
638 2845 672 2904 In
691 2840 785 2904 dubio
803 2840 887 2903 enim
907 2841 986 2904 velet
1002 2842 1212 2923 principium:
1228 2843 1337 2908 Melior
1354 2857 1397 2910 eat

126 2931 259 2994 conditio
274 2931 468 3014 possidentis.
492 2933 571 3010 Ergo
587 2930 621 2992 in
642 2928 735 2992 dnbio
756 2929 962 3009 compensatio
980 2929 1087 2992 illicita
1105 2938 1136 2993 et
1153 2932 1269 3014 injusta
1286 2940 1341 2998 est.
1363 2937 1396 3000 Si

127 3027 230 3084 tamen
250 3019 383 3083 drrbinm
405 3037 468 3082 non
489 3025 627 3081 versetur
646 3017 724 3080 circa
742 3015 839 3098 ipsius
860 3016 956 3080 debiti
974 3016 1200 3097 exsistentiam,
1222 3024 1274 3085 sed
1294 3025 1396 3105 potius

125 3108 203 3173 circa
217 3109 346 3171 modum
358 3125 418 3188 quo
429 3107 518 3170 liceat
533 3105 675 3169 creditori
692 3123 723 3168 se
737 3123 945 3186 compensare,
960 3126 990 3169 v.
1007 3123 1066 3186 gr„
1082 3113 1191 3171 utrum
1204 3111 1301 3191 possit
1314 3131 1396 3176 com-

124 3215 252 3277 pensare
276 3195 405 3271 famam,
426 3195 541 3276 alioqui
564 3198 643 3257 certo
666 3193 786 3268 laesam,
807 3210 879 3256 cum
903 3193 1046 3273 pecunia,
1073 3203 1127 3258 aut
1146 3197 1305 3262 infamiam
1325 3219 1396 3264 cnm

122 3284 254 3349 infamia
273 3287 359 3359 data,
376 3289 445 3358 etc,
463 3301 560 3364 neque
579 3282 711 3364 injusta,
730 3300 829 3362 neque
842 3281 950 3344 illicita
965 3283 1024 3346 erit
1043 3275 1249 3366 compensatio
1263 3306 1330 3368 qnae
1345 3288 1397 3352 fiet

124 3391 194 3438 cum
212 3373 326 3436 credito
340 3374 396 3436 hac
410 3371 527 3436 ratione
542 3377 665 3434 tantum
679 3369 839 3451 probabili.

162 3468 195 3526 2⁰
221 3463 261 3525 ut
284 3460 417 3524 debitam
439 3480 498 3523 con
516 3463 610 3542 possit
632 3459 724 3523 aliter
742 3459 932 3541 recuperari,
953 3461 1062 3524 saltem
1085 3459 1151 3523 sine
1172 3461 1257 3541 gravi
1280 3462 1396 3526 incom-

124 3553 227 3614 modo.
244 3553 322 3613 Nam
342 3550 369 3612 si
382 3548 513 3612 creditor
529 3548 626 3629 possit
644 3568 698 3629 per
716 3565 834 3610 meram
852 3547 1032 3628 petitionem
1051 3548 1098 3611 rel
1119 3566 1278 3613 recursum
1297 3554 1335 3615 ad
1345 3556 1396 3634 ju-

126 3639 226 3703 dicem
240 3638 377 3702 obtinere
391 3637 472 3719 quod
491 3637 551 3700 sibi
569 3637 706 3710 debetur,
723 3640 790 3718 jam
811 3655 843 3698 se
863 3637 1085 3719 compensando
1102 3635 1250 3718 injuriam
1268 3640 1397 3722 publica

127 3728 270 3808 potestati
284 3726 371 3802 facit,
385 3727 519 3807 adeoque
533 3731 638 3788 contra
647 3725 728 3807 juris
743 3724 882 3787 ordinem
896 3723 1060 3806 delinquit.

168 3823 201 3882 3⁰
220 3815 260 3880 Ut
273 3825 412 3877 sumatur
427 3835 474 3878 res
488 3815 520 3876 in
540 3814 641 3877 eadem
659 3815 771 3896 specie,
787 3813 815 3876 si
831 3813 896 3876 fieri
917 3814 1024 3895 possit.
1040 3816 1131 3878 Secus
1150 3814 1233 3878 enim
1252 3835 1300 3880 res
1314 3818 1397 3881 debi-

129 3906 187 3968 tori
203 3904 269 3968 sine
282 3907 347 3986 ejus
364 3921 527 3979 consensu,
544 3909 574 3966 et
586 3902 712 3984 proinde
723 3901 853 3984 injuste,
870 3909 1075 3983 permutatur.

168 3999 201 4058 l⁰
220 3993 260 4056 Ut
275 3994 415 4056 domnum
429 3991 575 4054 debitoris
587 3999 806 4074 praecaveatur,
825 3991 937 4054 scilicet
955 3993 1143 4072 procurando
1161 3998 1198 4054 nt
1216 3993 1334 4057 debitor
1346 4014 1397 4077 pe-

129 4081 223 4146 riculo
237 4082 286 4145 bis
306 4081 441 4144 solvendi
464 4099 526 4142 non
547 4085 727 4160 exponatur,
746 4078 773 4141 si
789 4077 863 4142 forte
881 4079 1084 4142 restituturus
1098 4079 1150 4142 sit.
1168 4080 1246 4143 Hinc
1265 4082 1291 4144 si
1310 4103 1398 4146 casus

129 4168 178 4232 ille
192 4170 385 4251 aliquatenus
399 4167 612 4250 provideatur,
629 4167 730 4248 aliquo
746 4169 836 4232 modo
849 4167 1021 4230 monendus
1035 4173 1096 4240 est,
1112 4187 1142 4229 v.
1158 4185 1216 4248 gn,
1230 4189 1282 4250 per
1296 4167 1398 4235 fictam

129 4258 405 4330 renuntiationem,
427 4275 481 4319 seu
494 4256 760 4331 condonationem,
780 4261 836 4319 eto.
856 4255 887 4318 si
906 4261 1027 4330 auum,
1046 4253 1124 4318 iacta
1137 4260 1396 4338 compensatione,

129 4347 287 4421 restituat,
310 4344 370 4426 ipsi
391 4345 505 4408 iterum
527 4345 586 4407 erit
604 4345 842 4407 restituendum.
866 4346 1017 4406 catarum
1038 4361 1126 4407 casus
1143 4345 1194 4408 ille
1212 4365 1299 4412 rarus
1320 4349 1395 4425 erit3

131 4433 282 4516 siqnidem
302 4432 508 4516 compensatio
527 4433 612 4496 licita
629 4451 693 4496 non
712 4437 773 4507 est,
790 4431 850 4495 nisi
870 4431 925 4494 ubi
940 4432 1025 4494 nulla
1045 4433 1130 4496 adest
1148 4452 1214 4515 spes
1232 4437 1398 4518 probabilis

130 4521 223 4587 debiti
239 4523 444 4605 recuperandi.
457 4557 497 4569 -
513 4522 550 4586 S.
566 4521 635 4604 Lr’p.
652 4543 682 4586 a.
699 4525 769 4586 ὅθι.
