3206 5024
551 227 595 272 nn
614 225 817 272 eancnrrrs
836 225 1015 274 nauscam
1355 217 1420 278 aot

185 347 288 422 Qunn.
319 346 352 404 2⁰
377 340 426 400 An
449 341 570 422 possint
590 336 653 420 fitti
676 337 821 419 amplecti
849 347 963 400 atatam
985 337 1161 419 religiosum
1185 339 1290 401 insciis
1306 359 1425 424 parcn-

146 431 251 497 tibus?

187 522 282 604 llcsp.
298 519 359 582 Per
377 536 408 580 re
422 515 540 598 asfimn.
561 516 627 578 lmo
643 514 807 596 aliquando
821 515 991 578 oonsrdtius
1005 521 1076 595 aget
1088 514 1185 590 filius,
1199 514 1242 592 si,
1261 535 1292 579 se
1310 516 1426 582 divinu-

148 619 202 675 tus
216 615 360 673 vocatum
374 604 510 670 sentiens
528 604 567 666 ad
587 603 766 684 religiosum
783 603 832 666 vel
850 603 1017 666 clericalem
1036 609 1169 683 statum,
1183 609 1275 686 atque
1288 605 1426 672 animad-

147 703 273 764 vertens
297 695 392 759 sihia
414 691 595 776 parentibus
611 691 726 774 injuste
744 690 864 754 aditum
884 691 1087 756 interclusum
1104 691 1160 768 iri,
1183 711 1249 756 rem
1269 692 1313 757 eis
1334 695 1424 771 celet,

148 787 351 867 divinamque
372 783 565 846 voluntatem
581 786 776 862 exsequatur.
793 783 855 844 Hoc
873 787 978 844 tamen
995 799 1059 844 non
1075 787 1122 844 est
1141 782 1333 847 suadendum
1354 783 1427 848 tiliis

149 883 240 941 atate
254 872 439 946 minoritas,
453 869 574 952 quoties
586 889 633 932 res
645 887 709 932 non
722 869 795 932 adeo
809 876 913 949 urget,
929 875 1060 933 autnon
1075 869 1150 934 satis
1160 877 1279 934 constat
1292 873 1330 936 de
1341 891 1428 936 voca·

147 965 234 1028 tione
251 962 366 1027 divina.
384 997 423 1007 -
436 957 472 1021 S.
494 959 564 1042 Liq.
585 958 606 1020 l.
626 960 679 1034 IV,
699 977 731 1018 n.
753 961 804 1021 68.
820 959 857 1020 ln
878 957 974 1024 Gadis
993 959 1179 1039 prasertim,
1199 966 1230 1023 et
1250 960 1305 1023 ubi
1319 959 1428 1041 *vigeat

148 1053 255 1116 eadem
274 1051 379 1132 legum
398 1045 574 1130 dispositio,
589 1045 760 1110 carendum
778 1051 857 1108 esta
874 1045 930 1108 tali
943 1046 1067 1110 oonsilio
1079 1046 1150 1110 filiis
1166 1047 1339 1112 minoribus
1349 1067 1427 1131 pra-

148 1140 266 1216 hendo,
281 1157 354 1203 oum
366 1144 508 1220 parentes
523 1135 640 1198 auxilio
653 1132 771 1198 brachii
785 1133 938 1198 saeordaris
954 1153 972 1196 a
988 1153 1180 1217 quocumque
1193 1135 1256 1202 loco
1267 1156 1317 1202 eos
1330 1137 1428 1202 abdu-

149 1247 230 1304 cere,
246 1233 277 1291 et
288 1230 328 1292 ad
340 1247 372 1292 se
383 1243 522 1290 revocare
533 1223 661 1306 possint.

191 1323 262 1382 370.
277 1320 430 1394 -Qonn
447 1319 479 1379 3⁰
496 1312 546 1375 An
556 1312 618 1395 filii
627 1311 767 1395 possint,
787 1311 968 1374 inconsultis
982 1313 1181 1396 parentibus,
1198 1319 1427 1380 matrimonium

150 1406 251 1468 iniret

193 1496 285 1578 Resp.
297 1495 389 1578 Nep„
399 1491 567 1576 generatim
578 1491 744 1572 loquendo,
756 1491 855 1572 quoad
868 1490 1042 1554 liceitatem.
1054 1491 1130 1555 Vide
1141 1492 1267 1555 dicenda
1275 1492 1310 1556 in
1322 1494 1425 1556 Troct.

150 1583 189 1648 de
206 1586 356 1663 Macrim,
373 1603 399 1646 c.
416 1601 468 1656 ιιι,
485 1601 517 1642 n.
533 1583 605 1644 tat.

192 1675 293 1749 Quae.
308 1676 342 1736 l⁰
353 1671 403 1733 An
414 1673 518 1754 pascit
530 1667 616 1752 filius
630 1669 732 1731 minor
744 1687 851 1730 nomen
865 1667 939 1732 dare
952 1668 1073 1732 mititte
1080 1715 1090 1748 ,
1106 1669 1213 1732 invitis
1224 1670 1428 1752 parentibus?

191 1763 281 1844 ltccp.
307 1780 320 1824 .·
341 1765 456 1835 Potest,
478 1778 517 1820 ea
537 1756 646 1821 Codice
665 1756 751 1820 civili
771 1755 864 1828 Gatt,
887 1766 946 1822 art.
970 1761 1044 1832 ert,
1060 1759 1150 1821 modo
1169 1764 1291 1822 aetatem
1316 1758 1428 1823 duode-

150 1849 266 1930 uiginti
293 1865 447 1913 annorum
472 1845 627 1925 attigerit;
654 1846 711 1908 hoc
736 1851 841 1908 tamen
863 1845 985 1908 videtur
1010 1847 1109 1909 valere
1134 1852 1259 1909 tantum
1283 1865 1337 1928 pro
1364 1847 1429 1911 loro

150 1944 292 2016 extem03
309 1936 429 2017 excipe,
450 1933 513 1997 nisi
533 1932 638 1996 adsint
658 1952 756 1998 causae
777 1933 974 2009 sufficientes,
995 1954 1025 1996 v.
1048 1954 1108 2015 gn,
1134 1934 1161 1997 si
1182 1933 1264 1998 filius
1284 1935 1319 1998 in
1339 1936 1429 1999 domo

148 2033 282 2108 patema
298 2025 425 2088 omnino
443 2023 523 2085 male
544 2028 702 2098 tractetur,
724 2029 782 2086 oto.
797 2057 838 2068 -
860 2021 912 2084 Ita
933 2027 1140 2090 communiter.
1156 2059 1196 2070 -
1220 2023 1289 2086 Vid.
1311 2024 1426 2104 Casas,

149 2135 185 2177 n.
204 2118 265 2180 359
276 2124 306 2177 et
318 2132 379 2195 seq.

667 2307 844 2383 CAPUT
875 2305 915 2382 11

366 2493 412 2546 DE
438 2493 733 2546 onatatttorttssus
759 2495 952 2548 PARENTUM
979 2497 1072 2548 ERGA
1098 2497 1213 2548 erutos

196 2687 283 2754 Filiis
294 2693 435 2770 parentes
447 2687 559 2752 debent
574 2695 606 2752 t⁰
620 2706 767 2764 amorem,
781 2693 813 2752 2⁰
827 2690 1048 2754 educationem.

197 2777 283 2842 Ratio
295 2777 388 2858 hujus
400 2776 594 2857 obligationis
613 2777 647 2839 in
665 2776 741 2857 ipsis
755 2785 875 2841 natura
893 2779 1060 2842 visceribus
1073 2787 1104 2842 et
1120 2779 1211 2843 titrdo
1226 2778 1431 2861 generationis

154 2866 314 2929 fundatur.
332 2867 504 2946 Utrumque
516 2865 601 2927 enim
616 2869 726 2928 natura
742 2866 843 2941 docet,
858 2866 922 2930 imo
936 2873 967 2929 et
984 2867 1076 2930 bruta
1092 2868 1159 2949 ipsa
1172 2887 1240 2950 que
1252 2867 1345 2932 loetus
1359 2885 1430 2930 suos

155 2953 306 3035 diligunt,
319 2953 419 3036 iisque
435 2952 603 3017 necessaria
614 2952 652 3016 ad
666 2952 764 3016 vitam
779 2955 1017 3018 conservandam
1031 2956 1227 3037 conquirunt.

681 3156 709 3224 l.
723 3193 769 3208 —
786 3157 907 3226 Amor.

198 3351 268 3410 371.
284 3382 325 3392 -
336 3349 478 3410 Parentes
489 3347 567 3410 tilios
583 3346 726 3428 prosequi
739 3347 851 3410 debent
864 3365 967 3410 amore
979 3347 1100 3412 interno
1114 3348 1226 3412 efficaci
1239 3353 1271 3410 et
1281 3346 1430 3422 ordinato,

155 3433 204 3498 ita
218 3440 330 3498 utnon
343 3439 466 3498 tantum
478 3453 570 3498 omne
586 3434 692 3499 odium
709 3434 869 3517 animique
880 3436 1126 3500 malevolentiam
1142 3441 1271 3511 exuent,
1294 3435 1346 3496 sed
1366 3433 1433 3497 illos

157 3524 248 3586 corde
262 3523 406 3604 diligant,
420 3528 464 3599 et,
481 3530 634 3605 quantum
648 3523 682 3586 in
695 3523 771 3604 ipsis
785 3530 847 3598 est,
862 3525 1001 3605 ipsorum
1013 3525 1130 3588 bonurn
1143 3530 1268 3598 curent,
1284 3521 1384 3602 iisque
1399 3521 1434 3584 in

156 3611 245 3674 omni
259 3629 292 3675 re
307 3612 504 3694 prospiciant.
522 3613 786 3689 Quemadmodum
799 3613 885 3676 enim
903 3613 1035 3695 quisque
1051 3613 1187 3695 seipsum
1207 3630 1309 3674 amare
1327 3610 1432 3687 debet,

154 3699 204 3762 ita
216 3707 358 3780 parentes
372 3700 450 3764 filios
464 3701 561 3766 veluti
574 3701 692 3783 aliquid
711 3699 776 3777 sui,
792 3719 914 3764 carnem
930 3703 967 3766 de
983 3721 1073 3766 carne
1088 3721 1158 3777 sua,
1178 3700 1293 3764 sincere
1309 3699 1434 3779 diligere

154 3791 315 3866 tenentur,
329 3791 375 3852 ita
386 3797 423 3854 ut
434 3796 503 3872 post
516 3794 615 3854 Deum
629 3789 709 3853 nihil
722 3790 798 3871 ipsis
811 3790 911 3854 carius
924 3791 1067 3856 habeant.

200 3877 278 3940 ilino
290 3878 425 3959 graviter
433 3885 558 3961 peccant
567 3885 671 3942 contra
686 3877 845 3960 specialem
860 3879 984 3960 pietatis
995 3881 1145 3944 virtutem
1157 3885 1318 3962 parentes:

202 3970 233 4028 l⁰
246 3967 306 4042 Qui
319 3984 414 4048 pravo
425 3967 536 4031 affectu
550 3971 579 4031 et
589 3967 704 4049 injusto
716 3967 784 4030 odio
795 3968 830 4030 in
842 3967 919 4032 filios
933 3968 1150 4045 incenduntur,
1162 3986 1272 4048 eosque
1283 3985 1338 4030 suo
1349 3984 1434 4047 aspe-

156 4059 214 4116 ctu
232 4054 448 4135 dedignentur,
469 4061 525 4120 aut
544 4057 650 4136 gravia
668 4055 750 4118 mala
767 4055 811 4119 eis
825 4060 904 4118 serio
918 4057 1136 4139 imprecantur,
1154 4055 1269 4137 iisque,
1289 4055 1344 4119 ubi
1358 4071 1435 4135 opus

156 4141 218 4216 sit,
237 4161 300 4206 non
312 4151 505 4207 succurrunt.

67 4301 74 4308 ,
201 4235 235 4294 2⁰
249 4231 307 4307 Qui
320 4251 370 4295 eos
382 4233 561 4296 nominibus
575 4233 709 4314 graviter
722 4233 949 4298 contumeliosis
961 4233 1151 4313 compellant.
1166 4232 1215 4296 Sic
1228 4233 1312 4296 enim
1325 4249 1435 4302 ansam

157 4319 330 4387 iracunue
342 4321 416 4401 ipsis
430 4321 580 4403 prebent,
594 4339 705 4404 eosque
713 4321 831 4385 facium
839 4341 974 4386 morosos
986 4329 1017 4384 et
1025 4326 1229 4398 contumaees,
1244 4328 1349 4386 contra
1358 4319 1436 4385 illud

157 4409 444 4568 ‚ngitp'leiszrljphes
466 4428 515 4486 vr,
533 4415 553 4474 l
572 4429 579 4472 τ
598 4410 644 4474 Et
662 4430 729 4487 vos,
745 4420 862 4492 patrer,
887 4410 981 4472 nolite
1003 4408 1044 4471 ad
1062 4410 1251 4474 iracundiam
1270 4428 1435 4495 provocare
