<?xml version="1.0" encoding="UTF-8"?>
<!DOCTYPE html PUBLIC "-//W3C//DTD XHTML 1.0 Transitional//EN"
    "http://www.w3.org/TR/xhtml1/DTD/xhtml1-transitional.dtd">
<html xmlns="http://www.w3.org/1999/xhtml" xml:lang="en" lang="en">
 <head>
  <title>
</title>
<meta http-equiv="Content-Type" content="text/html;charset=utf-8" />
  <meta name='ocr-system' content='tesseract 3.04.00' />
  <meta name='ocr-capabilities' content='ocr_page ocr_carea ocr_par ocr_line ocrx_word'/>
</head>
<body>
  <div class='ocr_page' id='page_1' title='image "./compendiumtheol02gurygoog_0515.png"; bbox 0 0 3136 5034; ppageno 0'>
   <div class='ocr_carea' id='block_1_1' title="bbox 178 188 918 250">
    <p class='ocr_par' dir='ltr' id='par_1_1' title="bbox 178 188 918 250">
     <span class='ocr_line' id='line_1_1' title="bbox 178 188 918 250; baseline -0.011 -1"><span class='ocrx_word' id='word_1_1' title='bbox 178 188 247 250; x_wconf 70' lang='lat'><em>498</em></span> <span class='ocrx_word' id='word_1_2' title='bbox 713 197 918 242; x_wconf 73' lang='lat' dir='ltr'><em>sanaveras</em></span> 
     </span>
    </p>
   </div>
   <div class='ocr_carea' id='block_1_2' title="bbox 172 308 1458 4390">
    <p class='ocr_par' dir='ltr' id='par_1_2' title="bbox 174 308 1455 734">
     <span class='ocr_line' id='line_1_2' title="bbox 177 308 1451 392; baseline -0.002 -15"><span class='ocrx_word' id='word_1_3' title='bbox 177 311 365 377; x_wconf 88' lang='lat' dir='ltr'><em>nominatim</em></span> <span class='ocrx_word' id='word_1_4' title='bbox 384 311 527 392; x_wconf 79' lang='lat' dir='ltr'><em>scriptae,</em></span> <span class='ocrx_word' id='word_1_5' title='bbox 550 311 597 374; x_wconf 88' lang='lat' dir='ltr'><em>vel</em></span> <span class='ocrx_word' id='word_1_6' title='bbox 615 328 668 389; x_wconf 88' lang='lat' dir='ltr'><em>per</em></span> <span class='ocrx_word' id='word_1_7' title='bbox 689 308 838 372; x_wconf 89' lang='lat' dir='ltr'><em>nuntium</em></span> <span class='ocrx_word' id='word_1_8' title='bbox 857 314 912 372; x_wconf 89' lang='lat' dir='ltr'><em>aut</em></span> <span class='ocrx_word' id='word_1_9' title='bbox 929 314 1171 389; x_wconf 88' lang='lat' dir='ltr'><em>procuratorem,</em></span> <span class='ocrx_word' id='word_1_10' title='bbox 1193 309 1281 372; x_wconf 86' lang='lat' dir='ltr'><em>debet</em></span> <span class='ocrx_word' id='word_1_11' title='bbox 1302 313 1451 390; x_wconf 79' lang='lat' dir='ltr'><em>acceptati</em></span> 
     </span>
     <span class='ocr_line' id='line_1_3' title="bbox 177 398 1455 480; baseline -0.002 -14"><span class='ocrx_word' id='word_1_12' title='bbox 177 398 1455 480; x_wconf 50' lang='lat' dir='ltr'><em>mmmmmmmmmmmmfflmmmffifflmffim</em></span> 
     </span>
     <span class='ocr_line' id='line_1_4' title="bbox 176 486 1455 570; baseline -0.002 -15"><span class='ocrx_word' id='word_1_13' title='bbox 176 493 355 555; x_wconf 87' lang='lat' dir='ltr'><em>donatnrem</em></span> <span class='ocrx_word' id='word_1_14' title='bbox 367 509 403 552; x_wconf 82' lang='lat' dir='ltr'><em>ex</em></span> <span class='ocrx_word' id='word_1_15' title='bbox 416 493 500 570; x_wconf 90' lang='lat' dir='ltr'><em>parte</em></span> <span class='ocrx_word' id='word_1_16' title='bbox 514 486 665 551; x_wconf 87' lang='lat' dir='ltr'><em>donatarii</em></span> <span class='ocrx_word' id='word_1_17' title='bbox 678 486 804 562; x_wconf 87' lang='lat' dir='ltr'><em>missas;</em></span> <span class='ocrx_word' id='word_1_18' title='bbox 819 486 907 548; x_wconf 78' lang='lat' dir='ltr'><em>aliter</em></span> <span class='ocrx_word' id='word_1_19' title='bbox 921 486 1005 550; x_wconf 88' lang='lat' dir='ltr'><em>enim</em></span> <span class='ocrx_word' id='word_1_20' title='bbox 1016 493 1155 550; x_wconf 83' lang='lat' dir='ltr'><em>constare</em></span> <span class='ocrx_word' id='word_1_21' title='bbox 1166 486 1274 568; x_wconf 85' lang='lat' dir='ltr'><em>nequit</em></span> <span class='ocrx_word' id='word_1_22' title='bbox 1287 487 1324 550; x_wconf 91' lang='lat' dir='ltr'><em>de</em></span> <span class='ocrx_word' id='word_1_23' title='bbox 1340 495 1455 552; x_wconf 90' lang='lat' dir='ltr'><em>mutuo</em></span> 
     </span>
     <span class='ocr_line' id='line_1_5' title="bbox 176 574 1454 660; baseline -0.003 -16"><span class='ocrx_word' id='word_1_24' title='bbox 176 579 333 644; x_wconf 87' lang='lat' dir='ltr'><em>donatoris</em></span> <span class='ocrx_word' id='word_1_25' title='bbox 344 582 375 642; x_wconf 91' lang='lat' dir='ltr'><em>et</em></span> <span class='ocrx_word' id='word_1_26' title='bbox 387 577 540 641; x_wconf 87' lang='lat' dir='ltr'><em>donatarii</em></span> <span class='ocrx_word' id='word_1_27' title='bbox 553 594 704 640; x_wconf 89' lang='lat' dir='ltr'><em>consensu</em></span> <span class='ocrx_word' id='word_1_28' title='bbox 716 575 751 638; x_wconf 91' lang='lat' dir='ltr'><em>in</em></span> <span class='ocrx_word' id='word_1_29' title='bbox 763 575 847 638; x_wconf 87' lang='lat' dir='ltr'><em>idem</em></span> <span class='ocrx_word' id='word_1_30' title='bbox 859 575 1018 656; x_wconf 87' lang='lat' dir='ltr'><em>placitum.</em></span> <span class='ocrx_word' id='word_1_31' title='bbox 1032 612 1070 621; x_wconf 93' lang='lat'><em>-</em></span> <span class='ocrx_word' id='word_1_32' title='bbox 1082 574 1119 638; x_wconf 88' lang='lat' dir='ltr'><em>S.</em></span> <span class='ocrx_word' id='word_1_33' title='bbox 1131 577 1215 659; x_wconf 73' lang='lat' dir='ltr'><em>Lip,</em></span> <span class='ocrx_word' id='word_1_34' title='bbox 1230 576 1325 640; x_wconf 85' lang='lat' dir='ltr'><em>Ham.</em></span> <span class='ocrx_word' id='word_1_35' title='bbox 1340 588 1454 660; x_wconf 75' lang='lat' dir='ltr'><em>oport..</em></span> 
     </span>
     <span class='ocr_line' id='line_1_6' title="bbox 174 673 1268 734; baseline 0.002 -2"><span class='ocrx_word' id='word_1_36' title='bbox 174 673 346 732; x_wconf 70' lang='lat' dir='ltr'><em>nmn.l3b</em></span> <span class='ocrx_word' id='word_1_37' title='bbox 1264 727 1268 734; x_wconf 77' lang='lat'>.</span> 
     </span>
    </p>

    <p class='ocr_par' dir='ltr' id='par_1_3' title="bbox 217 752 1314 833">
     <span class='ocr_line' id='line_1_7' title="bbox 217 752 1314 833; baseline -0.004 -13"><span class='ocrx_word' id='word_1_38' title='bbox 217 761 318 833; x_wconf 71' lang='lat' dir='ltr'><em>Quen.</em></span> <span class='ocrx_word' id='word_1_39' title='bbox 333 762 366 819; x_wconf 64' lang='grc' dir='ltr'><em>ιο</em></span> <span class='ocrx_word' id='word_1_40' title='bbox 382 754 463 832; x_wconf 79' lang='lat' dir='ltr'><em>Quid</em></span> <span class='ocrx_word' id='word_1_41' title='bbox 472 756 500 818; x_wconf 82' lang='lat' dir='ltr'><em>ei</em></span> <span class='ocrx_word' id='word_1_42' title='bbox 507 755 649 829; x_wconf 89' lang='lat' dir='ltr'><em>donator,</em></span> <span class='ocrx_word' id='word_1_43' title='bbox 660 758 750 816; x_wconf 77' lang='lat' dir='ltr'><em>mnso</em></span> <span class='ocrx_word' id='word_1_44' title='bbox 764 757 883 830; x_wconf 81' lang='lat' dir='ltr'><em>nuntio,</em></span> <span class='ocrx_word' id='word_1_45' title='bbox 902 752 1092 816; x_wconf 77' lang='lat' dir='ltr'><em>donationem</em></span> <span class='ocrx_word' id='word_1_46' title='bbox 1106 758 1314 817; x_wconf 78' lang='lat' dir='ltr'><em>revocaverit?</em></span> 
     </span>
    </p>

    <p class='ocr_par' dir='ltr' id='par_1_4' title="bbox 174 842 1456 1193">
     <span class='ocr_line' id='line_1_8' title="bbox 214 842 1456 928; baseline 0.002 -20"><span class='ocrx_word' id='word_1_47' title='bbox 214 846 306 928; x_wconf 78' lang='lat' dir='ltr'><em>Hesp.</em></span> <span class='ocrx_word' id='word_1_48' title='bbox 324 851 375 908; x_wconf 85' lang='lat' dir='ltr'><em>l0:</em></span> <span class='ocrx_word' id='word_1_49' title='bbox 394 845 568 926; x_wconf 23' lang='lat' dir='ltr'><em>Sildonator</em></span> <span class='ocrx_word' id='word_1_50' title='bbox 586 851 705 907; x_wconf 88' lang='lat' dir='ltr'><em>revocet</em></span> <span class='ocrx_word' id='word_1_51' title='bbox 725 842 921 906; x_wconf 74' lang='lat' dir='ltr'><em>donationem</em></span> <span class='ocrx_word' id='word_1_52' title='bbox 938 849 1102 923; x_wconf 84' lang='lat' dir='ltr'><em>antequam</em></span> <span class='ocrx_word' id='word_1_53' title='bbox 1122 849 1307 924; x_wconf 82' lang='lat' dir='ltr'><em>acceptetur,</em></span> <span class='ocrx_word' id='word_1_54' title='bbox 1323 851 1357 908; x_wconf 92' lang='lat' dir='ltr'><em>et</em></span> <span class='ocrx_word' id='word_1_55' title='bbox 1370 865 1456 910; x_wconf 82' lang='lat' dir='ltr'><em>revo-</em></span> 
     </span>
     <span class='ocr_line' id='line_1_9' title="bbox 176 930 1454 1013; baseline -0.001 -14"><span class='ocrx_word' id='word_1_56' title='bbox 176 935 253 999; x_wconf 88' lang='lat' dir='ltr'><em>catio</em></span> <span class='ocrx_word' id='word_1_57' title='bbox 270 933 444 998; x_wconf 85' lang='lat' dir='ltr'><em>innotescat</em></span> <span class='ocrx_word' id='word_1_58' title='bbox 459 933 570 996; x_wconf 90' lang='lat' dir='ltr'><em>nuntio</em></span> <span class='ocrx_word' id='word_1_59' title='bbox 584 950 677 1013; x_wconf 88' lang='lat' dir='ltr'><em>quem</em></span> <span class='ocrx_word' id='word_1_60' title='bbox 691 931 794 1006; x_wconf 86' lang='lat' dir='ltr'><strong>misit,</strong></span> <span class='ocrx_word' id='word_1_61' title='bbox 808 933 874 1012; x_wconf 82' lang='lat' dir='ltr'><em>jam</em></span> <span class='ocrx_word' id='word_1_62' title='bbox 889 930 1021 994; x_wconf 89' lang='lat' dir='ltr'><em>nuntius</em></span> <span class='ocrx_word' id='word_1_63' title='bbox 1035 931 1114 994; x_wconf 85' lang='lat' dir='ltr'>nihil</span> <span class='ocrx_word' id='word_1_64' title='bbox 1128 932 1261 1013; x_wconf 86' lang='lat' dir='ltr'><em>amplius</em></span> <span class='ocrx_word' id='word_1_65' title='bbox 1275 938 1381 1013; x_wconf 87' lang='lat' dir='ltr'><em>potest</em></span> <span class='ocrx_word' id='word_1_66' title='bbox 1394 935 1454 998; x_wconf 87' lang='lat' dir='ltr'><em>effi-</em></span> 
     </span>
     <span class='ocr_line' id='line_1_10' title="bbox 175 1019 1448 1104; baseline -0.002 -16"><span class='ocrx_word' id='word_1_67' title='bbox 175 1043 255 1099; x_wconf 88' lang='lat' dir='ltr'><em>cere;</em></span> <span class='ocrx_word' id='word_1_68' title='bbox 284 1022 438 1104; x_wconf 86' lang='lat' dir='ltr'>siquidem</span> <span class='ocrx_word' id='word_1_69' title='bbox 463 1021 564 1085; x_wconf 90' lang='lat' dir='ltr'><em>omnis</em></span> <span class='ocrx_word' id='word_1_70' title='bbox 586 1025 718 1102; x_wconf 88' lang='lat' dir='ltr'><em>potestas</em></span> <span class='ocrx_word' id='word_1_71' title='bbox 742 1019 889 1084; x_wconf 81' lang='lat' dir='ltr'><em>offerendi</em></span> <span class='ocrx_word' id='word_1_72' title='bbox 910 1020 959 1084; x_wconf 88' lang='lat' dir='ltr'><em>vel</em></span> <span class='ocrx_word' id='word_1_73' title='bbox 984 1019 1125 1084; x_wconf 87' lang='lat' dir='ltr'><em>tradendi</em></span> <span class='ocrx_word' id='word_1_74' title='bbox 1147 1027 1194 1084; x_wconf 89' lang='lat' dir='ltr'><em>est</em></span> <span class='ocrx_word' id='word_1_75' title='bbox 1216 1021 1278 1102; x_wconf 91' lang='lat' dir='ltr'><em>ipsi</em></span> <span class='ocrx_word' id='word_1_76' title='bbox 1300 1023 1448 1104; x_wconf 83' lang='lat' dir='ltr'><em>adempta.</em></span> 
     </span>
     <span class='ocr_line' id='line_1_11' title="bbox 174 1109 483 1193; baseline -0.006 -17"><span class='ocrx_word' id='word_1_77' title='bbox 174 1109 483 1193; x_wconf 63' lang='lat' dir='ltr'><em>lbnaapon„ibnt</em></span> 
     </span>
    </p>

    <p class='ocr_par' dir='ltr' id='par_1_5' title="bbox 173 1196 1452 1815">
     <span class='ocr_line' id='line_1_12' title="bbox 214 1196 1445 1282; baseline 0.001 -19"><span class='ocrx_word' id='word_1_78' title='bbox 214 1202 304 1282; x_wconf 78' lang='lat' dir='ltr'><em>Hesp.</em></span> <span class='ocrx_word' id='word_1_79' title='bbox 321 1205 354 1262; x_wconf 71' lang='lat'><em>2⁰</em></span> <span class='ocrx_word' id='word_1_80' title='bbox 370 1221 377 1260; x_wconf 93' lang='lat'>:</span> <span class='ocrx_word' id='word_1_81' title='bbox 394 1199 426 1262; x_wconf 89' lang='lat' dir='ltr'><em>Si</em></span> <span class='ocrx_word' id='word_1_82' title='bbox 444 1203 550 1262; x_wconf 90' lang='lat' dir='ltr'><em>autam</em></span> <span class='ocrx_word' id='word_1_83' title='bbox 563 1197 713 1263; x_wconf 70' lang='lat' dir='ltr'><em>revocatio</em></span> <span class='ocrx_word' id='word_1_84' title='bbox 731 1216 794 1260; x_wconf 90' lang='lat' dir='ltr'><em>non</em></span> <span class='ocrx_word' id='word_1_85' title='bbox 808 1197 978 1260; x_wconf 84' lang='lat' dir='ltr'><em>innotescat</em></span> <span class='ocrx_word' id='word_1_86' title='bbox 991 1196 1104 1260; x_wconf 88' lang='lat' dir='ltr'><em>nuntio</em></span> <span class='ocrx_word' id='word_1_87' title='bbox 1119 1203 1189 1260; x_wconf 87' lang='lat' dir='ltr'><em>ante</em></span> <span class='ocrx_word' id='word_1_88' title='bbox 1205 1201 1445 1275; x_wconf 79' lang='lat' dir='ltr'><em>exsecutionem,</em></span> 
     </span>
     <span class='ocr_line' id='line_1_13' title="bbox 174 1285 1442 1369; baseline -0.002 -15"><span class='ocrx_word' id='word_1_89' title='bbox 174 1294 248 1354; x_wconf 89' lang='lat' dir='ltr'><em>tunc</em></span> <span class='ocrx_word' id='word_1_90' title='bbox 266 1288 521 1369; x_wconf 85' lang='lat' dir='ltr'><em>distinguendum</em></span> <span class='ocrx_word' id='word_1_91' title='bbox 535 1291 581 1350; x_wconf 90' lang='lat' dir='ltr'><em>est</em></span> <span class='ocrx_word' id='word_1_92' title='bbox 598 1307 606 1350; x_wconf 91' lang='lat'><strong>:</strong></span> <span class='ocrx_word' id='word_1_93' title='bbox 623 1287 678 1349; x_wconf 89' lang='lat' dir='ltr'><em>Vel</em></span> <span class='ocrx_word' id='word_1_94' title='bbox 696 1287 747 1349; x_wconf 89' lang='lat' dir='ltr'><em>ille</em></span> <span class='ocrx_word' id='word_1_95' title='bbox 767 1285 905 1348; x_wconf 88' lang='lat' dir='ltr'><em>sehabet</em></span> <span class='ocrx_word' id='word_1_96' title='bbox 926 1287 1027 1348; x_wconf 91' lang='lat' dir='ltr'><em>solum</em></span> <span class='ocrx_word' id='word_1_97' title='bbox 1045 1286 1146 1349; x_wconf 89' lang='lat' dir='ltr'><em>instar</em></span> <span class='ocrx_word' id='word_1_98' title='bbox 1164 1287 1271 1350; x_wconf 89' lang='lat' dir='ltr'><em>nuntii</em></span> <span class='ocrx_word' id='word_1_99' title='bbox 1292 1288 1442 1352; x_wconf 81' lang='lat' dir='ltr'><em>referentis</em></span> 
     </span>
     <span class='ocr_line' id='line_1_14' title="bbox 174 1374 1448 1452; baseline -0.001 -10"><span class='ocrx_word' id='word_1_100' title='bbox 174 1378 301 1442; x_wconf 85' lang='lat' dir='ltr'><em>alterius</em></span> <span class='ocrx_word' id='word_1_101' title='bbox 313 1377 524 1452; x_wconf 78' lang='lat' dir='ltr'><em>donationem,</em></span> <span class='ocrx_word' id='word_1_102' title='bbox 538 1380 592 1439; x_wconf 89' lang='lat' dir='ltr'><em>aut</em></span> <span class='ocrx_word' id='word_1_103' title='bbox 602 1393 669 1438; x_wconf 89' lang='lat' dir='ltr'><em>rem</em></span> <span class='ocrx_word' id='word_1_104' title='bbox 678 1374 846 1449; x_wconf 80' lang='lat' dir='ltr'><em>tradentiS,</em></span> <span class='ocrx_word' id='word_1_105' title='bbox 861 1374 908 1437; x_wconf 87' lang='lat' dir='ltr'><em>vel</em></span> <span class='ocrx_word' id='word_1_106' title='bbox 920 1374 1013 1437; x_wconf 87' lang='lat' dir='ltr'><em>habet</em></span> <span class='ocrx_word' id='word_1_107' title='bbox 1024 1376 1207 1438; x_wconf 90' lang='lat' dir='ltr'><em>mandatum</em></span> <span class='ocrx_word' id='word_1_108' title='bbox 1214 1375 1353 1440; x_wconf 81' lang='lat' dir='ltr'><em>faciendi</em></span> <span class='ocrx_word' id='word_1_109' title='bbox 1362 1379 1448 1442; x_wconf 76' lang='lat' dir='ltr'><em>dona·</em></span> 
     </span>
     <span class='ocr_line' id='line_1_15' title="bbox 174 1463 1449 1546; baseline 0.001 -16"><span class='ocrx_word' id='word_1_110' title='bbox 174 1468 303 1530; x_wconf 89' lang='lat' dir='ltr'><em>tionem.</em></span> <span class='ocrx_word' id='word_1_111' title='bbox 324 1466 356 1528; x_wconf 88' lang='lat' dir='ltr'><em>Si</em></span> <span class='ocrx_word' id='word_1_112' title='bbox 377 1465 477 1546; x_wconf 88' lang='lat' dir='ltr'><em>prins,</em></span> <span class='ocrx_word' id='word_1_113' title='bbox 501 1485 554 1546; x_wconf 91' lang='lat' dir='ltr'><em>per</em></span> <span class='ocrx_word' id='word_1_114' title='bbox 571 1464 682 1528; x_wconf 86' lang='lat' dir='ltr'><em>factam</em></span> <span class='ocrx_word' id='word_1_115' title='bbox 702 1463 926 1527; x_wconf 74' lang='lat' dir='ltr'><em>revocationem</em></span> <span class='ocrx_word' id='word_1_116' title='bbox 947 1463 1069 1526; x_wconf 87' lang='lat' dir='ltr'><em>donatio</em></span> <span class='ocrx_word' id='word_1_117' title='bbox 1088 1464 1277 1546; x_wconf 81' lang='lat' dir='ltr'><em>subsequens</em></span> <span class='ocrx_word' id='word_1_118' title='bbox 1297 1467 1449 1542; x_wconf 82' lang='lat' dir='ltr'><em>irritatur,</em></span> 
     </span>
     <span class='ocr_line' id='line_1_16' title="bbox 174 1551 1452 1638; baseline 0.001 -19"><span class='ocrx_word' id='word_1_119' title='bbox 174 1556 248 1638; x_wconf 87' lang='lat' dir='ltr'><em>quia</em></span> <span class='ocrx_word' id='word_1_120' title='bbox 268 1557 352 1619; x_wconf 89' lang='lat' dir='ltr'><em>deest</em></span> <span class='ocrx_word' id='word_1_121' title='bbox 371 1555 497 1617; x_wconf 88' lang='lat' dir='ltr'><em>omnino</em></span> <span class='ocrx_word' id='word_1_122' title='bbox 510 1571 675 1617; x_wconf 86' lang='lat' dir='ltr'><em>consensus</em></span> <span class='ocrx_word' id='word_1_123' title='bbox 693 1571 731 1616; x_wconf 80' lang='lat' dir='ltr'><em>ex</em></span> <span class='ocrx_word' id='word_1_124' title='bbox 749 1559 835 1632; x_wconf 85' lang='lat' dir='ltr'><em>parte</em></span> <span class='ocrx_word' id='word_1_125' title='bbox 855 1551 1009 1615; x_wconf 86' lang='lat' dir='ltr'><em>donantis.</em></span> <span class='ocrx_word' id='word_1_126' title='bbox 1033 1552 1064 1614; x_wconf 90' lang='lat' dir='ltr'><em>Si</em></span> <span class='ocrx_word' id='word_1_127' title='bbox 1083 1553 1248 1634; x_wconf 86' lang='lat' dir='ltr'><em>posterius,</em></span> <span class='ocrx_word' id='word_1_128' title='bbox 1267 1555 1374 1618; x_wconf 86' lang='lat' dir='ltr'><em>valent</em></span> <span class='ocrx_word' id='word_1_129' title='bbox 1389 1561 1452 1638; x_wconf 84' lang='lat' dir='ltr'><em>ejus</em></span> 
     </span>
     <span class='ocr_line' id='line_1_17' title="bbox 174 1641 1451 1723; baseline 0 -15"><span class='ocrx_word' id='word_1_130' title='bbox 174 1652 256 1723; x_wconf 86' lang='lat' dir='ltr'><em>acta,</em></span> <span class='ocrx_word' id='word_1_131' title='bbox 282 1651 312 1708; x_wconf 90' lang='lat' dir='ltr'><em>et</em></span> <span class='ocrx_word' id='word_1_132' title='bbox 336 1643 460 1708; x_wconf 88' lang='lat' dir='ltr'><em>donatio</em></span> <span class='ocrx_word' id='word_1_133' title='bbox 483 1643 582 1706; x_wconf 88' lang='lat' dir='ltr'><em>valide</em></span> <span class='ocrx_word' id='word_1_134' title='bbox 602 1641 751 1723; x_wconf 88' lang='lat' dir='ltr'><em>acceptari</em></span> <span class='ocrx_word' id='word_1_135' title='bbox 771 1647 881 1722; x_wconf 88' lang='lat' dir='ltr'><em>potest.</em></span> <span class='ocrx_word' id='word_1_136' title='bbox 906 1644 1040 1704; x_wconf 78' lang='lat' dir='ltr'><em>&#39;leuetur</em></span> <span class='ocrx_word' id='word_1_137' title='bbox 1062 1641 1146 1704; x_wconf 91' lang='lat' dir='ltr'><em>enim</em></span> <span class='ocrx_word' id='word_1_138' title='bbox 1168 1644 1322 1706; x_wconf 86' lang='lat' dir='ltr'><em>mandans</em></span> <span class='ocrx_word' id='word_1_139' title='bbox 1346 1653 1451 1708; x_wconf 80' lang='lat' dir='ltr'><em>mtvtm</em></span> 
     </span>
     <span class='ocr_line' id='line_1_18' title="bbox 173 1729 1288 1815; baseline -0.004 -18"><span class='ocrx_word' id='word_1_140' title='bbox 173 1734 284 1798; x_wconf 87' lang='lat' dir='ltr'><em>habere</em></span> <span class='ocrx_word' id='word_1_141' title='bbox 297 1733 345 1810; x_wconf 90' lang='lat' dir='ltr'><em>id,</em></span> <span class='ocrx_word' id='word_1_142' title='bbox 362 1733 445 1815; x_wconf 86' lang='lat' dir='ltr'><em>quod</em></span> <span class='ocrx_word' id='word_1_143' title='bbox 458 1751 496 1794; x_wconf 87' lang='lat' dir='ltr'><em>ex</em></span> <span class='ocrx_word' id='word_1_144' title='bbox 509 1732 541 1796; x_wconf 87' lang='lat' dir='ltr'><em>vi</em></span> <span class='ocrx_word' id='word_1_145' title='bbox 555 1731 694 1794; x_wconf 90' lang='lat' dir='ltr'><em>mandati</em></span> <span class='ocrx_word' id='word_1_146' title='bbox 708 1731 788 1794; x_wconf 91' lang='lat' dir='ltr'><em>bona</em></span> <span class='ocrx_word' id='word_1_147' title='bbox 802 1729 860 1794; x_wconf 90' lang='lat' dir='ltr'><em>fide</em></span> <span class='ocrx_word' id='word_1_148' title='bbox 874 1732 940 1810; x_wconf 86' lang='lat' dir='ltr'><em>ejus</em></span> <span class='ocrx_word' id='word_1_149' title='bbox 955 1730 1080 1792; x_wconf 89' lang='lat' dir='ltr'><em>nomine</em></span> <span class='ocrx_word' id='word_1_150' title='bbox 1094 1737 1217 1811; x_wconf 80' lang='lat' dir='ltr'><em>gestum</em></span> <span class='ocrx_word' id='word_1_151' title='bbox 1230 1737 1288 1795; x_wconf 87' lang='lat' dir='ltr'><em>est.</em></span> 
     </span>
    </p>

    <p class='ocr_par' dir='ltr' id='par_1_6' title="bbox 173 1818 1450 1974">
     <span class='ocr_line' id='line_1_19' title="bbox 214 1818 1450 1902; baseline -0.002 -15"><span class='ocrx_word' id='word_1_152' title='bbox 214 1827 284 1887; x_wconf 71' lang='lat'><strong>812.</strong></span> <span class='ocrx_word' id='word_1_153' title='bbox 298 1859 339 1870; x_wconf 91' lang='lat'>—</span> <span class='ocrx_word' id='word_1_154' title='bbox 352 1825 452 1898; x_wconf 75' lang='lat' dir='ltr'><em>Quen.</em></span> <span class='ocrx_word' id='word_1_155' title='bbox 470 1825 502 1884; x_wconf 83' lang='grc' dir='ltr'><em>3ο</em></span> <span class='ocrx_word' id='word_1_156' title='bbox 517 1823 569 1882; x_wconf 89' lang='lat' dir='ltr'><em>An</em></span> <span class='ocrx_word' id='word_1_157' title='bbox 586 1819 687 1882; x_wconf 88' lang='lat' dir='ltr'><em>valeat</em></span> <span class='ocrx_word' id='word_1_158' title='bbox 710 1819 851 1890; x_wconf 85' lang='lat' dir='ltr'><em>donatio,</em></span> <span class='ocrx_word' id='word_1_159' title='bbox 866 1821 896 1880; x_wconf 81' lang='lat' dir='ltr'><em>si</em></span> <span class='ocrx_word' id='word_1_160' title='bbox 912 1818 1037 1880; x_wconf 83' lang='lat' dir='ltr'><em>donator</em></span> <span class='ocrx_word' id='word_1_161' title='bbox 1051 1828 1120 1882; x_wconf 89' lang='lat' dir='ltr'><em>ante</em></span> <span class='ocrx_word' id='word_1_162' title='bbox 1139 1825 1375 1902; x_wconf 73' lang='lat' dir='ltr'><em>acceptationem</em></span> <span class='ocrx_word' id='word_1_163' title='bbox 1387 1842 1450 1885; x_wconf 82' lang='lat' dir='ltr'><em>neo-</em></span> 
     </span>
     <span class='ocr_line' id='line_1_20' title="bbox 173 1914 294 1974; baseline 0.008 -2"><span class='ocrx_word' id='word_1_164' title='bbox 173 1914 294 1974; x_wconf 78' lang='lat' dir='ltr'><em>riatur?</em></span> 
     </span>
    </p>

    <p class='ocr_par' dir='ltr' id='par_1_7' title="bbox 172 1997 1453 2698">
     <span class='ocr_line' id='line_1_21' title="bbox 213 1997 1446 2083; baseline 0 -20"><span class='ocrx_word' id='word_1_165' title='bbox 213 2001 303 2083; x_wconf 83' lang='lat' dir='ltr'><em>Resp.</em></span> <span class='ocrx_word' id='word_1_166' title='bbox 330 2006 362 2063; x_wconf 74' lang='grc' dir='ltr'><em>ιο</em></span> <span class='ocrx_word' id='word_1_167' title='bbox 388 1997 482 2080; x_wconf 70' lang='lat' dir='ltr'><em>Nep„</em></span> <span class='ocrx_word' id='word_1_168' title='bbox 505 2002 595 2080; x_wconf 70' lang='lat' dir='ltr'><em>jutta</em></span> <span class='ocrx_word' id='word_1_169' title='bbox 618 2000 850 2058; x_wconf 80' lang='lat' dir='ltr'><em>communiorem</em></span> <span class='ocrx_word' id='word_1_170' title='bbox 874 2003 904 2060; x_wconf 89' lang='lat' dir='ltr'><em>et</em></span> <span class='ocrx_word' id='word_1_171' title='bbox 924 1997 1167 2080; x_wconf 78' lang='lat' dir='ltr'><em>probabiliorem</em></span> <span class='ocrx_word' id='word_1_172' title='bbox 1193 2000 1390 2076; x_wconf 86' lang='lat' dir='ltr'><em>sententiam,</em></span> <span class='ocrx_word' id='word_1_173' title='bbox 1418 2001 1446 2062; x_wconf 89' lang='lat' dir='ltr'><em>si</em></span> 
     </span>
     <span class='ocr_line' id='line_1_22' title="bbox 174 2085 1447 2168; baseline -0.001 -15"><span class='ocrx_word' id='word_1_174' title='bbox 174 2090 297 2153; x_wconf 87' lang='lat' dir='ltr'><em>donatio</em></span> <span class='ocrx_word' id='word_1_175' title='bbox 316 2090 456 2152; x_wconf 91' lang='lat' dir='ltr'><em>nondum</em></span> <span class='ocrx_word' id='word_1_176' title='bbox 477 2086 570 2161; x_wconf 90' lang='lat' dir='ltr'><em>facta,</em></span> <span class='ocrx_word' id='word_1_177' title='bbox 587 2085 776 2148; x_wconf 72' lang='lat' dir='ltr'><em>sittacenen</em></span> <span class='ocrx_word' id='word_1_178' title='bbox 794 2105 846 2167; x_wconf 91' lang='lat' dir='ltr'><em>per</em></span> <span class='ocrx_word' id='word_1_179' title='bbox 861 2087 1110 2162; x_wconf 81' lang='lat' dir='ltr'><em>mandatarium,</em></span> <span class='ocrx_word' id='word_1_180' title='bbox 1129 2087 1186 2168; x_wconf 84' lang='lat' dir='ltr'><em>qui</em></span> <span class='ocrx_word' id='word_1_181' title='bbox 1200 2089 1238 2150; x_wconf 90' lang='lat' dir='ltr'><em>ad</em></span> <span class='ocrx_word' id='word_1_182' title='bbox 1254 2088 1447 2152; x_wconf 89' lang='lat' dir='ltr'><em>donatarium</em></span> 
     </span>
     <span class='ocr_line' id='line_1_23' title="bbox 173 2174 1450 2259; baseline 0 -19"><span class='ocrx_word' id='word_1_183' title='bbox 173 2177 288 2240; x_wconf 88' lang='lat' dir='ltr'><em>missus</em></span> <span class='ocrx_word' id='word_1_184' title='bbox 302 2183 359 2239; x_wconf 91' lang='lat' dir='ltr'><em>est.</em></span> <span class='ocrx_word' id='word_1_185' title='bbox 376 2176 480 2251; x_wconf 87' lang='lat' dir='ltr'><em>Ratio,</em></span> <span class='ocrx_word' id='word_1_186' title='bbox 495 2175 568 2256; x_wconf 81' lang='lat' dir='ltr'><em>qviia</em></span> <span class='ocrx_word' id='word_1_187' title='bbox 582 2175 767 2238; x_wconf 88' lang='lat' dir='ltr'><em>mandatum</em></span> <span class='ocrx_word' id='word_1_188' title='bbox 780 2174 917 2256; x_wconf 83' lang='lat' dir='ltr'><em>exspirat</em></span> <span class='ocrx_word' id='word_1_189' title='bbox 931 2182 1030 2238; x_wconf 89' lang='lat' dir='ltr'><em>morte</em></span> <span class='ocrx_word' id='word_1_190' title='bbox 1043 2176 1232 2240; x_wconf 88' lang='lat' dir='ltr'><em>mandantis.</em></span> <span class='ocrx_word' id='word_1_191' title='bbox 1248 2179 1277 2240; x_wconf 87' lang='lat' dir='ltr'><em>ls</em></span> <span class='ocrx_word' id='word_1_192' title='bbox 1289 2177 1369 2240; x_wconf 89' lang='lat' dir='ltr'><em>enim</em></span> <span class='ocrx_word' id='word_1_193' title='bbox 1379 2181 1450 2259; x_wconf 86' lang='lat' dir='ltr'><em>jam</em></span> 
     </span>
     <span class='ocr_line' id='line_1_24' title="bbox 172 2263 1451 2346; baseline -0.001 -16"><span class='ocrx_word' id='word_1_194' title='bbox 172 2271 316 2330; x_wconf 89' lang='lat' dir='ltr'><em>mortuus</em></span> <span class='ocrx_word' id='word_1_195' title='bbox 330 2266 425 2340; x_wconf 85' lang='lat' dir='ltr'><em>nihil,</em></span> <span class='ocrx_word' id='word_1_196' title='bbox 444 2264 540 2328; x_wconf 89' lang='lat' dir='ltr'><em>etiam</em></span> <span class='ocrx_word' id='word_1_197' title='bbox 556 2282 609 2346; x_wconf 92' lang='lat' dir='ltr'><em>per</em></span> <span class='ocrx_word' id='word_1_198' title='bbox 627 2263 740 2339; x_wconf 78' lang='lat' dir='ltr'><em>abtim,</em></span> <span class='ocrx_word' id='word_1_199' title='bbox 757 2263 833 2326; x_wconf 89' lang='lat' dir='ltr'><em>velle</em></span> <span class='ocrx_word' id='word_1_200' title='bbox 849 2268 905 2325; x_wconf 88' lang='lat' dir='ltr'><em>aut</em></span> <span class='ocrx_word' id='word_1_201' title='bbox 918 2264 1036 2344; x_wconf 89' lang='lat' dir='ltr'><em>operari</em></span> <span class='ocrx_word' id='word_1_202' title='bbox 1053 2271 1170 2346; x_wconf 89' lang='lat' dir='ltr'><em>potest,</em></span> <span class='ocrx_word' id='word_1_203' title='bbox 1187 2265 1250 2328; x_wconf 90' lang='lat' dir='ltr'><em>nisi</em></span> <span class='ocrx_word' id='word_1_204' title='bbox 1265 2266 1340 2329; x_wconf 83' lang='lat' dir='ltr'><em>sorte</em></span> <span class='ocrx_word' id='word_1_205' title='bbox 1359 2273 1451 2330; x_wconf 86' lang='lat' dir='ltr'><em>antea</em></span> 
     </span>
     <span class='ocr_line' id='line_1_25' title="bbox 174 2351 1452 2438; baseline 0 -21"><span class='ocrx_word' id='word_1_206' title='bbox 174 2354 371 2417; x_wconf 81' lang='lat' dir='ltr'><em>declaraverit</em></span> <span class='ocrx_word' id='word_1_207' title='bbox 385 2355 465 2416; x_wconf 88' lang='lat' dir='ltr'><em>hanc</em></span> <span class='ocrx_word' id='word_1_208' title='bbox 479 2370 569 2414; x_wconf 90' lang='lat' dir='ltr'><em>suam</em></span> <span class='ocrx_word' id='word_1_209' title='bbox 583 2352 717 2414; x_wconf 90' lang='lat' dir='ltr'><em>donandi</em></span> <span class='ocrx_word' id='word_1_210' title='bbox 733 2353 923 2415; x_wconf 87' lang='lat' dir='ltr'><em>voluntatem</em></span> <span class='ocrx_word' id='word_1_211' title='bbox 937 2371 1002 2414; x_wconf 88' lang='lat' dir='ltr'><em>esse</em></span> <span class='ocrx_word' id='word_1_212' title='bbox 1015 2351 1259 2432; x_wconf 77' lang='lat' dir='ltr'><em>irrevocabilem,</em></span> <span class='ocrx_word' id='word_1_213' title='bbox 1276 2361 1370 2437; x_wconf 88' lang='lat' dir='ltr'><em>atque</em></span> <span class='ocrx_word' id='word_1_214' title='bbox 1383 2360 1452 2438; x_wconf 85' lang='lat' dir='ltr'><em>post</em></span> 
     </span>
     <span class='ocr_line' id='line_1_26' title="bbox 172 2439 1453 2520; baseline 0.002 -16"><span class='ocrx_word' id='word_1_215' title='bbox 172 2448 306 2504; x_wconf 87' lang='lat' dir='ltr'><em>mortem</em></span> <span class='ocrx_word' id='word_1_216' title='bbox 327 2440 507 2504; x_wconf 88' lang='lat' dir='ltr'><em>valituram.</em></span> <span class='ocrx_word' id='word_1_217' title='bbox 524 2475 564 2484; x_wconf 89' lang='lat'><em>-</em></span> <span class='ocrx_word' id='word_1_218' title='bbox 582 2441 683 2520; x_wconf 76' lang='lat' dir='ltr'><em>Lapa,</em></span> <span class='ocrx_word' id='word_1_219' title='bbox 703 2439 735 2500; x_wconf 89' lang='lat' dir='ltr'><em>d.</em></span> <span class='ocrx_word' id='word_1_220' title='bbox 755 2459 848 2514; x_wconf 73' lang='lat' dir='ltr'><em>virtu,</em></span> <span class='ocrx_word' id='word_1_221' title='bbox 870 2462 901 2502; x_wconf 92' lang='lat' dir='ltr'><em>n.</em></span> <span class='ocrx_word' id='word_1_222' title='bbox 923 2444 977 2515; x_wconf 80' lang='grc'><em>75,</em></span> <span class='ocrx_word' id='word_1_223' title='bbox 1003 2445 1052 2504; x_wconf 84' lang='grc'><em>78.</em></span> <span class='ocrx_word' id='word_1_224' title='bbox 1079 2441 1240 2505; x_wconf 82' lang='lat' dir='ltr'><em>Affirmant</em></span> <span class='ocrx_word' id='word_1_225' title='bbox 1260 2450 1364 2506; x_wconf 87' lang='lat' dir='ltr'><em>tamen</em></span> <span class='ocrx_word' id='word_1_226' title='bbox 1385 2463 1453 2507; x_wconf 90' lang='lat' dir='ltr'><em>non</em></span> 
     </span>
     <span class='ocr_line' id='line_1_27' title="bbox 172 2527 1450 2612; baseline 0.002 -20"><span class='ocrx_word' id='word_1_227' title='bbox 172 2527 418 2610; x_wconf 84' lang='lat' dir='ltr'><em>improbabiliter</em></span> <span class='ocrx_word' id='word_1_228' title='bbox 434 2527 562 2608; x_wconf 89' lang='lat' dir='ltr'><em>quidam</em></span> <span class='ocrx_word' id='word_1_229' title='bbox 585 2527 721 2589; x_wconf 85' lang='lat' dir='ltr'><em>dicentes</em></span> <span class='ocrx_word' id='word_1_230' title='bbox 742 2529 893 2608; x_wconf 88' lang='lat' dir='ltr'><em>ejusmodi</em></span> <span class='ocrx_word' id='word_1_231' title='bbox 916 2529 1102 2592; x_wconf 87' lang='lat' dir='ltr'><em>mandatum</em></span> <span class='ocrx_word' id='word_1_232' title='bbox 1125 2549 1184 2592; x_wconf 87' lang='lat' dir='ltr'><em>esse</em></span> <span class='ocrx_word' id='word_1_233' title='bbox 1205 2531 1353 2609; x_wconf 81' lang='lat' dir='ltr'><em>gratiam,</em></span> <span class='ocrx_word' id='word_1_234' title='bbox 1374 2549 1450 2612; x_wconf 74' lang='lat' dir='ltr'><em>quae</em></span> 
     </span>
     <span class='ocr_line' id='line_1_28' title="bbox 173 2615 1157 2698; baseline -0.003 -18"><span class='ocrx_word' id='word_1_235' title='bbox 173 2622 272 2680; x_wconf 87' lang='lat' dir='ltr'><em>morte</em></span> <span class='ocrx_word' id='word_1_236' title='bbox 286 2615 463 2678; x_wconf 87' lang='lat' dir='ltr'><em>mandantis</em></span> <span class='ocrx_word' id='word_1_237' title='bbox 480 2633 543 2677; x_wconf 90' lang='lat' dir='ltr'><em>non</em></span> <span class='ocrx_word' id='word_1_238' title='bbox 556 2615 704 2696; x_wconf 83' lang='lat' dir='ltr'><em>exspirat.</em></span> <span class='ocrx_word' id='word_1_239' title='bbox 719 2649 760 2662; x_wconf 91' lang='lat'>—</span> <span class='ocrx_word' id='word_1_240' title='bbox 781 2615 850 2678; x_wconf 86' lang='lat' dir='ltr'><em>Vid.</em></span> <span class='ocrx_word' id='word_1_241' title='bbox 869 2617 905 2679; x_wconf 90' lang='lat' dir='ltr'><em>S.</em></span> <span class='ocrx_word' id='word_1_242' title='bbox 920 2616 1027 2698; x_wconf 79' lang='lat' dir='ltr'><em>Atpt,</em></span> <span class='ocrx_word' id='word_1_243' title='bbox 1042 2638 1073 2678; x_wconf 91' lang='lat' dir='ltr'><em>n.</em></span> <span class='ocrx_word' id='word_1_244' title='bbox 1090 2623 1157 2683; x_wconf 78' lang='lat'><strong>730.</strong></span> 
     </span>
    </p>

    <p class='ocr_par' dir='ltr' id='par_1_8' title="bbox 173 2702 1455 3392">
     <span class='ocr_line' id='line_1_29' title="bbox 213 2702 1451 2789; baseline 0.002 -21"><span class='ocrx_word' id='word_1_245' title='bbox 213 2707 306 2789; x_wconf 78' lang='lat' dir='ltr'><em>Hesp.</em></span> <span class='ocrx_word' id='word_1_246' title='bbox 321 2709 354 2767; x_wconf 66' lang='grc' dir='ltr'><em>ιθ</em></span> <span class='ocrx_word' id='word_1_247' title='bbox 372 2725 379 2767; x_wconf 88' lang='grc'>;</span> <span class='ocrx_word' id='word_1_248' title='bbox 396 2703 428 2766; x_wconf 85' lang='lat' dir='ltr'><em>si</em></span> <span class='ocrx_word' id='word_1_249' title='bbox 442 2703 565 2767; x_wconf 90' lang='lat' dir='ltr'><em>donatio</em></span> <span class='ocrx_word' id='word_1_250' title='bbox 575 2707 642 2785; x_wconf 86' lang='lat' dir='ltr'><em>jam</em></span> <span class='ocrx_word' id='word_1_251' title='bbox 656 2702 733 2766; x_wconf 88' lang='lat' dir='ltr'><em>facta</em></span> <span class='ocrx_word' id='word_1_252' title='bbox 746 2704 802 2779; x_wconf 88' lang='lat' dir='ltr'><em>sit,</em></span> <span class='ocrx_word' id='word_1_253' title='bbox 819 2712 850 2768; x_wconf 89' lang='lat' dir='ltr'><em>et</em></span> <span class='ocrx_word' id='word_1_254' title='bbox 865 2706 984 2768; x_wconf 88' lang='lat' dir='ltr'><em>donans</em></span> <span class='ocrx_word' id='word_1_255' title='bbox 999 2713 1071 2769; x_wconf 88' lang='lat' dir='ltr'><em>ante</em></span> <span class='ocrx_word' id='word_1_256' title='bbox 1086 2713 1214 2769; x_wconf 85' lang='lat' dir='ltr'><em>mortem</em></span> <span class='ocrx_word' id='word_1_257' title='bbox 1226 2705 1345 2768; x_wconf 86' lang='lat' dir='ltr'><em>miserit</em></span> <span class='ocrx_word' id='word_1_258' title='bbox 1358 2725 1451 2771; x_wconf 90' lang='lat' dir='ltr'><em>nun-</em></span> 
     </span>
     <span class='ocr_line' id='line_1_30' title="bbox 173 2791 1453 2876; baseline 0 -17"><span class='ocrx_word' id='word_1_259' title='bbox 173 2795 256 2859; x_wconf 90' lang='lat' dir='ltr'><em>tium</em></span> <span class='ocrx_word' id='word_1_260' title='bbox 270 2795 318 2858; x_wconf 90' lang='lat' dir='ltr'><em>vel</em></span> <span class='ocrx_word' id='word_1_261' title='bbox 331 2793 488 2876; x_wconf 88' lang='lat' dir='ltr'><em>epistolam</em></span> <span class='ocrx_word' id='word_1_262' title='bbox 502 2793 541 2854; x_wconf 90' lang='lat' dir='ltr'><em>ad</em></span> <span class='ocrx_word' id='word_1_263' title='bbox 554 2791 640 2855; x_wconf 88' lang='lat' dir='ltr'><em>illam</em></span> <span class='ocrx_word' id='word_1_264' title='bbox 652 2791 924 2870; x_wconf 80' lang='lat' dir='ltr'><em>manifestandam,</em></span> <span class='ocrx_word' id='word_1_265' title='bbox 939 2799 1183 2856; x_wconf 81' lang='lat' dir='ltr'><em>controvertitur.</em></span> <span class='ocrx_word' id='word_1_266' title='bbox 1194 2830 1233 2840; x_wconf 88' lang='lat'><em>-</em></span> <span class='ocrx_word' id='word_1_267' title='bbox 1243 2795 1275 2857; x_wconf 72' lang='lat' dir='ltr'><em>l‘⁴</em></span> <span class='ocrx_word' id='word_1_268' title='bbox 1288 2793 1453 2859; x_wconf 82' lang='lat' dir='ltr'><em>Sententia</em></span> 
     </span>
     <span class='ocr_line' id='line_1_31' title="bbox 174 2880 1453 2966; baseline 0.002 -20"><span class='ocrx_word' id='word_1_269' title='bbox 174 2903 242 2966; x_wconf 80' lang='lat' dir='ltr'><em>nep.</em></span> <span class='ocrx_word' id='word_1_270' title='bbox 245 2931 255 2962; x_wconf 91' lang='lat'><em>,</em></span> <span class='ocrx_word' id='word_1_271' title='bbox 268 2883 356 2965; x_wconf 90' lang='lat' dir='ltr'><em>quia,</em></span> <span class='ocrx_word' id='word_1_272' title='bbox 370 2887 438 2963; x_wconf 90' lang='lat' dir='ltr'><em>post</em></span> <span class='ocrx_word' id='word_1_273' title='bbox 453 2887 585 2944; x_wconf 87' lang='lat' dir='ltr'><em>mortem</em></span> <span class='ocrx_word' id='word_1_274' title='bbox 594 2880 754 2958; x_wconf 90' lang='lat' dir='ltr'><em>donantis,</em></span> <span class='ocrx_word' id='word_1_275' title='bbox 769 2881 877 2964; x_wconf 87' lang='lat' dir='ltr'><em>nequit</em></span> <span class='ocrx_word' id='word_1_276' title='bbox 889 2881 1033 2946; x_wconf 89' lang='lat' dir='ltr'><em>voluntas</em></span> <span class='ocrx_word' id='word_1_277' title='bbox 1043 2885 1110 2964; x_wconf 88' lang='lat' dir='ltr'><em>ejus</em></span> <span class='ocrx_word' id='word_1_278' title='bbox 1119 2883 1204 2946; x_wconf 90' lang='lat' dir='ltr'><em>uniri</em></span> <span class='ocrx_word' id='word_1_279' title='bbox 1215 2903 1286 2947; x_wconf 89' lang='lat' dir='ltr'><em>cum</em></span> <span class='ocrx_word' id='word_1_280' title='bbox 1298 2885 1453 2949; x_wconf 85' lang='lat' dir='ltr'><em>donatarii</em></span> 
     </span>
     <span class='ocr_line' id='line_1_32' title="bbox 174 2970 1455 3057; baseline 0 -21"><span class='ocrx_word' id='word_1_281' title='bbox 174 2989 338 3046; x_wconf 89' lang='lat' dir='ltr'><em>consensu,</em></span> <span class='ocrx_word' id='word_1_282' title='bbox 356 2971 436 3034; x_wconf 87' lang='lat' dir='ltr'><em>sicut</em></span> <span class='ocrx_word' id='word_1_283' title='bbox 450 2972 488 3034; x_wconf 85' lang='lat' dir='ltr'><em>ad</em></span> <span class='ocrx_word' id='word_1_284' title='bbox 502 2970 740 3052; x_wconf 83' lang='lat' dir='ltr'><em>acceptationem</em></span> <span class='ocrx_word' id='word_1_285' title='bbox 753 2971 934 3052; x_wconf 80' lang='lat' dir='ltr'><em>reqviiritur.</em></span> <span class='ocrx_word' id='word_1_286' title='bbox 946 3006 987 3018; x_wconf 76' lang='lat'>—</span> <span class='ocrx_word' id='word_1_287' title='bbox 997 2971 1047 3034; x_wconf 74' lang='lat'><em>11⁶</em></span> <span class='ocrx_word' id='word_1_288' title='bbox 1060 2971 1220 3034; x_wconf 85' lang='lat' dir='ltr'><em>Sententia</em></span> <span class='ocrx_word' id='word_1_289' title='bbox 1232 2974 1364 3055; x_wconf 71' lang='lat' dir='ltr'><em>affine,</em></span> <span class='ocrx_word' id='word_1_290' title='bbox 1378 2976 1455 3057; x_wconf 81' lang='lat' dir='ltr'><em>qviia</em></span> 
     </span>
     <span class='ocr_line' id='line_1_33' title="bbox 175 3059 1451 3142; baseline 0 -16"><span class='ocrx_word' id='word_1_291' title='bbox 175 3061 296 3126; x_wconf 88' lang='lat' dir='ltr'><em>donatio</em></span> <span class='ocrx_word' id='word_1_292' title='bbox 311 3063 378 3142; x_wconf 89' lang='lat' dir='ltr'><em>jam</em></span> <span class='ocrx_word' id='word_1_293' title='bbox 398 3059 550 3123; x_wconf 84' lang='lat' dir='ltr'><em>exsistens</em></span> <span class='ocrx_word' id='word_1_294' title='bbox 570 3067 730 3140; x_wconf 86' lang='lat' dir='ltr'><em>permanet</em></span> <span class='ocrx_word' id='word_1_295' title='bbox 750 3059 924 3122; x_wconf 85' lang='lat' dir='ltr'><em>virtualiter</em></span> <span class='ocrx_word' id='word_1_296' title='bbox 941 3060 976 3122; x_wconf 93' lang='lat' dir='ltr'><em>in</em></span> <span class='ocrx_word' id='word_1_297' title='bbox 994 3060 1122 3136; x_wconf 71' lang='lat' dir='ltr'><em>litteriS,</em></span> <span class='ocrx_word' id='word_1_298' title='bbox 1145 3062 1194 3126; x_wconf 89' lang='lat' dir='ltr'><em>vel</em></span> <span class='ocrx_word' id='word_1_299' title='bbox 1211 3063 1325 3126; x_wconf 91' lang='lat' dir='ltr'><em>nuntio</em></span> <span class='ocrx_word' id='word_1_300' title='bbox 1342 3063 1451 3127; x_wconf 86' lang='lat' dir='ltr'><em>misso.</em></span> 
     </span>
     <span class='ocr_line' id='line_1_34' title="bbox 174 3147 1454 3232; baseline 0.003 -22"><span class='ocrx_word' id='word_1_301' title='bbox 174 3185 215 3196; x_wconf 89' lang='lat'><em>-·</em></span> <span class='ocrx_word' id='word_1_302' title='bbox 228 3148 331 3211; x_wconf 88' lang='lat' dir='ltr'><em>Prima</em></span> <span class='ocrx_word' id='word_1_303' title='bbox 348 3148 501 3212; x_wconf 88' lang='lat' dir='ltr'><em>sententia</em></span> <span class='ocrx_word' id='word_1_304' title='bbox 519 3149 679 3212; x_wconf 86' lang='lat' dir='ltr'><em>concordat</em></span> <span class='ocrx_word' id='word_1_305' title='bbox 698 3166 771 3210; x_wconf 91' lang='lat' dir='ltr'><em>cum</em></span> <span class='ocrx_word' id='word_1_306' title='bbox 792 3151 866 3211; x_wconf 90' lang='lat' dir='ltr'><em>Jure</em></span> <span class='ocrx_word' id='word_1_307' title='bbox 889 3147 1016 3224; x_wconf 86' lang='lat' dir='ltr'><em>Gallico,</em></span> <span class='ocrx_word' id='word_1_308' title='bbox 1035 3154 1065 3211; x_wconf 89' lang='grc' dir='ltr'><strong>ει</strong></span> <span class='ocrx_word' id='word_1_309' title='bbox 1084 3169 1103 3212; x_wconf 88' lang='lat' dir='ltr'><em>a</em></span> <span class='ocrx_word' id='word_1_310' title='bbox 1121 3148 1157 3214; x_wconf 93' lang='lat' dir='ltr'><em>S.</em></span> <span class='ocrx_word' id='word_1_311' title='bbox 1176 3151 1247 3232; x_wconf 80' lang='lat' dir='ltr'><em>Lip.</em></span> <span class='ocrx_word' id='word_1_312' title='bbox 1268 3173 1300 3215; x_wconf 90' lang='lat' dir='ltr'><em>n.</em></span> <span class='ocrx_word' id='word_1_313' title='bbox 1319 3157 1395 3227; x_wconf 75' lang='lat' dir='ltr'><em>tea,</em></span> <span class='ocrx_word' id='word_1_314' title='bbox 1415 3159 1454 3215; x_wconf 90' lang='lat' dir='ltr'><em>ut</em></span> 
     </span>
     <span class='ocr_line' id='line_1_35' title="bbox 173 3237 1453 3320; baseline 0.002 -19"><span class='ocrx_word' id='word_1_315' title='bbox 173 3237 360 3320; x_wconf 85' lang='lat' dir='ltr'><em>probabilior</em></span> <span class='ocrx_word' id='word_1_316' title='bbox 373 3238 517 3315; x_wconf 65' lang='lat' dir='ltr'><em>hebetum</em></span> <span class='ocrx_word' id='word_1_317' title='bbox 539 3239 671 3300; x_wconf 90' lang='lat' dir='ltr'><em>secunda</em></span> <span class='ocrx_word' id='word_1_318' title='bbox 686 3239 790 3300; x_wconf 87' lang='lat' dir='ltr'><em>tamen</em></span> <span class='ocrx_word' id='word_1_319' title='bbox 809 3243 856 3301; x_wconf 89' lang='grc' dir='ltr'><em>εει</em></span> <span class='ocrx_word' id='word_1_320' title='bbox 874 3239 962 3301; x_wconf 83' lang='lat' dir='ltr'><em>valde</em></span> <span class='ocrx_word' id='word_1_321' title='bbox 975 3237 1159 3318; x_wconf 87' lang='lat' dir='ltr'><em>probabilis,</em></span> <span class='ocrx_word' id='word_1_322' title='bbox 1175 3244 1205 3302; x_wconf 91' lang='lat' dir='ltr'><em>et</em></span> <span class='ocrx_word' id='word_1_323' title='bbox 1224 3259 1242 3302; x_wconf 88' lang='lat' dir='ltr'><em>a</em></span> <span class='ocrx_word' id='word_1_324' title='bbox 1259 3240 1453 3320; x_wconf 85' lang='lat' dir='ltr'><em>gravissimis</em></span> 
     </span>
     <span class='ocr_line' id='line_1_36' title="bbox 174 3326 555 3392; baseline -0.01 0"><span class='ocrx_word' id='word_1_325' title='bbox 174 3327 353 3392; x_wconf 87' lang='lat' dir='ltr'><em>Ductoribus</em></span> <span class='ocrx_word' id='word_1_326' title='bbox 370 3326 555 3389; x_wconf 83' lang='lat' dir='ltr'><em>defenditur.</em></span> 
     </span>
    </p>

    <p class='ocr_par' dir='ltr' id='par_1_9' title="bbox 174 3413 1449 3588">
     <span class='ocr_line' id='line_1_37' title="bbox 214 3413 1449 3500; baseline -0.002 -20"><span class='ocrx_word' id='word_1_327' title='bbox 214 3421 317 3494; x_wconf 79' lang='lat' dir='ltr'><em>Quae.</em></span> <span class='ocrx_word' id='word_1_328' title='bbox 333 3421 367 3479; x_wconf 62' lang='grc' dir='ltr'><em>ιθ</em></span> <span class='ocrx_word' id='word_1_329' title='bbox 392 3417 463 3496; x_wconf 84' lang='lat' dir='ltr'><em>An,</em></span> <span class='ocrx_word' id='word_1_330' title='bbox 483 3424 601 3476; x_wconf 86' lang='lat' dir='ltr'><em>mortuo</em></span> <span class='ocrx_word' id='word_1_331' title='bbox 622 3413 781 3477; x_wconf 85' lang='lat' dir='ltr'><em>donatorio</em></span> <span class='ocrx_word' id='word_1_332' title='bbox 803 3423 872 3478; x_wconf 87' lang='lat' dir='ltr'><em>onte</em></span> <span class='ocrx_word' id='word_1_333' title='bbox 889 3415 1136 3498; x_wconf 82' lang='lat' dir='ltr'><em>acceptationem,</em></span> <span class='ocrx_word' id='word_1_334' title='bbox 1152 3419 1253 3500; x_wconf 82' lang='lat' dir='ltr'><em>possit</em></span> <span class='ocrx_word' id='word_1_335' title='bbox 1272 3418 1449 3500; x_wconf 74' lang='lat' dir='ltr'><em>bannajas</em></span> 
     </span>
     <span class='ocr_line' id='line_1_38' title="bbox 174 3503 552 3588; baseline -0.003 -22"><span class='ocrx_word' id='word_1_336' title='bbox 174 3503 365 3568; x_wconf 88' lang='lat' dir='ltr'><em>donationem</em></span> <span class='ocrx_word' id='word_1_337' title='bbox 379 3511 552 3588; x_wconf 81' lang='lat' dir='ltr'><em>acceptaret</em></span> 
     </span>
    </p>

    <p class='ocr_par' dir='ltr' id='par_1_10' title="bbox 173 3592 1458 4118">
     <span class='ocr_line' id='line_1_39' title="bbox 214 3592 1455 3677; baseline 0.002 -21"><span class='ocrx_word' id='word_1_338' title='bbox 214 3594 307 3676; x_wconf 84' lang='lat' dir='ltr'><em>Resp.</em></span> <span class='ocrx_word' id='word_1_339' title='bbox 323 3593 403 3674; x_wconf 77' lang='lat' dir='ltr'><em>Nep.</em></span> <span class='ocrx_word' id='word_1_340' title='bbox 416 3592 617 3674; x_wconf 81' lang='lat' dir='ltr'><em>probabilius,</em></span> <span class='ocrx_word' id='word_1_341' title='bbox 634 3593 707 3675; x_wconf 81' lang='lat' dir='ltr'><em>quia</em></span> <span class='ocrx_word' id='word_1_342' title='bbox 720 3593 816 3657; x_wconf 73' lang='lat' dir='ltr'><em>hares</em></span> <span class='ocrx_word' id='word_1_343' title='bbox 835 3594 968 3658; x_wconf 85' lang='lat' dir='ltr'><em>succedit</em></span> <span class='ocrx_word' id='word_1_344' title='bbox 982 3595 1109 3676; x_wconf 85' lang='lat' dir='ltr'><em>quidem</em></span> <span class='ocrx_word' id='word_1_345' title='bbox 1127 3593 1162 3658; x_wconf 86' lang='lat' dir='ltr'><em>in</em></span> <span class='ocrx_word' id='word_1_346' title='bbox 1176 3595 1303 3677; x_wconf 87' lang='lat' dir='ltr'><em>juribus</em></span> <span class='ocrx_word' id='word_1_347' title='bbox 1317 3595 1455 3658; x_wconf 73' lang='lat' dir='ltr'><em>mannus</em></span> 
     </span>
     <span class='ocr_line' id='line_1_40' title="bbox 174 3680 1455 3765; baseline 0.002 -19"><span class='ocrx_word' id='word_1_348' title='bbox 174 3680 325 3756; x_wconf 77' lang='lat' dir='ltr'><em>debincti,</em></span> <span class='ocrx_word' id='word_1_349' title='bbox 343 3699 406 3743; x_wconf 93' lang='lat' dir='ltr'><em>non</em></span> <span class='ocrx_word' id='word_1_350' title='bbox 421 3700 491 3746; x_wconf 90' lang='lat' dir='ltr'><em>vero</em></span> <span class='ocrx_word' id='word_1_351' title='bbox 509 3682 543 3744; x_wconf 91' lang='lat' dir='ltr'><em>in</em></span> <span class='ocrx_word' id='word_1_352' title='bbox 559 3682 786 3762; x_wconf 77' lang='lat' dir='ltr'><em>personalibuS,</em></span> <span class='ocrx_word' id='word_1_353' title='bbox 801 3682 974 3764; x_wconf 88' lang='lat' dir='ltr'><em>cujusmodi</em></span> <span class='ocrx_word' id='word_1_354' title='bbox 988 3688 1041 3765; x_wconf 88' lang='lat' dir='ltr'><em>jus</em></span> <span class='ocrx_word' id='word_1_355' title='bbox 1060 3689 1106 3746; x_wconf 91' lang='lat' dir='ltr'><em>est</em></span> <span class='ocrx_word' id='word_1_356' title='bbox 1122 3684 1299 3765; x_wconf 85' lang='lat' dir='ltr'><em>acceptandi</em></span> <span class='ocrx_word' id='word_1_357' title='bbox 1314 3685 1455 3748; x_wconf 83' lang='lat' dir='ltr'><em>donat-io-</em></span> 
     </span>
     <span class='ocr_line' id='line_1_41' title="bbox 173 3768 1456 3853; baseline 0 -19"><span class='ocrx_word' id='word_1_358' title='bbox 173 3789 264 3846; x_wconf 83' lang='lat' dir='ltr'><em>nem3</em></span> <span class='ocrx_word' id='word_1_359' title='bbox 284 3768 347 3832; x_wconf 89' lang='lat' dir='ltr'><em>nisi</em></span> <span class='ocrx_word' id='word_1_360' title='bbox 367 3768 444 3832; x_wconf 85' lang='lat' dir='ltr'><em>forte</em></span> <span class='ocrx_word' id='word_1_361' title='bbox 463 3769 504 3834; x_wconf 89' lang='lat' dir='ltr'><em>sit</em></span> <span class='ocrx_word' id='word_1_362' title='bbox 521 3771 604 3834; x_wconf 89' lang='lat' dir='ltr'><em>filius</em></span> <span class='ocrx_word' id='word_1_363' title='bbox 623 3770 791 3846; x_wconf 90' lang='lat' dir='ltr'><em>donatarii,</em></span> <span class='ocrx_word' id='word_1_364' title='bbox 812 3771 886 3851; x_wconf 86' lang='lat' dir='ltr'><em>quia</em></span> <span class='ocrx_word' id='word_1_365' title='bbox 909 3779 984 3835; x_wconf 89' lang='lat' dir='ltr'><em>tunc</em></span> <span class='ocrx_word' id='word_1_366' title='bbox 1001 3777 1251 3853; x_wconf 76' lang='lat' dir='ltr'><em>presumeretnr,</em></span> <span class='ocrx_word' id='word_1_367' title='bbox 1272 3774 1367 3838; x_wconf 86' lang='lat' dir='ltr'><em>talem</em></span> <span class='ocrx_word' id='word_1_368' title='bbox 1388 3791 1456 3836; x_wconf 86' lang='lat' dir='ltr'><em>csse</em></span> 
     </span>
     <span class='ocr_line' id='line_1_42' title="bbox 174 3858 1457 3944; baseline 0.001 -21"><span class='ocrx_word' id='word_1_369' title='bbox 174 3858 318 3923; x_wconf 86' lang='lat' dir='ltr'><em>donantis</em></span> <span class='ocrx_word' id='word_1_370' title='bbox 336 3864 487 3934; x_wconf 87' lang='lat' dir='ltr'><em>mentem,</em></span> <span class='ocrx_word' id='word_1_371' title='bbox 506 3859 610 3940; x_wconf 89' lang='lat' dir='ltr'><em>prouti</em></span> <span class='ocrx_word' id='word_1_372' title='bbox 627 3859 756 3942; x_wconf 88' lang='lat' dir='ltr'><em>quidam</em></span> <span class='ocrx_word' id='word_1_373' title='bbox 776 3859 964 3938; x_wconf 86' lang='lat' dir='ltr'><em>admittunt,</em></span> <span class='ocrx_word' id='word_1_374' title='bbox 983 3859 1033 3922; x_wconf 90' lang='lat' dir='ltr'><em>sin</em></span> <span class='ocrx_word' id='word_1_375' title='bbox 1051 3859 1157 3923; x_wconf 89' lang='lat' dir='ltr'><em>minus</em></span> <span class='ocrx_word' id='word_1_376' title='bbox 1171 3861 1279 3924; x_wconf 89' lang='lat' dir='ltr'><em>stricto</em></span> <span class='ocrx_word' id='word_1_377' title='bbox 1289 3865 1375 3944; x_wconf 88' lang='lat' dir='ltr'><em>jure,</em></span> <span class='ocrx_word' id='word_1_378' title='bbox 1395 3863 1457 3924; x_wconf 85' lang='lat' dir='ltr'><em>sal-</em></span> 
     </span>
     <span class='ocr_line' id='line_1_43' title="bbox 173 3947 1458 4030; baseline 0.003 -20"><span class='ocrx_word' id='word_1_379' title='bbox 173 3954 239 4010; x_wconf 90' lang='lat' dir='ltr'><em>tem</em></span> <span class='ocrx_word' id='word_1_380' title='bbox 255 3967 293 4010; x_wconf 81' lang='lat' dir='ltr'><em>ex</em></span> <span class='ocrx_word' id='word_1_381' title='bbox 308 3947 443 4028; x_wconf 89' lang='lat' dir='ltr'><em>quadam</em></span> <span class='ocrx_word' id='word_1_382' title='bbox 459 3949 616 4030; x_wconf 79' lang='lat' dir='ltr'><em>equitate.</em></span> <span class='ocrx_word' id='word_1_383' title='bbox 630 3950 747 4014; x_wconf 87' lang='lat' dir='ltr'><em>Volunt</em></span> <span class='ocrx_word' id='word_1_384' title='bbox 761 3955 865 4012; x_wconf 85' lang='lat' dir='ltr'><em>tamen</em></span> <span class='ocrx_word' id='word_1_385' title='bbox 879 3947 991 4030; x_wconf 87' lang='lat' dir='ltr'><em>aliqui,</em></span> <span class='ocrx_word' id='word_1_386' title='bbox 1003 3955 1046 4012; x_wconf 92' lang='lat' dir='ltr'><em>ut</em></span> <span class='ocrx_word' id='word_1_387' title='bbox 1061 3949 1185 4012; x_wconf 91' lang='lat' dir='ltr'><em>donatio</em></span> <span class='ocrx_word' id='word_1_388' title='bbox 1199 3949 1295 4014; x_wconf 80' lang='lat' dir='ltr'><em>etiam</em></span> <span class='ocrx_word' id='word_1_389' title='bbox 1310 3950 1381 4014; x_wconf 81' lang='lat' dir='ltr'><em>aliis</em></span> <span class='ocrx_word' id='word_1_390' title='bbox 1393 3951 1458 4014; x_wconf 73' lang='lat' dir='ltr'><em>har-</em></span> 
     </span>
     <span class='ocr_line' id='line_1_44' title="bbox 173 4035 576 4118; baseline -0.002 -19"><span class='ocrx_word' id='word_1_391' title='bbox 173 4035 298 4100; x_wconf 84' lang='lat' dir='ltr'><em>redibus</em></span> <span class='ocrx_word' id='word_1_392' title='bbox 313 4039 452 4118; x_wconf 90' lang='lat' dir='ltr'><em>prodesse</em></span> <span class='ocrx_word' id='word_1_393' title='bbox 466 4037 576 4118; x_wconf 88' lang='lat' dir='ltr'><em>possit.</em></span> 
     </span>
    </p>

    <p class='ocr_par' dir='ltr' id='par_1_11' title="bbox 214 4124 1147 4210">
     <span class='ocr_line' id='line_1_45' title="bbox 214 4124 1147 4210; baseline 0 -22"><span class='ocrx_word' id='word_1_394' title='bbox 214 4127 315 4200; x_wconf 71' lang='lat' dir='ltr'><em>Quen.</em></span> <span class='ocrx_word' id='word_1_395' title='bbox 332 4131 364 4189; x_wconf 80' lang='lat'><em>5⁰</em></span> <span class='ocrx_word' id='word_1_396' title='bbox 373 4127 425 4188; x_wconf 91' lang='lat' dir='ltr'><em>An</em></span> <span class='ocrx_word' id='word_1_397' title='bbox 436 4126 548 4206; x_wconf 64' lang='lat' dir='ltr'><em>obticet</em></span> <span class='ocrx_word' id='word_1_398' title='bbox 559 4124 683 4186; x_wconf 87' lang='lat' dir='ltr'><em>donatio</em></span> <span class='ocrx_word' id='word_1_399' title='bbox 692 4125 818 4207; x_wconf 82' lang='lat' dir='ltr'><em>jorata,</em></span> <span class='ocrx_word' id='word_1_400' title='bbox 832 4126 885 4189; x_wconf 79' lang='lat' dir='ltr'><em>ced</em></span> <span class='ocrx_word' id='word_1_401' title='bbox 897 4147 956 4190; x_wconf 91' lang='lat' dir='ltr'><em>non</em></span> <span class='ocrx_word' id='word_1_402' title='bbox 969 4126 1147 4210; x_wconf 78' lang='lat' dir='ltr'><em>acceptato?</em></span> 
     </span>
    </p>

    <p class='ocr_par' dir='ltr' id='par_1_12' title="bbox 173 4212 1458 4390">
     <span class='ocr_line' id='line_1_46' title="bbox 212 4212 1457 4299; baseline 0.002 -23"><span class='ocrx_word' id='word_1_403' title='bbox 212 4215 305 4296; x_wconf 82' lang='lat' dir='ltr'><em>Resp.</em></span> <span class='ocrx_word' id='word_1_404' title='bbox 323 4212 412 4295; x_wconf 70' lang='lat' dir='ltr'><em>Nep„</em></span> <span class='ocrx_word' id='word_1_405' title='bbox 436 4213 509 4295; x_wconf 85' lang='lat' dir='ltr'><em>quia</em></span> <span class='ocrx_word' id='word_1_406' title='bbox 523 4217 739 4296; x_wconf 87' lang='lat' dir='ltr'><em>juramentum</em></span> <span class='ocrx_word' id='word_1_407' title='bbox 760 4215 901 4298; x_wconf 87' lang='lat' dir='ltr'><em>sequitur</em></span> <span class='ocrx_word' id='word_1_408' title='bbox 923 4223 1068 4280; x_wconf 87' lang='lat' dir='ltr'><em>naturam</em></span> <span class='ocrx_word' id='word_1_409' title='bbox 1088 4221 1193 4293; x_wconf 85' lang='lat' dir='ltr'><em>actus;</em></span> <span class='ocrx_word' id='word_1_410' title='bbox 1217 4217 1307 4299; x_wconf 87' lang='lat' dir='ltr'><em>atqui</em></span> <span class='ocrx_word' id='word_1_411' title='bbox 1329 4217 1457 4282; x_wconf 76' lang='lat' dir='ltr'><em>donato</em></span> 
     </span>
     <span class='ocr_line' id='line_1_47' title="bbox 173 4303 1458 4390; baseline 0.003 -27"><span class='ocrx_word' id='word_1_412' title='bbox 173 4308 245 4364; x_wconf 86' lang='lat' dir='ltr'><em>ante</em></span> <span class='ocrx_word' id='word_1_413' title='bbox 268 4303 504 4384; x_wconf 87' lang='lat' dir='ltr'><em>acceptationem</em></span> <span class='ocrx_word' id='word_1_414' title='bbox 525 4321 588 4366; x_wconf 92' lang='lat' dir='ltr'><em>non</em></span> <span class='ocrx_word' id='word_1_415' title='bbox 606 4309 653 4366; x_wconf 89' lang='lat' dir='ltr'><em>est</em></span> <span class='ocrx_word' id='word_1_416' title='bbox 669 4303 768 4370; x_wconf 79' lang='lat' dir='ltr'><em>firma.</em></span> <span class='ocrx_word' id='word_1_417' title='bbox 787 4307 904 4384; x_wconf 87' lang='lat' dir='ltr'><em>Ergo...</em></span> <span class='ocrx_word' id='word_1_418' title='bbox 917 4339 958 4350; x_wconf 85' lang='lat'><em>—-</em></span> <span class='ocrx_word' id='word_1_419' title='bbox 975 4303 1010 4367; x_wconf 89' lang='lat' dir='ltr'><em>S.</em></span> <span class='ocrx_word' id='word_1_420' title='bbox 1027 4307 1099 4390; x_wconf 76' lang='lat' dir='ltr'><em>Lip.</em></span> <span class='ocrx_word' id='word_1_421' title='bbox 1119 4327 1150 4368; x_wconf 89' lang='lat' dir='ltr'><em>n.</em></span> <span class='ocrx_word' id='word_1_422' title='bbox 1165 4309 1235 4369; x_wconf 74' lang='lat'><strong>727.</strong></span> <span class='ocrx_word' id='word_1_423' title='bbox 1250 4341 1291 4350; x_wconf 92' lang='lat'><em>-</em></span> <span class='ocrx_word' id='word_1_424' title='bbox 1309 4305 1458 4370; x_wconf 74' lang='lat' dir='ltr'><em>Affirmn</em></span> 
     </span>
    </p>
   </div>
   <div class='ocr_carea' id='block_1_3' title="bbox 176 4390 1458 4552">
    <p class='ocr_par' dir='ltr' id='par_1_13' title="bbox 176 4390 1458 4552">
     <span class='ocr_line' id='line_1_48' title="bbox 177 4390 1458 4540; baseline 0.014 -92"><span class='ocrx_word' id='word_1_425' title='bbox 177 4396 288 4534; x_wconf 57' lang='lat' dir='ltr'><em>cappae</em></span> <span class='ocrx_word' id='word_1_426' title='bbox 294 4390 480 4540; x_wconf 64' lang='lat' dir='ltr'><em>Lapersarpv,t</em></span> <span class='ocrx_word' id='word_1_427' title='bbox 490 4390 593 4470; x_wconf 65' lang='lat' dir='ltr'><em>diens</em></span> <span class='ocrx_word' id='word_1_428' title='bbox 607 4393 793 4458; x_wconf 87' lang='lat' dir='ltr'><em>servandum</em></span> <span class='ocrx_word' id='word_1_429' title='bbox 806 4410 871 4458; x_wconf 89' lang='lat' dir='ltr'><em>esse</em></span> <span class='ocrx_word' id='word_1_430' title='bbox 880 4395 1114 4474; x_wconf 89' lang='lat' dir='ltr'><em>juramentum,</em></span> <span class='ocrx_word' id='word_1_431' title='bbox 1133 4393 1284 4478; x_wconf 78' lang='lat' dir='ltr'><em>quamdm</em></span> <span class='ocrx_word' id='word_1_432' title='bbox 1304 4395 1375 4464; x_wconf 81' lang='lat' dir='ltr'><em>sine</em></span> <span class='ocrx_word' id='word_1_433' title='bbox 1389 4412 1458 4479; x_wconf 75' lang='lat' dir='ltr'><em>petr</em></span> 
     </span>
     <span class='ocr_line' id='line_1_49' title="bbox 176 4490 492 4552; baseline 0.013 -18"><span class='ocrx_word' id='word_1_434' title='bbox 176 4491 210 4534; x_wconf 85' lang='lat' dir='ltr'><em>aa</em></span> <span class='ocrx_word' id='word_1_435' title='bbox 256 4490 419 4552; x_wconf 85' lang='lat' dir='ltr'><em>srvcnpo</em></span> <span class='ocrx_word' id='word_1_436' title='bbox 434 4495 492 4540; x_wconf 88' lang='lat' dir='ltr'><em>es.</em></span> 
     </span>
    </p>
   </div>
   <div class='ocr_carea' id='block_1_4' title="bbox 0 0 1572 5034">
    <p class='ocr_par' dir='ltr' id='par_1_14' title="bbox 0 0 1572 5034">
     <span class='ocr_line' id='line_1_50' title="bbox 0 0 1572 5034; baseline 0 0"><span class='ocrx_word' id='word_1_437' title='bbox 0 0 1572 5034; x_wconf 95' lang='lat' dir='ltr'><em> </em></span> 
     </span>
    </p>
   </div>
  </div>
 </body>
</html>
