3202 5020
639 227 683 272 BE
708 227 860 273 LEGIBUS

613 445 790 522 CAPUT
821 446 886 520 111

394 630 445 681 DE
471 630 575 681 LEGE
600 632 768 682 POENALI
794 631 843 682 ΕΤ
870 633 1097 684 IRRITANTE

624 820 838 884 ARTIGULUS
857 822 871 881 l

584 965 627 1010 os
656 965 744 1010 anan
775 964 916 1010 emnam

147 1103 218 1164 133.
236 1101 353 1161 -Lex
368 1098 497 1178 poenalis
511 1117 547 1161 ea
560 1105 622 1173 est,
638 1118 707 1181 qua
721 1118 784 1161 non
800 1099 915 1180 obligat
930 1101 968 1162 ad
989 1107 1108 1176 actum,
1126 1102 1174 1165 vel
1192 1104 1230 1166 ad
1249 1103 1386 1167 omissio

109 1207 195 1264 nem,
211 1187 276 1251 nisi
291 1187 348 1250 sub
361 1205 451 1268 poena
465 1187 641 1269 tenrporali,
657 1187 746 1251 idest
763 1207 832 1270 qrrae
851 1189 964 1269 obligat
978 1195 1104 1252 tantum
1118 1192 1157 1254 ad
1173 1193 1385 1272 acceptandam

108 1295 231 1359 poenam
245 1283 283 1340 ut
290 1279 421 1358 justam.

228 1427 460 1506 Principia.
765 1507 769 1518 Ι

147 1559 170 1618 l.
188 1555 301 1636 Nequit
314 1555 380 1618 dari
395 1556 442 1618 lex
450 1575 527 1637 pare
538 1556 682 1638 penalis,
701 1556 746 1618 ita
761 1562 796 1619 ut
810 1555 895 1618 nullo
909 1557 999 1619 modo
1012 1556 1046 1619 in
1060 1558 1245 1623 conscientia
1256 1562 1383 1642 obliget,

108 1645 181 1726 quia
199 1663 292 1709 omne
310 1652 497 1726 pracceptum
519 1645 688 1726 Superioris
711 1645 903 1725 aliquatenus
927 1645 1058 1725 obligare
1077 1647 1180 1723 debet;
1197 1667 1282 1712 secus
1301 1651 1385 1714 enim

108 1755 168 1798 non
183 1739 264 1797 esset
278 1751 387 1796 verum
398 1738 595 1815 preceptum.
611 1770 652 1779 -
666 1733 718 1796 Ita
732 1754 841 1796 omnes.

146 1827 183 1886 Il.
203 1829 307 1887 Potest
321 1827 425 1885 autem
439 1823 507 1885 dari
518 1823 568 1886 lex
581 1841 661 1884 mere
670 1823 818 1905 poenalis,
833 1825 871 1886 ad
883 1825 1065 1887 alterutrum
1074 1825 1300 1890 in'oonscientia
1310 1829 1385 1890 obli-

107 1932 197 1994 gans,
210 1930 322 1992 nempe
336 1911 384 1974 vel
398 1911 436 1973 ad
448 1912 546 1992 legem
556 1911 760 1992 implendam,
773 1913 821 1974 vel
833 1913 871 1974 ad
880 1931 1003 1994 poenam
1018 1913 1224 1989 subeundam,
1237 1915 1264 1977 si
1273 1916 1385 1980 violata

106 2003 152 2064 lex
168 2000 272 2064 luerit.
289 2000 378 2064 llatio
393 2003 451 2074 est,
469 2006 500 2062 l⁰
514 1999 588 2080 qnia
602 2000 641 2062 ad
654 1999 729 2080 legis
742 2001 910 2063 essentiam
924 1999 1035 2064 suffieit
1050 2009 1086 2063 ut
1097 2003 1235 2083 imponat
1247 2003 1384 2085 aliquam

106 2090 323 2170 obligationem
338 2087 373 2150 in
386 2087 584 2162 conscicntia,
601 2107 657 2150 nec
671 2107 790 2151 necesse
804 2095 898 2153 estut
912 2089 1053 2170 obligatio
1069 2098 1173 2154 actum
1183 2092 1231 2154 vel
1245 2092 1384 2156 omissio-

106 2197 179 2240 nem
199 2177 401 2240 determinate
420 2176 577 2258 respiciat;
599 2181 632 2239 2⁰
651 2177 725 2258 quia
747 2177 795 2240 lex
816 2179 882 2240 vim
902 2178 1073 2241 nonhabet
1093 2179 1155 2242 nisi
1173 2199 1211 2242 cx
1229 2181 1385 2244 voluntate

104 2266 290 2347 legislatoris
305 2284 312 2327 :
328 2265 479 2346 legislator
490 2272 596 2334 autem
611 2267 650 2328 ad
664 2266 759 2328 solam
772 2283 895 2347 poenam
911 2267 1041 2346 obligare
1055 2273 1169 2348 potest,
1187 2268 1214 2331 si
1228 2270 1385 2333 communi

102 2356 189 2418 bono
203 2355 388 2436 procurando
402 2353 648 2418 sufficiat—Ita
658 2359 893 2418 communissima
904 2355 1036 2436 theologi
1048 2377 1113 2418 cum
1127 2357 1162 2418 S.
1183 2359 1253 2441 Lip.
1266 2379 1297 2420 n.
1311 2363 1382 2424 143.

104 2480 145 2491 —
159 2442 290 2505 Suorez.
309 2479 349 2489 -
363 2442 530 2523 Selmena,
547 2449 604 2506 etc.
625 2461 631 2473 ·

144 2530 279 2609 Quaestio
293 2551 362 2595 vero
381 2551 421 2594 an
442 2533 554 2594 dentur
576 2532 685 2613 aliquae
704 2533 782 2614 leges
801 2551 883 2597 mere
897 2534 1046 2615 poenaleS,
1064 2535 1194 2600 minime
1207 2544 1306 2618 potest
1320 2557 1385 2618 spe-

106 2621 238 2684 culative
252 2620 378 2697 resolvi,
401 2639 473 2684 cum
497 2621 563 2683 dari
584 2622 702 2702 possint
724 2622 852 2698 alicubi,
874 2629 904 2685 et
918 2641 980 2685 non
995 2623 1078 2686 alibi.
1097 2625 1157 2687 Soli
1172 2626 1268 2705 igitur
1280 2627 1315 2688 in
1329 2645 1385 2689 sua

105 2711 227 2791 regione
237 2715 292 2772 aut
307 2709 431 2772 natione
446 2709 527 2771 docti
541 2715 571 2770 et
582 2709 673 2791 periti
688 2711 725 2772 de
734 2711 791 2773 hoc
802 2711 940 2793 judicare
953 2711 1064 2775 valent.
1079 2714 1254 2777 Generatim
1267 2734 1381 2796 paucae,

106 2805 133 2862 et
154 2799 190 2861 in
212 2799 305 2861 rebus
330 2797 460 2860 minoris
481 2798 645 2873 momenti,
670 2799 794 2860 admitti
818 2803 956 2880 possunt.
982 2801 1176 2864 contendunt
1196 2807 1300 2866 autem
1321 2822 1385 2867 non

105 2887 193 2968 pauci
209 2886 357 2967 theologi,
382 2905 445 2948 esse
466 2903 547 2948 mere
567 2886 701 2966 penales
717 2887 811 2967 leges,
828 2906 897 2968 quae
919 2887 1086 2969 respiciunt
1105 2891 1246 2970 quadam
1264 2893 1384 2955 tributa

104 2976 251 3056 imposita
264 2974 417 3038 mercibus
433 2993 501 3056 quae
514 2974 767 3050 transvehuntur,
784 2981 813 3037 et
828 2994 896 3056 qum
915 2976 1083 3059 Vectigalia
1095 2985 1323 3061 nuncupantur.
1338 2981 1383 3044 De

105 3064 151 3126 liis
164 3065 295 3127 dicemus
309 3067 342 3124 ic
358 3063 458 3126 Tract.
475 3063 511 3126 de
524 3062 740 3140 Restitutiome,
754 3083 854 3126 versus
867 3064 972 3146 finem.

226 3219 422 3297 Quaesita.

144 3353 213 3414 tat.
229 3384 271 3394 —
285 3350 385 3422 Quas.
403 3351 435 3410 l⁰
449 3345 597 3423 Quomodo
615 3347 751 3428 dignosci
763 3347 878 3429 possint
890 3347 966 3428 lepos
979 3367 1060 3410 orere
1071 3349 1223 3431 poenales?

142 3437 238 3520 Resp.
255 3457 268 3499 .·
281 3437 434 3517 Praecipue
448 3454 485 3498 ex
498 3435 657 3498 communi
671 3453 763 3497 sensu
777 3438 956 3512 Doctorum,
976 3442 1005 3498 et
1023 3438 1219 3517 persuasione
1233 3439 1382 3520 praxique

104 3525 300 3588 subditorum
313 3523 482 3605 prasertim
495 3523 725 3586 timoratorum.

142 3617 244 3690 Qum.
260 3617 293 3676 2⁰
304 3614 355 3674 Aa
372 3612 546 3694 ignorantia
559 3622 677 3674 accuret
690 3630 810 3694 cpoeno
821 3631 879 3694 per
895 3611 988 3692 legem
1004 3611 1087 3676 loto?

143 3703 232 3786 Resp.
251 3708 282 3765 l⁰
293 3701 435 3782 Aspim,
454 3720 508 3783 pro
523 3701 586 3764 foro
601 3701 737 3775 interno,
755 3699 782 3762 si
793 3699 967 3780 ignorantia
980 3708 1103 3765 excrrset
1117 3723 1135 3766 a
1147 3703 1235 3784 culpa
1247 3722 1254 3765 :
1268 3704 1303 3766 in
1316 3704 1380 3768 foro

103 3796 205 3854 autem
226 3797 354 3854 externo
377 3808 440 3853 non
463 3794 602 3866 excusat,
619 3795 770 3869 quatenus
791 3807 953 3869 nunquam
971 3789 1040 3854 licet
1059 3791 1190 3872 publica
1207 3791 1379 3856 auctoritati

104 3879 254 3942 resistere.

97 3989 102 4002 ·
142 3969 234 4050 cosp.
246 3973 279 4030 2⁰
293 3967 369 4049 Nep.
374 4015 383 4047 ,
402 3967 429 4031 si
443 3967 615 4049 ignorantia
629 3986 692 4031 non
706 3970 860 4030 excusata
874 3967 976 4048 culpa,
988 3975 1043 4032 aut
1057 3968 1136 4031 circa
1149 3967 1244 4030 solam
1255 3985 1379 4049 poenam

104 4063 250 4120 versetur.
265 4056 378 4138 Excipe
388 4056 413 4118 si
427 4074 519 4137 poena
529 4056 570 4117 sit
584 4055 766 4135 gravissima
781 4075 834 4118 seu
848 4056 1038 4132 exorbitans,
1051 4057 1099 4120 vel
1109 4057 1379 4119 censuraeeolesia·

105 4143 191 4221 stica,
207 4164 277 4226 quae
291 4144 421 4226 requirit
434 4144 673 4208 contumaciam.
690 4179 729 4189 -
746 4145 782 4206 S.
799 4145 870 4226 Lip.
887 4165 919 4206 a.
934 4149 1004 4208 l69.

142 4235 242 4307 Quies.
260 4239 291 4299 3⁰
305 4235 357 4296 Aa
369 4237 435 4296 rint
447 4232 524 4312 lepre
535 4231 648 4314 aliquo
658 4232 807 4296 Ecclesia
818 4253 899 4294 mere
910 4231 1062 4315 penales?

142 4321 231 4404 Hesp.
247 4340 261 4384 .·
275 4327 354 4388 Mare
368 4320 502 4404 poenales
516 4326 591 4383 sunt
600 4321 711 4400 regula
726 4322 897 4384 multorum
912 4321 1065 4384 Ordinem
1077 4319 1302 4402 religiosorum,
1312 4343 1380 4405 quae

107 4424 165 4471 non
185 4412 223 4473 ad
242 4411 364 4492 culpam
386 4409 531 4490 obligant.
548 4412 622 4471 Esse
643 4415 748 4470 autom
766 4408 801 4472 in
820 4414 968 4490 potestate
982 4409 1121 4474 Ecclesia
1135 4412 1284 4493 ejusmodi
1302 4413 1381 4492 leges

105 4498 243 4577 condere,
256 4499 284 4563 si
298 4500 387 4576 velit,
404 4497 499 4562 etiarn
514 4499 613 4580 quoad
628 4495 863 4561 universitatem
878 4495 1031 4575 fidelium,
1044 4497 1257 4564 dubitari‘non
1267 4507 1378 4583 potest.
