3156 5026
526 239 570 284 na
589 237 757 284 susurra
776 239 819 284 nr
839 240 926 286 suar
1299 231 1367 290 lta

95 349 308 432 manifestans.
321 353 353 413 ιο
365 349 470 412 Motus
484 347 535 411 ille
551 355 611 423 est,
627 348 681 430 qui
695 365 758 412 non
772 349 920 430 loquitur,
936 368 999 413 non
1019 351 1147 426 clamat,
1164 370 1225 415 non
1239 371 1366 435 pramo-

95 445 148 504 net
172 438 449 512 damnificandum,
469 436 545 500 dum
566 437 656 500 adid
680 455 718 500 ex
738 435 833 500 officio
854 438 901 500 vel
925 443 1082 502 contractu
1100 445 1229 503 tenetur.
1246 445 1280 504 ιο
1297 443 1367 505 Non

97 530 218 591 obstans
233 526 358 597 dicitur,
371 524 436 606 qui,
450 526 527 588 dum
542 525 672 588 infertur
685 525 846 599 damnum,
863 543 926 589 non
940 526 1050 602 obstat,
1064 545 1130 590 rem
1145 547 1206 591 non
1220 532 1365 604 custodit.

96 617 166 680 licet
181 616 212 678 id
226 634 264 679 ex
278 613 403 696 justitia
420 617 563 694 praestare
583 614 701 677 debeat.
717 618 750 678 3ο
769 613 840 676 Non
855 615 1055 697 manifestans
1066 620 1200 692 vocatur,
1214 619 1283 699 qui,
1299 624 1368 700 post

96 707 247 769 damnum
260 703 395 776 illatum,
412 700 674 765 damnificatorem
687 701 813 764 domino
830 702 917 778 Iaso,
930 703 978 766 vel
992 705 1144 786 Superiori
1163 724 1226 769 non
1248 707 1365 772 denun-

94 793 168 870 tiat,
191 793 260 856 licet
283 811 319 854 ex
346 789 441 854 officio
464 795 554 871 atque
577 791 651 854 adeo
669 791 849 872 exjustitia
872 791 1054 856 denuntiare
1072 794 1189 858 debeat.
1213 798 1365 860 catarum

94 883 201 945 eadem
223 879 392 962 principia,
412 879 586 961 eademque
606 876 821 959 applicationes
840 881 969 943 morales
991 881 1134 946 omnibus
1155 882 1238 947 hisco
1258 902 1365 948 conse-

95 971 199 1033 niunt.

217 1119 442 1202 Prlnclpla.

130 1271 203 1332 690.
222 1303 261 1314 -
275 1268 298 1329 1.
315 1269 409 1330 Nemo
421 1263 540 1328 rationo
554 1263 659 1327 damni
679 1282 742 1327 non
762 1264 902 1346 impediti
919 1273 1042 1331 tenetur
1060 1270 1099 1333 ad
1117 1271 1362 1349 restitutionem,

91 1355 152 1420 nisi
169 1375 209 1420 ex
221 1353 317 1418 officio
331 1353 408 1417 illud
422 1353 570 1434 impedire
586 1359 739 1428 tencatur;
756 1354 810 1434 qui
825 1354 909 1418 enim
927 1374 990 1418 non
1013 1357 1148 1438 adigitur
1162 1360 1201 1421 ad
1214 1361 1365 1424 damnum

91 1463 128 1508 er
143 1443 242 1508 officio
255 1441 502 1525 impediendum,
519 1460 556 1506 ax
571 1442 633 1504 sola
646 1439 778 1504 Caritate
796 1442 959 1524 obligatur,
973 1448 1060 1527 cujus
1075 1447 1199 1510 violatio
1217 1448 1256 1510 ad
1276 1451 1365 1512 resti-

90 1533 246 1598 tutionem
260 1550 322 1595 non
334 1529 457 1611 obligat.

130 1625 168 1684 ll.
185 1625 315 1693 Omnes,
330 1618 385 1699 qui
402 1619 578 1700 obligantur
591 1637 628 1680 ex
642 1617 737 1682 officio
750 1620 898 1700 impedire
910 1621 1060 1684 damnum
1075 1623 1212 1696 alterius
1224 1623 1251 1687 si
1259 1625 1292 1687 id
1302 1627 1363 1689 cul-

91 1710 235 1792 pabiliter
257 1707 428 1789 negligant,
449 1708 488 1771 ad
507 1707 734 1770 restituendum
751 1714 911 1782 tenentum
928 1711 1100 1791 exjustitia
1113 1711 1197 1775 enim
1213 1713 1364 1777 damnum

92 1799 245 1880 impedire
259 1797 381 1860 debent.
397 1799 477 1877 Ergo
491 1797 518 1858 si
530 1796 691 1871 omittant,
708 1803 810 1860 contra
822 1797 980 1880 justitiam
993 1804 1130 1879 peccant,
1143 1804 1174 1862 et
1185 1799 1312 1882 proinde
1327 1805 1365 1866 ad

92 1889 207 1950 damna
221 1883 411 1948 resarcienda
425 1884 610 1964 obligantur.

132 1978 183 2038 llI.
208 1976 249 2037 Ut
270 1972 407 2052 negabo
435 1989 595 2052 cooperans
622 1973 660 2035 ad
683 1973 908 2038 restitutionem
933 1982 1088 2051 teneatur,
1113 1996 1233 2042 necesso
1257 1985 1303 2041 est
1328 1987 1365 2042 ut

91 2064 245 2126 damnum
264 2061 330 2124 sine
349 2060 434 2140 grau
459 2060 650 2124 incommodo
670 2060 819 2143 impedire
836 2063 986 2144 potuerit;
1003 2063 1077 2146 quia
1097 2085 1152 2129 nec
1174 2073 1362 2144 contractus,

91 2171 148 2215 nec
164 2153 214 2215 lex
228 2149 446 2231 positivorum
459 2148 665 2228 gravionem,
682 2150 790 2213 saltem
805 2153 1042 2232 utplurimum,
1057 2154 1189 2234 obligare
1203 2156 1310 2218 solent.
1325 2192 1364 2202 —

91 2241 129 2303 S.
145 2241 219 2321 Liq.
235 2259 267 2299 n.
284 2241 354 2302 5¹13.

214 2400 408 2479 Quaeslta.

130 2549 202 2609 691.
220 2581 259 2591 -
273 2548 376 2621 Quian.
394 2550 425 2607 l⁰
438 2545 490 2607 An
510 2546 713 2626 confessarius
735 2556 875 2609 teneatur
894 2547 937 2610 ad
956 2551 1193 2631 resulutionem,
1211 2555 1239 2613 si
1262 2555 1363 2632 pani-

90 2645 200 2698 tentem
215 2633 251 2696 de
264 2635 454 2696 restitutione
467 2635 610 2716 facienda
625 2655 664 2697 ea
676 2637 769 2718 proci
785 2637 971 2720 negligentia
985 2640 1033 2702 vel
1048 2640 1224 2723 ignorantia
1244 2662 1364 2704 monere

89 2722 247 2786 omiserit?

129 2813 225 2895 Resp.
236 2810 314 2894 Nep.
325 2812 524 2894 probabilius.
538 2811 662 2875 Etenim
675 2812 745 2875 licet
759 2831 795 2875 ex
806 2813 901 2877 officio
912 2815 1119 2880 confessarius
1133 2825 1273 2882 tenemur
1287 2818 1364 2882 beno

87 2901 245 2964 instruere
258 2900 470 2981 poenitentem,
482 2900 608 2980 ideoque
621 2907 722 2981 peccet
735 2901 877 2980 graviter,
890 2903 917 2964 si
932 2903 964 2964 id
976 2903 1111 2980 omittat,
1124 2909 1246 2987 quando
1260 2927 1362 2972 neces-

88 2991 208 3053 sariam
224 2995 285 3065 est3
302 3007 365 3051 non
378 2994 484 3052 tamen
498 2989 536 3051 ad
549 2988 605 3051 boc
618 2993 740 3050 tenetur
753 3006 790 3050 ex
801 2988 982 3070 obligatione
999 3010 1070 3072 erga
1086 2995 1222 3058 tertium.
1238 2997 1360 3079 Excipe,

89 3079 114 3140 si
129 3075 316 3142 confessarii
330 3075 489 3140 silentium
507 3075 646 3159 positiva
665 3076 874 3157 approbationi
893 3077 1087 3159 aeqrriraleat,
1103 3101 1133 3144 v.
1150 3101 1210 3162 gr,
1227 3083 1252 3146 si
1267 3083 1362 3148 intor-

87 3170 215 3248 rogatus
230 3182 410 3246 responsum
424 3165 469 3229 ita
483 3164 626 3240 declinet,
641 3167 678 3227 ut
691 3163 829 3227 absentia
848 3165 1041 3247 obligationis
1059 3168 1222 3250 poenitenti
1237 3175 1361 3236 suadea-

86 3259 146 3318 tur.
161 3291 204 3302 --
218 3253 253 3315 S.
267 3253 334 3334 Lig.
350 3274 382 3316 n.
398 3257 468 3318 578.
482 3289 522 3300 -
534 3254 630 3334 Lupo.
646 3288 687 3300 -
697 3250 828 3332 Suarez,
845 3255 946 3316 etalii
962 3260 1170 3321 communiter.

126 3348 232 3422 Quian.
250 3346 283 3405 2⁰
297 3342 346 3402 An
362 3343 476 3425 (amali
486 3351 644 3404 teneantur
657 3341 699 3404 ad
710 3342 946 3424 restitutionem,
958 3345 1078 3428 quando
1094 3347 1288 3430 culpabiliter
1301 3369 1362 3410 non

86 3433 261 3516 impediunt
275 3430 385 3493 damna
399 3451 464 3514 qua
481 3430 597 3493 domino
610 3431 807 3512 inseruntur?

126 3524 220 3604 Resp.
238 3525 270 3584 ιὓ
286 3519 428 3600 Αήιιιιι,
448 3527 485 3584 ut
505 3520 636 3593 videtur,
659 3520 685 3582 si
706 3526 815 3600 agatur
837 3520 873 3584 de
897 3523 1009 3585 damno
1032 3523 1115 3586 illato
1137 3523 1175 3587 ab
1198 3526 1359 3589 extraneis.

86 3611 176 3676 Ratio
195 3616 260 3686 est,
277 3608 351 3690 quia
369 3628 403 3673 co
422 3609 487 3690 ipso
509 3609 590 3690 quod
611 3607 720 3672 famuli
743 3608 777 3671 in
797 3609 947 3673 familiam
969 3611 1184 3688 admittantur,
1201 3619 1362 3678 censentur

87 3697 308 3780 obligationem
320 3698 470 3778 suscipere
485 3716 553 3760 earn
568 3698 713 3760 adversus
727 3701 886 3760 extraneos
896 3698 1086 3763 defendendi.
1096 3737 1136 3747 -
1146 3702 1182 3765 S.
1194 3703 1265 3785 big.
1277 3703 1296 3764 l.
1309 3705 1359 3776 Ill,

88 3808 118 3848 n.
134 3793 206 3852 3bl.
224 3821 266 3833 -
279 3785 379 3869 Lago,
401 3785 517 3868 Vogler,
532 3792 589 3849 eto.

130 3877 223 3959 Resp.
235 3878 271 3937 2⁰
285 3874 364 3957 Nep.
374 3875 574 3958 probabilius,
588 3874 614 3936 si
627 3880 735 3954 agatur
746 3874 783 3937 do
797 3875 910 3937 damno
921 3875 1005 3940 illato
1019 3877 1057 3940 ab
1069 3869 1137 3941 aliis
1152 3879 1285 3954 famulis,
1300 3880 1362 3943 uisi

88 3982 137 4026 res
149 3965 227 4046 ipsis
242 3963 409 4044 specialiter
422 3962 585 4026 commissa
596 3961 702 4038 iuomt3
717 3961 791 4042 quia
801 3981 862 4025 non
872 3963 1017 4028 videntur
1026 3967 1166 4029 conducti
1177 3967 1285 4030 famuli
1300 3968 1361 4031 nisi

88 4053 126 4114 ad
140 4053 276 4116 laborem
291 4057 322 4116 et
335 4051 486 4116 familiam
501 4051 538 4114 ab
553 4049 703 4114 extraneis
720 4049 949 4115 defendendam.
965 4087 1006 4100 -
1019 4053 1053 4116 S.
1068 4055 1137 4136 Lig.
1152 4055 1226 4118 ibid.

127 4141 260 4216 Quidam
279 4146 399 4216 tamen,
417 4141 500 4204 nudo
524 4140 601 4204 facto
625 4137 801 4202 discrimine
820 4139 900 4202 inter
914 4142 1144 4206 damnificantes
1158 4153 1317 4208 extraneos
1331 4152 1362 4208 at

87 4229 285 4302 domesticos
302 4229 390 4292 aiunt
410 4227 539 4292 famulos
561 4227 658 4291 teneri
682 4227 721 4289 ad
743 4226 971 4292 restitutionem
990 4230 1133 4294 derebus
1152 4239 1277 4296 tanturn
1298 4253 1361 4296 suae

86 4335 168 4380 curra
180 4317 349 4398 specialiter
363 4318 551 4394 commissis,
565 4316 628 4379 sive
643 4317 794 4378 damnum
807 4334 825 4377 a
840 4317 1004 4380 domestico
1021 4319 1085 4382 sire
1099 4321 1136 4382 ab
1155 4329 1298 4386 extraneo
1313 4323 1359 4385 in-

84 4405 215 4468 feratur.
233 4442 272 4452 -
288 4407 333 4468 lta
346 4405 521 4483 Bonarr‘na,
542 4405 577 4468 de
600 4405 708 4470 desiit.
725 4405 757 4467 d.
774 4423 801 4480 1,
818 4424 847 4486 q.
864 4409 899 4478 l,
911 4426 948 4488 p.
966 4412 1000 4470 ll
1013 4455 1020 4482 ,
1035 4429 1066 4470 n.
1080 4413 1111 4484 ¹1,
1126 4410 1223 4475 citans
1237 4412 1319 4474 Azor
1331 4418 1361 4474 et

84 4493 191 4556 Malaia.
