3216 5020
219 229 288 288 888
753 239 965 284 reserares

218 355 297 416 duat
310 358 345 414 ut
358 349 590 413 damnificantes
604 350 742 432 capiant,
757 357 788 412 et
800 351 838 412 ab
855 350 898 412 eis
917 367 1042 430 poenam
1060 350 1195 430 exigant.
1213 351 1313 412 -lto
1330 351 1502 410 conmuni·

220 453 276 503 ter.
291 475 332 486 -
347 439 383 502 S.
399 440 467 514 Lip.
483 460 515 499 n.
530 441 579 502 58.
594 473 633 484 -
647 439 807 520 Lcymonn
816 486 825 517 ,
843 446 899 501 etc.
1226 436 1231 446 ’

260 535 330 594 838.
343 563 384 573 -
395 530 496 602 Quae.
511 532 544 590 ’1ο
559 528 610 589 An
626 527 806 609 ticeotjueto
820 548 857 588 en
871 529 1065 590 censualium
1079 530 1259 590 occasionem
1274 527 1391 608 peccati
1400 546 1503 608 appo·

220 618 307 681 nere?

262 709 372 789 Hesp:
385 705 640 769 Controvertitnr.
658 739 693 748 -
710 707 736 767 A
741 705 839 784 ffirm.
849 705 1053 784 probabilius,
1070 706 1143 785 quia
1162 723 1286 785 peccans
1300 723 1363 768 non
1376 703 1502 768 induci-

227 805 279 859 tur
297 796 331 857 in
347 800 521 875 peccatum,
541 795 621 856 siout
638 813 700 856 non
718 792 878 856 inducitur
899 793 1074 864 usurarius,
1089 811 1107 856 a
1121 811 1182 874 quo
1194 799 1342 856 mutuum
1359 792 1500 877 petitur:

224 885 350 967 ponitur
368 883 452 946 enim
477 889 564 945 actus
583 882 761 945 indifferens
780 900 851 944 cum
870 881 987 944 ratione
1010 881 1183 944 sufficienti.
1204 882 1282 943 Hinc
1295 881 1504 964 probabiliter

226 993 288 1036 non
308 978 408 1052 peccat
427 971 572 1034 dominus
591 970 660 1053 qui,
676 971 713 1033 de
735 970 904 1044 industria,
925 989 1015 1042 arca,
1034 970 1069 1032 in
1087 989 1148 1051 qua
1166 969 1294 1051 pecunia
1310 969 1501 1044 reconditur,

224 1062 340 1124 clarem
360 1059 509 1140 relinquit
527 1058 714 1140 appositam,
729 1064 765 1121 ut
781 1059 910 1121 dubiam
929 1057 1039 1122 iamtrli
1059 1057 1236 1122 fidelitatem
1260 1058 1445 1138 experiatur.
1457 1093 1504 1104 —

223 1149 259 1212 S.
276 1149 343 1230 Lip.
361 1169 391 1210 n.
404 1152 453 1212 58.
469 1148 686 1229 -Lcymonn,
705 1145 815 1224 Callet,
832 1152 937 1208 contra
951 1147 1097 1227 quosdam
1113 1146 1224 1210 idcirco
1236 1153 1392 1225 negantes,
1409 1146 1504 1226 quasi

223 1239 280 1300 hoc
294 1237 419 1318 perinde
432 1237 474 1299 sit
484 1255 521 1299 ao
534 1236 664 1316 positive
679 1253 855 1298 concurrere
866 1236 905 1297 ad
917 1244 1085 1316 peccatum,
1097 1237 1164 1316 ejus
1178 1235 1348 1315 periculum
1361 1251 1504 1315 expresse

224 1327 352 1390 creando
366 1332 397 1388 et
411 1326 449 1387 ad
462 1324 539 1387 illud
552 1325 734 1387 inducendo.

264 1417 365 1490 Qum.
381 1418 414 1477 8⁰
431 1413 509 1489 Ouid
521 1413 557 1475 cle
573 1413 708 1494 firtelr'nm
725 1413 988 1474 communicatione
1004 1433 1070 1476 cnm
1084 1412 1218 1476 lodan?

264 1505 368 1585 Rosa:
378 1506 459 1565 Tum
473 1503 672 1564 adtuendam
685 1501 860 1564 christianae
874 1499 1040 1582 Religionis
1052 1502 1250 1582 dignitatem,
1266 1509 1335 1564 tum
1349 1501 1387 1562 ad
1397 1500 1503 1562 ritan-

224 1595 300 1656 dum
316 1593 530 1672 quodcumque
545 1590 748 1672 perversioais
768 1589 953 1670 periculum,
971 1597 1124 1653 statutum
1139 1597 1185 1653 est
1198 1591 1237 1652 ab
1252 1587 1400 1656 Ecclesia.
1417 1594 1448 1651 l⁰
1461 1608 1505 1652 ne

225 1680 394 1744 Christiani
417 1698 489 1742 cum
509 1679 623 1744 Judaeis
643 1679 800 1753 habitent;
818 1683 852 1740 8ο
870 1698 908 1741 ne
929 1697 1035 1742 eorum
1057 1679 1205 1741 conviviis
1227 1677 1388 1752 intersim
1409 1682 1443 1741 3ο
1461 1697 1506 1740 ne

224 1770 334 1832 iisdem
346 1768 549 1844 famulantum
563 1773 596 1832 l⁰
609 1787 647 1830 ne
661 1785 768 1830 eorum
785 1767 900 1848 azymis
915 1775 1092 1844 vescentum
1110 1771 1142 1830 5ῠ
1155 1787 1193 1830 ne
1204 1767 1348 1830 mulieres
1360 1765 1506 1828 christia-

225 1875 272 1920 nae
288 1858 401 1920 lactent
412 1858 588 1920 ludaeorum
603 1855 738 1918 inientes·
753 1856 865 1917 tamin
884 1856 1005 1918 illorum
1021 1873 1116 1936 quam
1129 1855 1164 1917 in
1177 1873 1233 1917 sua
1247 1855 1385 1934 ipsarum
1397 1855 1503 1916 doma.

225 1945 278 2025 (C.
300 1945 425 2018 Nullus,
450 1943 486 2007 C.
508 1945 628 2021 Omnes,
649 1942 684 2007 C.
709 1943 826 2020 ludat,
852 1964 916 2005 can.
938 1963 1102 2024 xxv111‚q.
1125 1950 1167 2016 1.,
1190 1943 1226 2005 S.
1249 1943 1319 2023 Lip.
1339 1963 1371 2004 n.
1389 1947 1438 2006 18.
1461 1977 1507 1988 -—

224 2036 300 2096 Pius
318 2034 336 2096 I
344 2033 368 2095 V
382 2033 510 2096 Constit.
533 2037 612 2096 Cum
630 2032 725 2107 enim,
740 2043 769 2094 et
784 2032 820 2094 S.
839 2032 934 2114 Conp.
951 2033 1095 2115 Inquisit.
1114 2032 1162 2093 die
1177 2035 1216 2096 15
1230 2031 1323 2094 Mart.
1342 2031 1446 2108 1618.)

267 2126 412 2186 Attamen
431 2123 552 2184 excluso
570 2139 762 2204 quocumque
780 2121 982 2200 perversioris
1002 2121 1148 2200 periculo,
1164 2119 1361 2201 probabiliter
1378 2128 1507 2183 nonest

229 2212 350 2286 lethale,
367 2211 431 2272 imo
443 2210 529 2272 nulla
543 2216 589 2272 est
603 2210 701 2289 culpa,
715 2209 742 2270 si
753 2209 786 2271 id
799 2227 838 2272 ex
851 2209 1026 2272 rationabili
1040 2228 1130 2272 causa
1142 2209 1205 2272 fiat.
1222 2244 1262 2255 -
1277 2208 1313 2271 S.
1330 2210 1399 2291 Lip.
1419 2208 1439 2270 l.
1457 2211 1504 2284 ll,

228 2322 258 2360 n.
277 2305 326 2364 18.
341 2331 381 2348 -
398 2299 431 2362 V.
451 2297 557 2378 Casus,
571 2319 602 2360 n.
616 2302 676 2361 886
687 2307 716 2359 et
729 2317 791 2380 seq.

795 2474 890 2517 seculo
910 2476 932 2516 11

644 2590 683 2646 Dc
703 2589 838 2646 scandalo
857 2589 887 2645 in
906 2587 1084 2662 particulari.

269 2767 300 2824 κ’
312 2760 397 2823 Circa
414 2756 586 2833 luxuriam3
600 2762 634 2820 80
649 2757 727 2820 circa
744 2777 852 2838 pravos
868 2758 976 2834 libros;
992 2763 1025 2822 3⁰
1037 2757 1117 2819 circa
1134 2757 1273 2832 choream
1290 2761 1323 2819 4⁰
1336 2753 1416 2818 cirea
1434 2775 1506 2836 spe-

230 2851 356 2912 ctaoula.

583 2968 585 2976 ‚
676 2929 750 2984 1.-
766 2925 856 2984 Circa
876 2925 1048 2984 lanariam.

268 3073 337 3134 839.
351 3107 392 3115 -
405 3069 630 3135 Gravissimum
643 3070 820 3134 scandalum
836 3077 882 3134 est
898 3090 933 3134 aa
949 3070 1059 3144 lacere,
1074 3075 1304 3150 representare,
1319 3075 1375 3130 aut
1392 3086 1453 3148 prae
1473 3087 1506 3130 se

228 3161 314 3234 forre,
329 3177 397 3240 quta
409 3159 447 3221 ad
458 3158 619 3222 libidinem
631 3158 809 3222 notabiliter
819 3165 999 3240 provocant;
1015 3157 1223 3239 quianullum
1235 3175 1392 3220 venenum
1405 3156 1506 3220 subti-

226 3248 288 3310 lius
300 3246 412 3310 anima
424 3247 579 3329 propinari
591 3254 699 3328 potest.

270 3335 347 3398 Hinc
368 3335 542 3416 gravissimi
562 3335 695 3399 scandali
717 3337 761 3400 rei
786 3335 1027 3417 sunt-1⁰qui
1048 3335 1151 3416 turpia
1169 3335 1203 3396 in
1222 3333 1379 3397 comoediis
1398 3333 1506 3398 aliisve

230 3425 359 3488 coetibus
376 3431 609 3504 repraesentant3
624 3459 665 3471 -
678 3429 712 3488 8ο
725 3425 780 3508 qui
798 3425 964 3487 cantilenas
978 3429 1034 3486 aut
1048 3423 1185 3486 carmina
1198 3423 1299 3502 turpia
1314 3429 1504 3502 componunt

230 3516 277 3578 rel
291 3521 421 3590 canunt3
435 3548 476 3560 -
490 3519 522 3577 3⁰
535 3514 589 3594 qui
602 3520 719 3578 statuas
734 3521 788 3576 aut
802 3513 951 3594 imagines
966 3513 1121 3576 obsooenas
1136 3512 1253 3575 iaciunt
1268 3512 1315 3574 rel
1327 3517 1503 3592 exponunt;

229 3609 307 3666 -10
315 3603 369 3683 qui
386 3601 547 3684 discipulos
557 3603 616 3666 sibi
627 3604 803 3666 conunissos
810 3601 912 3684 pravis
922 3601 1069 3683 exemplis
1079 3601 1503 3682 seducunt.——S.Lip.n.5d.

352 3743 547 3835 Quaeslta.
618 3781 619 3786 ¹

272 3889 372 3962 Quae.
390 3893 422 3948 1ο
435 3887 485 3948 An
494 3896 596 3968 peccet
609 3888 745 3966 praviter
757 3887 882 3967 famine
895 3884 976 3946 nndo
986 3893 1104 3966 pectore
1120 3886 1275 3948 inccdens?

273 3975 361 4057 Resp.
369 3976 395 4036 A
399 3974 498 4056 sfirm.
502 4022 511 4054 ‚
521 3974 546 4037 si
557 3974 685 4037 nudatio
696 3973 736 4036 sit
748 3975 960 4050 immoderata,
971 3993 1024 4038 seu
1032 3975 1118 4036 valde
1128 3973 1281 4048 notabilis,
1292 3993 1353 4036 noa
1366 3974 1508 4038 obstante

235 4081 427 4144 quaerunque
439 4063 590 4128 contraria
603 4062 834 4126 consuetudine.
850 4062 880 4125 Si
900 4068 1005 4126 autem
1020 4081 1082 4126 non
1095 4063 1136 4124 sit
1148 4063 1192 4124 ita
1204 4062 1423 4138 inunoderata,
1439 4079 1507 4124 ran-

135 4163 138 4172 '
236 4152 364 4215 suetudo
382 4153 466 4215 facile
485 4171 503 4214 a
522 4157 639 4232 peccato
651 4151 737 4231 grand
754 4151 922 4214 excusabit.
937 4151 1132 4215 Consuetudo
1146 4151 1231 4214 enim
1250 4151 1430 4214 notabiliter
1444 4151 1508 4212 rim

236 4240 483 4320 eoncupiscentia
497 4241 624 4315 minuit,
639 4257 710 4303 cum
722 4246 844 4302 assueta
856 4239 961 4302 minus
972 4239 1169 4320 phantasiam
1180 4239 1325 4302 excitent.
1339 4275 1376 4310 -,-
1390 4240 1416 4302 S
1420 4239 1506 4321 ‚Lim

236 4348 266 4387 n.
293 4333 298 4350 '
326 4376 333 4388 .

276 4333 376 4566 §bran
390 4423 423 4518 8ο
435 4420 485 4479 An
493 4420 632 4568 yyromter
644 4426 741 4502 peccet
756 4417 865 4480 mnb'er
882 4427 1021 4480 ornatam
1034 4437 1140 4501 pereae
1155 4417 1352 4500 superfluum,
1368 4427 1423 4484 ant
1436 4419 1506 4501 suco

237 4525 273 4566 occ
288 4514 350 4565 tum
361 4524 487 4587 pcnqens
916 4527 917 4530 ¹
