3156 5026
784 143 790 203 l

210 253 278 316 382
741 264 952 310 rnacrarus

210 384 242 442 et
253 378 390 441 lucratur
404 383 452 440 sat
466 375 713 457 notabiliterprae
724 375 882 450 iratribus,
895 393 957 438 non
970 382 1075 438 tamen
1089 393 1215 438 excessu
1229 379 1480 458 extraordinario,

210 467 284 548 quia
298 465 380 529 iilius
394 471 465 528 tum
479 471 619 528 censetur
630 483 717 546 agera
728 471 765 527 ut
778 465 955 528 membrum
975 464 1115 540 familiae,
1136 469 1168 527 et
1189 465 1232 528 sic
1252 466 1374 528 lucrum
1397 486 1482 534 omne

210 556 290 618 bono
306 553 430 616 familiae
448 553 551 616 cedere
571 552 670 617 debet.
693 589 732 599 —
753 553 886 616 Aliunde
904 571 965 632 par
983 552 1171 616 familiarum
1189 554 1339 634 postulat,
1360 573 1401 618 ne
1419 559 1482 638 plus

211 661 298 725 aquo
313 641 475 723 cupiditati
487 641 622 704 filiorum
639 641 845 723 indulgeatur,
862 659 923 724 quo
937 645 1035 723 janua
1050 641 1159 704 litibus
1173 640 1347 706 innumeris
1358 647 1483 724 praclu-

209 733 312 796 dalur.
332 765 373 780 -
392 730 429 794 S.
445 729 514 812 Lr'p.
536 729 654 812 (saltem
672 729 838 814 practice),
859 750 890 791 n.
911 734 972 794 488
990 735 1160 794 14544.-
1174 730 1320 793 Billccrt.
1341 767 1384 780 -
1401 735 1484 818 Lay-

210 839 311 884 mcrm.
328 855 368 866 -
384 819 523 899 Gouceet,
539 839 570 880 n.
586 823 657 884 684.

250 911 397 972 Attamen
417 915 464 971 sat
484 907 655 990 probabilia
672 913 797 990 apparet
817 907 970 971 sententia
988 905 1139 988 opposita,
1163 906 1237 987 maia
1255 907 1337 972 lilius
1358 928 1421 974 non
1442 917 1485 977 est

209 997 320 1080 pejoris
333 996 518 1061 conditionis
531 1015 626 1078 quam
639 996 786 1060 famulus.
808 997 865 1059 Sed
883 997 1005 1058 lucrrmr
1019 995 1096 1058 illud
1110 995 1192 1058 filius
1206 1002 1340 1077 repetere
1356 1017 1420 1062 non
1436 1002 1483 1064 de-

209 1087 371 1168 beratper
389 1105 420 1148 se
438 1092 510 1148 ante
527 1091 659 1148 mortem
675 1084 787 1166 patris,
804 1101 875 1148 cunr
889 1083 1009 1147 difficile
1021 1083 1063 1146 sit
1076 1091 1167 1146 antea
1181 1084 1364 1166 dijudicare,
1378 1095 1482 1152 utrum

209 1175 292 1239 filius
306 1193 412 1256 passus
427 1175 470 1237 sit
482 1175 648 1250 damnum,
670 1191 773 1236 necne.
792 1207 834 1221 -
854 1175 900 1236 lta
920 1173 1049 1252 Pontos,
1071 1173 1162 1236 verbo
1187 1173 1429 1256 Compensatione.
1447 1215 1483 1225 -

209 1263 341 1333 hmine,
362 1263 382 1326 l.
399 1265 608 1339 11,c.x11,n.
625 1267 675 1327 84.
692 1298 731 1308 -
751 1261 858 1341 ettet,
874 1282 905 1323 n.
925 1267 975 1325 77.
994 1299 1034 1308 -—
1051 1259 1166 1340 Cottet,
1183 1281 1210 1323 c.
1226 1281 1260 1324 11.
1281 1297 1324 1310 -
1341 1264 1480 1345 Bounier,

210 1373 236 1414 a.
254 1371 294 1426 11,
312 1359 372 1414 ort.
389 1357 418 1416 l.
437 1387 477 1398 -
495 1350 654 1430 carrina,
670 1371 701 1414 n.
720 1354 793 1414 944.
807 1385 847 1396 -
869 1349 1005 1424 Verm'er,
1023 1371 1055 1412 n.
1076 1354 1147 1414 340.
1168 1385 1212 1398 -
1232 1349 1389 1436 Itur-inqu,
1415 1364 1437 1417 t.
1454 1358 1479 1430 l,

210 1459 270 1502 aar.
287 1439 316 1502 3.
327 1477 368 1486 -
386 1439 459 1502 Vide
474 1439 581 1514 Cacus,
595 1460 630 1501 η.
643 1443 703 1504 503
716 1453 746 1501 er
756 1459 817 1523 seq.

249 1533 401 1593 Gaeterum
417 1529 451 1592 in
470 1528 558 1611 praxi
576 1529 778 1592 recedendum
796 1547 859 1592 non
877 1535 926 1591 est
944 1548 963 1592 a
980 1529 1081 1609 prima
1101 1530 1269 1605 sententia,
1291 1531 1401 1594 saltem
1417 1539 1482 1595 ante

210 1618 326 1681 factum
345 1619 383 1680 ob
401 1617 652 1680 hallucinationis
670 1618 851 1698 periculum.
877 1619 1005 1698 Insuper
1022 1618 1240 1698 perpendenda
1262 1626 1337 1682 sunt
1357 1619 1481 1684 circum-

211 1707 331 1770 stantiae
349 1707 384 1768 in
404 1706 518 1787 quibus
535 1711 698 1768 versantur
715 1711 784 1769 tum
802 1705 884 1769 filius
904 1713 973 1769 tum
991 1709 1057 1788 eJus
1077 1706 1259 1781 coheredes
1280 1715 1318 1770 ut
1331 1709 1483 1789 judicetur

213 1794 289 1878 quid
303 1795 462 1876 aequalitas
472 1794 553 1876 Juris
567 1793 667 1858 stricti
678 1794 824 1876 requirat.

251 1885 389 1946 &cunda
397 1901 468 1946 vero
476 1881 643 1956 sententia,
654 1882 724 1945 licet
735 1883 899 1965 aliquando
911 1883 946 1946 in
956 1881 1045 1964 praxi
1059 1883 1156 1946 teneri
1168 1883 1278 1947 saltem
1289 1891 1358 1965 post
1369 1885 1478 1948 iactum

210 1973 320 2053 possit,
335 1977 437 2034 tamen
449 1970 580 2034 mirrime
591 1971 710 2052 publice
721 1973 855 2036 docenda
866 1979 913 2035 est
925 1977 1048 2052 propter
1058 1969 1252 2036 incommoda
1263 1991 1332 2055 quae
1346 1993 1396 2055 per
1405 1973 1477 2036 abu-

210 2079 281 2124 sum
295 2062 366 2126 inde
378 2067 587 2144 sequerentur.
603 2095 644 2106 -
658 2059 709 2123 Ita
723 2059 866 2136 Bouoier,
878 2060 954 2122 ibid.
970 2095 1011 2106 —
1023 2057 1179 2140 Corridre,
1193 2061 1272 2125 itud.

754 2271 894 2317 PUNGTUM
914 2271 939 2316 11

679 2391 720 2447 De
738 2389 865 2448 dominio
884 2405 1017 2447 uxorum.

164 2559 167 2569 ⁴
250 2547 320 2608 548.
336 2579 376 2588 -
388 2547 470 2606 Bona
483 2541 588 2604 uxoris
601 2549 675 2604 sunt
685 2543 813 2624 triplicis
825 2543 959 2622 generis,
975 2541 1089 2606 scilicet
1105 2561 1113 2605 :

251 2639 283 2698 1ο
297 2631 438 2704 dotalia,
453 2649 586 2712 (1110111111
600 2631 751 2694 fructibus
759 2633 807 2696 vir
814 2633 926 2712 gaudet
938 2631 976 2694 ad
987 2649 1080 2695 onera
1091 2627 1277 2694 matrimonii
1284 2629 1479 2707 sustinenda,

208 2723 242 2787 id
255 2727 302 2786 est
315 2723 354 2784 ad
368 2721 512 2784 alendum
527 2738 670 2796 uxorem,
685 2719 762 2784 filios
773 2739 808 2782 ac
821 2719 981 2783 familiam.

248 2817 282 2874 2⁰
296 2807 546 2892 Porcpbercalr'c
565 2808 653 2892 (παρὰ
669 2813 776 2894 φερνήν,
796 2818 910 2892 praeter
927 2807 1057 2892 dotem),
1080 2828 1150 2892 quae
1170 2827 1245 2873 uxor
1262 2809 1352 2872 babet
1370 2813 1486 2889 praeter

210 2900 331 2976 dotem,
347 2906 378 2962 et
390 2917 458 2980 quae
473 2898 533 2962 sibi
547 2897 717 2979 specialiter
730 2905 876 2962 reservat.

250 2993 283 3052 3ῠ
300 2987 492 3065 Communia,
509 3005 578 3068 quae
595 2985 691 3068 pactis
709 2989 875 3068 conjugum
892 2992 947 3049 aut
962 2986 1216 3051 determinatione
1227 2985 1301 3068 legis
1312 2987 1347 3051 in
1361 2987 1482 3050 societa-

209 3083 273 3140 tem
287 3077 454 3158 quamdam
466 3075 675 3138 conferuntur.

248 3169 379 3228 Possunt
391 3167 531 3245 conjuges
546 3170 617 3226 ante
631 3163 804 3226 ineundum
817 3163 1054 3228 matrimonium
1070 3165 1274 3229 determinare
1288 3164 1402 3247 quibus
1414 3182 1480 3227 con-

207 3253 379 3318 ditionibus
392 3251 580 3332 subjicienda
589 3251 653 3317 sint
665 3251 802 3334 ipsorum
812 3253 906 3327 bona,
919 3253 1048 3317 servatis
1060 3253 1249 3334 quibusdam
1257 3253 1333 3334 legis
1343 3251 1476 3320 statuum

208 3342 236 3406 si
247 3343 312 3406 brec
326 3341 422 3404 facere
435 3339 611 3416 omiserint,
627 3341 677 3404 lex
690 3342 854 3424 supplebit.

581 3494 605 3549 1.
618 3523 654 3535 -
672 3509 872 3552 msrosrrronns
889 3509 968 3553 tunes
986 3509 1109 3554 neurius

248 3644 318 3704 cte.
331 3675 371 3686 -
384 3641 408 3700 Ι.
424 3643 507 3703 Uxor
520 3637 613 3700 habet
625 3637 800 3702 dominium
810 3639 961 3703 directum
971 3660 1032 3702 sua
1042 3639 1130 3709 dotia,
1147 3639 1281 3704 maritus
1292 3657 1364 3703 vero
1376 3655 1478 3701 usum-

208 3729 344 3792 fructum
354 3735 385 3791 et
394 3725 706 3790 administrationem.
716 3733 835 3793 Mortuo
845 3729 922 3804 viro,
931 3729 997 3811 ipsa
1007 3727 1364 3792 omnibuscreditoribus
1377 3724 1480 3792 mariti

208 3817 418 3896 personalibus
430 3814 597 3898 praesertin,
617 3822 647 3879 et
661 3816 755 3878 etiam
768 3817 804 3880 in
818 3816 883 3880 nita
899 3819 1001 3880 dotem
1015 3816 1146 3899 juridice
1166 3823 1300 3898 repetere
1324 3819 1435 3896 potest,
1455 3812 1480 3874 si

210 3904 317 3968 timeat
329 3924 369 3968 ne
384 3903 431 3967 vir
442 3904 495 3966 fiat
508 3902 661 3984 impotens
672 3906 711 3968 ad
725 3905 811 3967 illam
823 3905 1056 3969 restituendam.
1073 3907 1105 3968 Si
1118 3906 1172 3968 dos
1185 3905 1335 3968 consistat
1347 3905 1382 3966 in
1395 3920 1479 3985 pecn-

209 3991 278 4069 nia,
295 3993 396 4056 autin
410 3992 478 4055 aliis
490 4009 551 4054 usu
564 3992 868 4074 consumptibilibuS,
884 3994 932 4058 vel
946 3994 1038 4057 fuerit
1051 3993 1204 4058 aestimcta
1217 3993 1259 4056 ad
1268 3992 1479 4062 venditionem,

208 4081 266 4145 hoc
283 4088 343 4156 est,
360 4088 397 4144 ut
417 4079 549 4144 maritus
564 4097 633 4144 eam
651 4081 780 4162 accipiat
799 4088 949 4164 tanquam
970 4100 1037 4146 ram
1057 4081 1117 4146 sibi
1136 4079 1310 4156 venditam,
1336 4085 1366 4144 et
1387 4077 1481 4161 pretio

210 4177 348 4246 tantum,
360 4170 458 4234 soluto
468 4167 679 4244 matrimonio,
689 4170 923 4246 restituendam,
933 4172 1014 4234 dotis
1028 4172 1154 4253 quidem
1167 4171 1295 4251 plenum
1307 4167 1480 4232 dominium

209 4258 274 4322 viro
287 4258 448 4334 tribuitur,
465 4259 517 4321 sed
531 4275 603 4320 cum
615 4257 800 4338 obligatione
812 4261 946 4322 valorem
955 4259 1154 4334 restituendi,
1165 4259 1313 4322 translato
1322 4276 1378 4339 pro
1389 4271 1481 4320 uxore

208 4346 342 4410 dominio
360 4346 396 4409 in
411 4347 514 4410 omnia
534 4347 614 4411 bona
633 4347 739 4410 mariti
763 4366 816 4429 pro
837 4355 904 4411 rata
925 4368 980 4412 seu
997 4355 1092 4430 quota
1112 4367 1175 4412 suae
1194 4347 1286 4412 dotis.
1301 4381 1343 4394 —
1355 4345 1391 4407 S.
1409 4344 1480 4424 liip-

207 4437 325 4498 11489.

246 4523 283 4584 ll.
301 4525 384 4586 Uxor
406 4531 489 4587 tenet
509 4527 635 4605 plenum
656 4525 830 4590 dominium
850 4531 880 4590 et
900 4525 1202 4592 administrationem
1223 4525 1375 4590 bonorum
1388 4539 1480 4606 pam·
