3136 5034
564 249 608 292 nn
628 247 899 292 conrnucrrnus
1300 237 1365 298 teu

127 359 222 441 Resp.
239 361 272 422 2⁰
286 378 292 419 :
307 357 366 433 Qui
380 356 459 420 cedit
472 356 577 431 bonis,
593 357 619 418 si
637 356 672 418 in
693 375 805 438 magna
820 361 956 422 versetur
977 357 1160 438 indigentia,
1181 377 1244 422 non
1264 366 1365 441 peccat

91 455 198 512 contra
207 445 382 529 justitiam,
399 445 425 508 si
439 446 518 508 bona
530 445 670 527 quacun
685 453 799 522 servet,
816 445 929 526 quibus
943 451 1131 510 sustentetur
1147 465 1218 510 erun
1231 445 1360 526 familia,

92 537 186 600 donec
197 554 252 617 per
262 535 401 617 judicem
414 533 473 614 ipsi
488 533 646 614 provisum
658 533 760 597 fuerit.
773 538 843 598 Post
852 534 967 598 lactum
979 541 1083 598 autern
1095 535 1290 617 inquietandi
1301 555 1364 601 non

92 631 168 689 sunt
181 625 227 687 illi
244 625 299 707 qu
318 641 365 686 res
378 641 447 687 rere
461 620 520 685 sibi
534 623 733 700 necessarias,
752 623 864 686 modici
880 625 1005 700 valoris,
1023 624 1082 687 sibi
1103 623 1309 689 retinuerunt.
1324 663 1364 672 —

99 713 217 794 Vopler,
234 733 265 774 n.
279 715 350 779 ete.
361 749 402 760 -—
418 711 553 787 Gonni,
569 716 683 776 n'llb.

131 806 201 867 789.
210 835 251 852 -
266 804 368 878 Quen.
383 806 416 865 6⁰
428 800 608 876 Quibusnam
617 802 715 881 signis
726 801 874 882 distinqui
879 805 987 884 possit,
1000 812 1101 865 utrum
1120 802 1170 865 len
1181 803 1286 865 irritet
1295 824 1365 866 con-

93 901 221 954 tractum
240 909 304 954 reso
321 908 430 966 sacro,
448 890 484 952 od
504 889 652 971 desectum
673 891 881 965 solemnitatis,
901 892 949 955 vel
965 902 1037 974 post
1051 892 1163 968 judicio
1183 897 1362 955 sententiam

92 982 229 1042 tontum?

131 1068 220 1152 Hesp.
235 1089 248 1130 .·
262 1069 323 1131 Vix
346 1087 380 1131 ac
401 1087 440 1132 ne
457 1068 511 1131 rix
524 1067 650 1150 quidem
663 1070 774 1149 regula
786 1070 911 1133 omnino
924 1075 1012 1133 certae
1026 1069 1060 1133 in
1071 1070 1128 1133 hoc
1139 1070 1205 1134 dari
1216 1077 1360 1152 possunt;

92 1175 146 1220 nec
159 1157 342 1221 concordant
354 1157 434 1221 inter
446 1176 477 1220 se
490 1157 554 1220 sive
566 1156 711 1238 theologi,
726 1158 790 1222 sire
804 1158 989 1242 jurisperiti.
1006 1159 1181 1223 Generatim
1194 1164 1300 1223 temen
1313 1159 1363 1223 lex

90 1245 213 1309 videtur
226 1245 292 1326 ipso
305 1245 383 1310 facto
395 1247 515 1310 irritare
526 1246 560 1309 in
572 1246 756 1310 conscientia
767 1255 798 1312 et
812 1254 884 1312 ante
894 1247 1007 1328 judicis
1019 1247 1224 1311 sententiam:

89 1335 93 1343 “
131 1339 164 1396 {⁰
177 1335 304 1410 Quando
318 1334 451 1399 irritatio
470 1335 582 1398 directe
598 1334 746 1399 fundatur
763 1338 799 1400 in
816 1337 880 1417 lege
901 1335 1137 1400 determinativa
1149 1336 1359 1426 prpprietatis;

92 1423 166 1504 qrria
180 1424 219 1485 ad
230 1423 402 1506 Principem
417 1423 449 1487 vi
463 1441 613 1506 supremae
627 1426 786 1505 potestatis
798 1425 941 1506 pertinet,
958 1425 1132 1488 dominium
1146 1442 1251 1488 rerum
1265 1427 1362 1489 deter-

95 1511 225 1575 minare.
236 1513 313 1576 Hinc
324 1513 391 1595 ipso
402 1513 479 1576 tecto
490 1513 585 1576 irrite
598 1519 672 1577 sunt
681 1513 894 1595 dispositiones
902 1514 1017 1597 quibus
1028 1513 1189 1576 reservatio
1203 1513 1361 1576 heredum

90 1600 329 1665 necessariorum
341 1603 474 1665 laeditur.

131 1693 161 1752 2⁶
185 1690 311 1766 Quando
332 1690 464 1754 irritatio
485 1695 601 1772 spectat
621 1698 724 1755 actum
743 1691 823 1755 hono
849 1691 969 1772 publico
992 1691 1152 1767 nocivum3
1176 1689 1249 1772 quia
1274 1689 1360 1754 Prin-

94 1795 160 1859 ceps
172 1777 283 1842 habere
295 1778 384 1842 debet
392 1785 575 1862 potestatem
588 1780 784 1861 impediendi,
794 1799 828 1844 ac
837 1780 963 1861 proinde
976 1780 1011 1844 in
1023 1779 1206 1844 conscientia
1217 1779 1362 1842 irritandi

93 1871 179 1930 actus
193 1867 296 1931 civiles
310 1867 388 1931 bono
400 1867 558 1932 communi
570 1869 691 1945 noxios;
707 1887 792 1932 secus
811 1869 1072 1933 deordinationem
1093 1867 1127 1930 in
1147 1867 1287 1932 societate
1300 1865 1361 1930 effi-

94 1954 205 2018 caciter
219 1975 282 2020 non
295 1955 468 2037 impediret.
482 1956 561 2020 Hinc
574 1957 640 2038 ipso
653 1957 730 2021 facto
743 1957 840 2022 irrite
853 1963 929 2020 sunt
939 1977 977 2021 ex
986 1965 1117 2039 utreque
1130 1961 1217 2038 parte
1230 1973 1362 2018 conven-

92 2042 191 2107 tiones
202 2045 240 2108 ob
252 2063 375 2108 causam
389 2053 523 2126 turpem.

131 2137 165 2196 30
180 2133 306 2209 Quando
318 2133 452 2198 irritatio
471 2133 584 2198 directe
601 2135 750 2199 fundatur
764 2135 798 2199 in
816 2136 932 2200 motivo
950 2134 1023 2199 boni
1041 2134 1171 2216 publioi;
1187 2133 1263 2214 quia
1275 2151 1361 2196 secus

92 2220 244 2300 legislator
258 2240 383 2303 eropum
399 2241 492 2286 suum
507 2222 692 2287 sufficienter
702 2242 764 2287 non
778 2225 938 2288 obtineret.
953 2225 1002 2287 Sic
1015 2223 1112 2288 irrita
1124 2226 1197 2286 sunt
1207 2223 1273 2305 ipso
1284 2221 1361 2284 facto

92 2308 304 2389 dispositiones
318 2311 526 2375 immobilium
540 2313 700 2376 dotalium.

134 2399 261 2473 Quando
275 2418 346 2463 vero
366 2399 485 2463 difficile
499 2399 553 2474 sit,
570 2407 608 2464 ut
621 2419 699 2482 saepe
715 2401 883 2483 contingit,
899 2401 1040 2482 praelatas
1055 2403 1174 2482 regulas
1193 2401 1358 2482 applicare;

94 2485 132 2548 ad
150 2485 433 2569 interpretationem
444 2492 623 2564 Doctorum,
639 2496 670 2552 et
684 2491 722 2552 ad
735 2489 989 2554 consuetudinem
1002 2490 1221 2553 recrurendum
1242 2495 1299 2552 est.

590 2732 766 2809 CAPUT
796 2733 860 2808 111

321 2920 371 2970 DE
397 2919 700 2972 CONTRACTUUM
726 2918 1126 2970 MODIFICATIONIBUS

131 3099 390 3164 Modificationum
407 3101 532 3163 nomine
558 3099 759 3178 designantur
780 3100 922 3181 quedam
945 3098 1088 3162 clausula
1110 3104 1221 3179 praeter
1243 3107 1360 3163 contra·

92 3195 200 3253 ctuum
212 3195 358 3253 naturam
369 3195 400 3252 et
413 3189 578 3252 essentiam
587 3188 772 3270 adjectn,ita
782 3193 818 3251 ut
833 3187 1010 3251 eorumdem
1022 3191 1234 3251 contractuum
1247 3187 1361 3268 obliga·

92 3279 207 3342 tionem
218 3296 302 3341 nunc
313 3277 487 3354 obfirment,
499 3295 582 3341 nunc
593 3275 688 3338 etiam
699 3281 832 3357 augeant
845 3277 893 3340 vel
907 3275 1122 3354 determinent,
1137 3293 1222 3339 nunc
1234 3293 1359 3356 suspen-

90 3366 398 3447 dantvelperimant.

130 3455 293 3540 Praecipua
320 3459 423 3520 autern
448 3462 661 3519 contractuum
675 3454 926 3520 ⁴modificationes
954 3462 1051 3519 sunt:
1074 3459 1104 3517 10
1127 3456 1356 3535 juramentum

90 3550 124 3608 2⁰
138 3545 238 3622 modi;
253 3549 286 3610 30
300 3545 498 3612 conditictnes.
513 3581 552 3594 ·-
564 3549 605 3609 De
618 3543 668 3608 his
680 3544 781 3608 tribus
795 3544 929 3610 breviter
943 3543 1105 3626 agendcun.

602 3765 817 3830 ARTICULUS
837 3765 850 3825 I

434 3922 472 3966 DE
492 3920 668 3968 summac
689 3919 873 3966 conductui
893 3918 1019 3964 Animae

133 4074 205 4137 790.
220 4105 261 4119 —-
274 4077 507 4149 loramentum,
525 4079 616 4154 prout
638 4073 688 4136 hic
711 4074 858 4148 sumitur,
876 4079 922 4136 est
944 4069 1101 4134 advocatio
1121 4069 1174 4134 Dei
1197 4068 1232 4132 in
1252 4075 1362 4132 testem

96 4177 204 4224 eorum
222 4180 290 4243 quae
306 4178 360 4241 per
375 4167 565 4225 contractum
579 4162 816 4244 promittuntur.
832 4160 984 4242 Obligatio
1000 4155 1170 4244 juramenti
1189 4158 1227 4222 ab
1249 4157 1362 4238 obliga·

88 4249 173 4313 tione
194 4255 364 4312 contractus
386 4250 422 4313 in
441 4250 497 4313 boc
516 4251 612 4314 etiarn
630 4250 748 4326 differt,
769 4250 850 4333 quod
869 4249 1012 4332 obligatio
1028 4247 1199 4333 juramenti
1220 4245 1312 4310 afficit
1332 4253 1363 4310 et

95 4336 261 4419 obstringit
271 4338 447 4402 immediate
452 4340 588 4422 jurantis
597 4357 768 4422 personam,
782 4341 864 4403 unde
875 4339 914 4403 ad
926 4339 1061 4403 heredes
1069 4355 1132 4401 non
1143 4335 1271 4412 neusin
1284 4334 1361 4399 obli-

93 4428 177 4508 gatio
189 4446 261 4491 vero
274 4431 446 4492 contractus
458 4427 575 4492 confert
587 4428 675 4492 alteri
685 4433 738 4512 jus
755 4433 909 4504 strictum,
926 4447 981 4490 seu
998 4431 1050 4510 jus
1063 4429 1279 4511 proprietatis,
1300 4422 1363 4488 effi-

91 4516 174 4588 ciens
188 4515 396 4586 contrahentis
410 4517 505 4595 bona,
521 4517 649 4602 ideoque
661 4517 700 4582 ad
713 4518 846 4584 haeredes
859 4515 1003 4600 obligatio
1014 4517 1131 4598 integre
1145 4513 1266 4582 transit.
