3168 5002
209 193 254 254 68
639 207 765 252 sessus
790 207 1065 256 cisnouosoetcn

246 407 291 464 ti.
312 409 398 474 Item,
411 406 448 462 de
463 421 513 480 spe
529 421 615 478 quam
629 405 757 462 ostendit
775 405 849 474 iore,
865 411 900 461 ut
913 407 1079 480 reformato
1096 407 1206 464 rituali
1218 413 1246 464 ct
1259 410 1368 468 ordine
1386 412 1490 470 Poeni-

213 485 326 554 tenticr,
342 484 463 542 nultum
481 483 616 558 amptius
629 484 730 543 mcum
743 485 893 542 traditura
911 485 974 543 sint
987 487 1163 562 hujusmodi
1176 491 1410 559 runcationem

249 566 348 634 Prout,
373 567 481 622 attenta
510 566 698 637 generalitate
728 565 893 636 verborum,
916 567 1011 624 innuit
1039 583 1089 642 per
1113 569 1345 626 reformationem
1370 571 1489 629 ritualia
1575 569 1576 638 t

214 649 242 704 et
253 647 363 704 ordinis
378 646 558 703 Poenitsntiae
573 647 676 703 iactam
689 646 725 704 ab
735 647 876 722 Episcopo
886 647 932 703 vel
945 649 1056 720 Synodo
1075 647 1184 706 aboleri
1198 665 1283 722 posse
1297 665 1398 722 cesus,
1415 669 1489 725 quos

214 726 380 785 Tridentino
403 726 534 800 synodus
556 727 644 798 (sees.
664 729 738 795 XIV,
758 743 784 783 c.
799 727 856 800 rut
878 726 1007 786 declarat
1027 729 1179 786 Pontifices
1202 729 1339 788 maximos
1357 733 1491 805 potuisse
1575 753 1576 808 p

215 822 410 880 prosuprema
427 807 568 882 potestate
585 806 643 864 sibi
657 807 688 864 in
707 808 844 863 universa
865 807 994 865 Ecclesia
1017 808 1122 866 tradita
1142 809 1281 884 peculiari
1307 827 1359 868 suo
1377 811 1490 885 judicio
1575 809 1576 896 t

215 903 379 944 reservare:

1575 1007 1576 1044 i

1575 1115 1576 1148 t

1575 1317 1576 1344 l

251 965 409 1041 Propositio
430 965 518 1035 talea,
543 966 710 1036 temeraria,
734 966 859 1025 Concilio
886 967 1052 1025 Tridentino
1071 971 1101 1026 et
1121 984 1300 1026 summomm
1317 972 1490 1029 Pontificum

288 1046 451 1103 auctoritati
466 1046 605 1119 derogans
620 1049 649 1104 et
663 1047 813 1119 injuriosa.

760 1249 794 1290 DE
813 1249 945 1292 canensis

253 1446 298 1503 lo.
320 1358 785 1520 ΡΞῐοξῇἷῖἓεεὲοξεῗιῖζῖᾗοιατη
793 1447 1314 1506 accommunicationiseaeteriorem
1325 1449 1495 1508 dumtaxat

220 1542 296 1595 esse,
312 1525 384 1618 quio
399 1528 607 1585 tantummodo
625 1531 741 1582 nutura
757 1544 815 1584 suo
835 1526 971 1585 accludit
987 1529 1023 1585 ab
1037 1527 1189 1584 exteriore
1207 1531 1495 1589 communicatione

219 1603 610 1754 Ecgffggffexcommunicatio
622 1701 679 1742 nou
695 1686 735 1744 sit
749 1703 833 1761 poena
850 1686 1025 1761 spiritualis,
1042 1687 1137 1760 ligans
1152 1689 1182 1744 in
1197 1689 1285 1760 coelo,
1296 1692 1409 1749 animas
1420 1691 1496 1750 obli-

219 1781 306 1902 gaffl’.
322 1846 351 1902 S.
367 1844 488 1916 August.
505 1845 590 1919 epist.
604 1861 655 1902 ccc
668 1846 783 1902 Auxilio
794 1839 944 1922 Episcopo.
955 1877 992 1890 -
1003 1847 1097 1904 Tract.
1113 1847 1172 1904 cin
1187 1850 1241 1919 Jo.,
1257 1865 1337 1906 num.
1351 1849 1401 1920 123
1575 1763 1576 1856 1

254 1925 353 1995 Falsa,
368 1925 543 1999 perniciose,
560 1926 591 1981 in
604 1927 657 1982 art.
672 1926 707 1982 23
722 1926 838 1984 Lutheri
850 1926 999 1998 damnate,
1014 1926 1049 1983 ed
1065 1927 1162 1984 minus
1175 1943 1304 1987 erronea.

345 2037 385 2111 ss
403 2037 452 2106 n,
472 2036 516 2094 n.

255 2125 301 2180 l'l.
320 2127 406 2194 Item,
421 2142 484 2199 quae
498 2123 600 2194 tradit,
616 2126 813 2182 necessarium
831 2141 897 2182 esse
910 2125 993 2197 Juxta
1010 2125 1090 2198 leges
1106 2127 1253 2186 naturales
1268 2130 1298 2185 et
1314 2129 1498 2199 divinas„ut

221 2205 282 2263 sive
295 2203 331 2261 ad
350 2205 671 2262 excommunicationem
690 2205 752 2262 sire
775 2205 810 2262 ad
831 2206 1050 2279 suspensionem
1068 2208 1228 2282 precedere
1247 2208 1350 2266 debeat
1372 2225 1498 2267 examen

219 2283 384 2360 personule;
400 2287 486 2358 atque
503 2285 575 2342 adeo
590 2287 748 2342 sententies
762 2286 854 2342 dictas
868 2286 935 2359 ipso
949 2287 1030 2360 facto
1044 2303 1101 2343 non
1115 2287 1203 2344 aliem
1219 2289 1278 2346 vim
1293 2289 1415 2360 habere,
1427 2291 1497 2348 nisi

222 2365 304 2424 seriae
316 2366 545 2422 comminationis
561 2366 624 2422 sine
638 2365 698 2423 ullo
712 2365 819 2423 actuali
834 2367 934 2422 ellectu
951 2387 957 2422 :
1575 2329 1576 2422 l

308 2445 409 2518 Falsa,
424 2445 590 2516 temeraria,
606 2446 781 2520 perniciosa,
798 2445 935 2504 Ecclesiae
953 2447 1087 2520 potestati
1103 2447 1257 2520 injuriosa,
1272 2464 1403 2508 arcanea.

346 2557 365 2633 ς
385 2559 430 2616 n.

151 2689 153 2693 .
256 2643 301 2702 tt.
321 2647 407 2714 ltenn
424 2662 487 2718 quae
501 2643 682 2718 pronuntiat,
698 2644 841 2703 inutilem
855 2663 891 2702 ue
903 2661 1015 2702 vanarn
1026 2663 1087 2704 csse
1100 2646 1270 2720 formulam
1284 2647 1447 2705 mnnuttis
1460 2649 1500 2706 ab

221 2724 293 2781 hinc
310 2725 429 2783 sacculis
446 2725 605 2783 inductam
623 2726 797 2783 absoluendi
817 2725 998 2800 pancratiter
1013 2727 1050 2783 ab
1068 2727 1440 2787 encomneunicutionibus
1461 2730 1499 2786 in

222 2820 297 2876 quos
310 2804 406 2878 fidelis
419 2804 556 2863 incidere
564 2805 730 2880 potuisset:

434 2945 436 2950 Α
510 2885 609 2956 Falsa,
624 2887 793 2956 temeraria,
809 2886 890 2960 praxi
903 2885 1041 2944 Ecclesia
1058 2886 1207 2961 injuriosa.

240 3045 244 3052 .
258 3081 304 3140 lt.
323 2997 493 3156 13&ae
514 3084 631 3142 damnet
652 3087 684 3143 ut
707 3085 804 3144 nullas
827 3087 857 3142 et
879 3085 1023 3144 invalidas
1036 3087 1254 3164 suspensiones
1268 3105 1310 3146 aec
1327 3087 1501 3164 insonnata

1575 3209 1576 3282 t

1575 3309 1576 3384 t

225 3161 409 3222 conscientia
420 3181 429 3216 .·

274 3248 280 3261 ·
499 3241 599 3313 Ealsa,
615 3244 790 3317 perniciose,
806 3245 837 3301 in
850 3244 1049 3303 tridentinum
1064 3247 1214 3320 injuriose.
1289 3317 1295 3330 ι

349 3353 427 3412 Ibid.

261 3441 305 3499 50.
326 3444 412 3512 Item,
428 3442 459 3498 in
471 3458 505 3499 eo
515 3443 589 3516 quod
604 3445 747 3514 insinuat,
764 3443 819 3500 soli
833 3446 1025 3521 Episcopatus
1035 3463 1092 3504 uon
1106 3463 1171 3506 esse
1186 3449 1230 3506 uti
1241 3450 1398 3523 potestate,
1412 3467 1502 3523 quem
1575 3457 1576 3518 i

227 3521 324 3580 tamen
345 3522 373 3578 ci
391 3521 481 3578 delert
501 3522 701 3581 tridentinum
721 3523 808 3598 (sess.
828 3527 902 3594 XIV,
921 3542 945 3582 c.
971 3543 998 3595 1,
1019 3525 1055 3584 de
1071 3528 1211 3602 reform),
1231 3529 1438 3604 suspensionis
1460 3549 1503 3590 ex

226 3601 395 3675 informata
408 3602 592 3660 consuentiu
605 3605 735 3678 legitime
749 3605 934 3677 infligendae:
1575 3637 1576 3700 p

521 3683 734 3744 iurisdictionis
747 3685 933 3743 Praeletorum
944 3685 1080 3744 Ecclesiae
1093 3687 1201 3747 leesiva.
1575 3703 1576 3766 t

788 3893 823 3934 lt!
841 3893 943 3934 unuln

354 3998 396 4054 De
411 3997 524 4056 Ordine
537 3997 557 4070 ξ
571 3998 597 4054 l.

265 4079 310 4137 51.
331 4084 464 4142 Doctrina
477 4083 597 4158 synodi,
613 4101 677 4157 quse
692 4083 836 4159 perhibet,
849 4086 880 4142 in
892 4089 1094 4160 promerendis
1104 4090 1140 4146 ad
1153 4089 1276 4148 Ordines
1289 4090 1363 4148 hanc
1374 4092 1410 4149 de
1422 4109 1508 4151 more

231 4163 260 4216 et
274 4159 404 4219 instituto
416 4165 521 4222 ceteris
540 4164 704 4239 disciplina
720 4165 859 4222 rationem
875 4168 984 4224 servasi
1002 4169 1202 4239 consuevisse,
1227 4176 1260 4226 ut
1280 4171 1311 4228 si
1328 4171 1399 4244 quis
1417 4171 1509 4230 cieri·
1575 4151 1576 4200 l

230 4256 337 4298 cerum
347 4241 591 4318 destinpuetatur
603 4244 763 4302 sanctitate
771 4245 857 4316 uitae,
866 4251 895 4302 et
907 4247 1021 4321 dipnus
1033 4249 1308 4324 aetimabaturqui
1317 4253 1359 4310 ad
1371 4251 1508 4312 Oratim

230 4335 331 4378 sacros
348 4327 532 4393 ascenderet,
553 4324 604 4382 itte
625 4323 733 4383 solitus
751 4332 816 4382 erat
832 4329 1006 4400 preneooeri
1025 4329 1065 4386 cd
1079 4327 1282 4386 Diaconoturn
1294 4331 1340 4388 oet
1358 4332 1508 4392 &cmo-

231 4399 311 4456 tium
326 4401 447 4460 etiamsi
461 4403 625 4476 inferiores
637 4405 767 4464 Ordines
780 4423 845 4463 non
858 4408 1051 4483 accepim
1063 4425 1158 4482 acque
1172 4414 1238 4468 tum
1256 4411 1328 4470 utu
1346 4411 1507 4471 ordinatio

233 4479 388 4538 dicebatur
397 4499 453 4557 per
467 4481 593 4553 sotteun,
608 4489 643 4543 nt
652 4490 756 4559 postea
770 4484 885 4548 dictum
898 4493 951 4548 est.
