3168 5002
405 247 696 295 rnorosrmonuu
720 245 971 293 nuunarunun
1280 236 1324 294 tt

86 369 113 426 8.
127 366 234 426 Omnia
250 361 405 429 sacrificia,
417 376 480 433 quae
494 359 556 415 fieri
572 358 664 415 solent
683 357 718 414 ab
736 359 887 414 animabus
900 374 985 430 quam
1007 359 1132 416 menime
1146 360 1323 417 desinteres-

55 451 124 508 setis
140 448 219 504 circe
241 460 338 501 earum
352 443 489 498 aeternam
506 438 729 507 beatitudinem,
750 439 818 495 sunt
835 437 1071 496 conditionalia...
1092 439 1147 496 Sed
1165 439 1219 496 hoc
1239 441 1323 496 secri-

54 531 151 588 ficium
163 543 222 583 non
235 524 329 599 potest
341 537 405 578 esse
417 519 582 577 absolutum
595 519 626 574 in
639 519 715 574 statu
730 517 882 575 ordinario.
897 517 930 574 ln
943 535 1001 576 uno
1016 521 1205 576 extremarum
1225 521 1325 593 proba-

55 613 164 668 tionum
177 621 248 663 casu
264 605 317 660 hoc
331 601 504 659 sacrificium
519 599 552 655 ut
563 599 659 670 aliquo
670 599 754 655 modo
763 597 937 656 absolutum.

89 705 114 762 9.
130 705 163 760 ln
173 700 309 758 extremis
321 696 535 772 probationibus
552 695 646 768 potest
665 693 769 750 animae
787 693 992 751 inuincibiliter
1006 710 1176 769 persuasum
1190 711 1255 752 esse
1268 712 1327 770 per·

57 785 191 843 suasione
206 780 327 847 reflexa,
342 779 371 833 et
389 793 452 850 quae
471 776 586 832 nonest
606 774 728 832 intimus
746 775 929 832 conscientiae
948 775 1069 846 fundus,
1086 791 1117 832 se
1132 777 1212 848 juste
1230 793 1328 850 repro·

57 867 154 922 betam
168 875 261 919 essea
275 862 343 916 Deo.

93 951 226 1008 lbfuuc
248 946 345 1003 anima
369 943 459 1000 divisa
479 959 497 999 a
520 941 676 1016 semetipsa
697 942 809 1017 expirat
829 959 895 1002 cum
915 941 1028 1000 Christo
1045 942 1075 998 in
1088 958 1187 1012 cruce,
1203 943 1324 1001 dicens:

58 1033 151 1100 Deos,
166 1027 245 1084 flecte
263 1041 366 1093 meus,
382 1029 417 1080 ut
432 1021 507 1096 quid
524 1019 711 1094 dereliquisti
726 1023 793 1078 me?
810 1024 841 1078 ln
858 1021 912 1078 hac
927 1022 1120 1079 involuntaria
1139 1023 1327 1096 impressione

60 1106 267 1199 desperationis
282 1103 397 1162 conficit
416 1101 589 1159 sacrificium
603 1101 768 1159 absolutum
791 1103 837 1158 sui
853 1103 992 1160 interesse
1006 1102 1114 1176 proprii
1133 1103 1225 1176 quoad
1245 1105 1328 1160 aeter-

60 1190 187 1324 epp-epu.
201 1267 255 1322 hoc
270 1265 346 1320 statu
361 1263 456 1321 anime
470 1261 575 1319 amittit
589 1277 701 1318 omnem
718 1277 797 1336 spem
818 1262 863 1318 sui
885 1263 992 1336 proprii
1010 1264 1171 1321 interesse:
1186 1263 1236 1320 sed
1255 1280 1328 1320 nun-

62 1363 144 1421 quam
156 1346 262 1402 amittit
278 1345 310 1400 in
319 1343 400 1418 parte
412 1342 567 1415 superiori,
579 1340 609 1398 id
623 1343 668 1398 est
683 1342 713 1398 in
725 1342 787 1398 suis
802 1341 914 1399 actibus
931 1342 1048 1400 directis
1065 1345 1095 1400 et
1105 1344 1232 1414 intimis,
1248 1360 1327 1417 spem

62 1427 229 1502 perfectam,
244 1441 309 1497 quae
322 1423 367 1480 est
381 1421 556 1480 desiderium
567 1421 823 1478 desinteressatum
835 1422 1068 1494 promissionum.

66 1503 141 1580 ⁸12.
157 1522 283 1578 Director
300 1521 368 1575 tunc
391 1517 484 1592 potest
504 1515 572 1574 huic
591 1517 694 1574 anime
716 1516 898 1590 permittere,
920 1519 952 1574 ut
973 1518 1142 1593 simpliciter
1167 1520 1330 1592 acquiescet

61 1604 178 1694 jactura
190 1602 236 1657 sui
250 1599 360 1674 proprii
374 1599 526 1668 interesse,
542 1598 572 1654 et
581 1597 668 1670 iustae
680 1596 907 1653 condemnationi
922 1613 1007 1670 quem
1022 1597 1078 1656 sibi
1092 1602 1177 1658 abeo
1192 1599 1328 1656 indictum

64 1683 277 1819 crpprtpnsmor
291 1758 396 1818 Christi
410 1775 477 1832 pars
491 1759 523 1814 in
537 1773 621 1813 cruce
636 1772 693 1813 non
710 1757 930 1815 communicavit
951 1757 1091 1831 superiori
1109 1773 1178 1814 suas
1200 1758 1331 1815 involun-

64 1844 147 1901 taries
164 1840 406 1916 perturbationes.

97 1932 140 1988 lt.
155 1933 188 1986 ln
203 1928 340 1986 extremis
356 1926 573 2002 probationibus
590 1924 852 1999 propriificatione
868 1926 973 1983 amoris
991 1923 1024 1982 tit
1040 1926 1170 1999 quedem
1190 1925 1332 2000 separatio

65 2011 152 2084 partis
163 2008 322 2082 superioris
333 2007 436 2064 animur
449 2006 485 2062 ah
498 2004 659 2063 inferiori...
676 2006 708 2060 ln
721 2005 779 2060 iste
793 2005 973 2079 separatione
987 2007 1067 2063 ectus
1080 2007 1171 2080 pertis
1186 2005 1331 2062 inferioris

66 2089 229 2146 manenter
248 2087 364 2144 omnino
385 2101 459 2143 caeca
479 2088 508 2142 et
530 2084 724 2142 involuntaria
747 2085 974 2159 perturbatione,
987 2101 1053 2142 nam
1077 2086 1168 2142 totum
1190 2084 1265 2158 quod
1287 2087 1331 2142 est

66 2167 259 2226 voluntarium
271 2169 301 2224 et
312 2165 522 2235 intellectuale,
534 2166 579 2222 est
597 2165 686 2240 pertis
698 2165 864 2239 superioris.

97 2264 144 2321 15.
159 2262 307 2322 hfeditatio
320 2261 432 2318 constat
448 2261 618 2318 discursivis
630 2260 752 2328 actibus,
764 2261 813 2333 qui
829 2277 846 2317 e
863 2261 1033 2318 seinvicem
1048 2260 1133 2318 facile
1153 2260 1335 2332 distinguun-

67 2345 147 2402 tur...
172 2345 233 2400 lste
250 2342 415 2416 compositio
429 2344 545 2398 actuum
559 2340 786 2398 discursivorum
802 2343 831 2398 et
846 2342 1015 2398 reflexorum
1028 2343 1073 2398 est
1091 2341 1205 2415 propria
1222 2342 1351 2427 exercig

67 2425 141 2480 tatio
155 2421 263 2480 amoris
279 2422 449 2479 interesseti.

100 2509 150 2567 16.
168 2509 258 2566 Datur
280 2510 368 2566 status
392 2507 642 2582 contemplationis
663 2508 735 2566 adeo
759 2509 892 2566 sublimis
913 2509 1040 2581 adeoque
1059 2509 1206 2583 perfectae,
1231 2511 1263 2566 ut
1281 2508 1334 2566 det

68 2588 297 2648 habitualis:ita
308 2590 339 2646 ut
352 2589 466 2662 quoties
483 2589 579 2645 enima
595 2589 661 2645 ectu
682 2589 757 2659 orat,
783 2605 836 2646 sua
856 2590 946 2646 oratio
965 2590 1003 2648 sit
1020 2589 1256 2663 contemplativa,
1278 2605 1335 2645 non

69 2670 239 2728 discursive.
262 2671 340 2726 Tunc
360 2685 419 2726 non
438 2667 563 2742 amplius
585 2668 695 2740 indiget
717 2669 812 2726 redire
829 2668 865 2726 ad
885 2670 1097 2728 meditationem
1112 2671 1233 2742 ejusque
1254 2670 1335 2726 actus

70 2748 255 2807 methodicos.

103 2829 150 2888 f'l.
164 2829 274 2886 hnimae
297 2829 525 2903 contemplative
545 2828 695 2903 prirentur
716 2828 822 2886 intuitu
848 2826 997 2898 distincto,
1015 2829 1161 2897 sensibili,
1182 2830 1211 2886 et
1229 2829 1334 2886 reflexo

71 2912 139 2966 lesu
150 2908 254 2966 Christi
271 2909 383 2967 duobus
400 2909 577 2984 temporibus
592 2909 748 2966 diversis...
766 2908 877 2977 Primo,
900 2909 1056 2966 infervere
1080 2911 1216 2966 nascente
1239 2925 1338 2966 aarum

73 2989 354 3063 contemplationis...
376 2987 522 3059 Secundo,
542 2988 639 3046 anime
657 2989 764 3045 amittit
785 2988 922 3044 intuitum
945 2991 1011 3046 lesu
1033 2989 1140 3048 Christi
1158 2989 1188 3045 in
1203 2991 1338 3046 extremis

73 3069 299 3142 probationibus.

107 3155 153 3214 18.
167 3160 199 3214 ln
217 3157 295 3214 statu
305 3158 421 3231 passivo
435 3157 603 3214 exercentur
617 3173 716 3214 omnes
728 3156 849 3214 virtutes
866 3155 1025 3228 distinctae,
1040 3173 1098 3215 nou
1108 3157 1258 3229 cogitando
1265 3157 1340 3230 quod

76 3237 134 3294 sint
145 3237 277 3294 virtutes.
297 3240 330 3294 ln
348 3237 477 3311 quolibet
497 3238 640 3294 momento
653 3236 732 3294 eliud
750 3253 807 3294 non
825 3237 975 3309 cogitatur,
995 3254 1081 3311 quam
1102 3240 1195 3295 facere
1213 3237 1242 3294 id
1264 3237 1340 3310 quod

75 3318 151 3374 Deus
162 3317 239 3386 rult3
255 3318 285 3374 et
298 3333 376 3376 amor
385 3317 533 3392 zelotypus
544 3317 630 3374 simul
645 3317 747 3386 efficit,
765 3334 801 3373 ne
814 3317 878 3390 quis
889 3319 1012 3392 amplius
1032 3318 1087 3375 sibi
1100 3319 1234 3374 virtutem
1252 3317 1336 3384 velit,

77 3413 124 3453 nec
151 3413 277 3470 unquam
305 3398 343 3454 sit
363 3397 434 3454 adeo
458 3398 564 3454 virtuto
588 3397 741 3471 praeditus,
762 3413 847 3470 quam
868 3413 933 3454 cum
959 3398 1058 3455 virtuti
1084 3397 1209 3472 emplius
1235 3397 1338 3453 affixus

78 3491 130 3533 non
148 3479 204 3534 est.

109 3555 154 3612 19.
169 3559 268 3614 Potest
281 3557 338 3614 dici
353 3558 383 3614 in
397 3557 451 3614 hoe
466 3573 567 3626 sensu,
582 3557 656 3630 quod
664 3557 759 3614 anima
772 3557 889 3630 passiva
900 3557 929 3614 et
943 3557 1166 3615 desinteresseta
1181 3573 1232 3615 nec
1246 3557 1340 3630 ipsum

78 3651 201 3694 amorem
218 3637 283 3694 vult
298 3638 443 3712 amplius,
469 3640 611 3711 quatenus
629 3639 675 3694 est
692 3653 748 3720 ,sue
762 3637 897 3710 perfectio
916 3640 946 3694 et
960 3653 1013 3694 sua
1026 3637 1165 3709 felicitas,
1179 3637 1230 3696 sed
1249 3635 1342 3692 solum

78 3719 217 3788 qnatenus
228 3719 274 3774 est
284 3718 313 3775 id
323 3718 398 3791 quod
410 3721 484 3776 Deus
500 3717 611 3775 anobis
621 3718 692 3775 vult.

110 3803 371 3862 20.1ncontltendo
384 3805 489 3863 debent
503 3807 605 3862 enimae
627 3805 836 3863 transformatae
856 3820 910 3862 sua
927 3805 1041 3880 peccata
1059 3805 1211 3873 detestari,
1231 3805 1260 3858 et
1276 3817 1343 3859 con·

80 3882 213 3940 demnare
230 3902 276 3955 se,
295 3887 323 3942 et
340 3886 503 3943 desiderare
522 3885 719 3944 remissionem
742 3901 859 3942 suorum
872 3887 1066 3959 peccatorum,
1084 3903 1140 3942 non
1154 3886 1187 3940 ut
1199 3882 1341 3956 propriam

80 3962 305 4035 purificationem
325 3966 354 4022 et
367 3965 582 4036 liberationem,
599 3965 650 4024 sed
667 3968 700 4022 ut
712 3982 773 4023 rem
792 3981 877 4039 quem
893 3968 969 4024 Deus
988 3967 1064 4037 vult,
1082 3966 1111 4022 et
1125 3963 1189 4020 vult
1202 3977 1254 4018 nos
1268 3962 1344 4021 velle

80 4045 192 4117 propter
207 4061 289 4101 suam
302 4045 432 4116 gloriam.

82 4208 99 4264 h
112 4129 157 4189 21.
178 4131 279 4190 Sancti
292 4133 407 4206 mystici
421 4133 606 4192 excluserunt
624 4151 641 4192 a
658 4134 735 4191 statu
749 4133 909 4192 animarum
923 4132 1187 4191 transformatemm
1205 4133 1347 4189 exercita·

93 4209 170 4268 'ones
186 4213 336 4271 virtutum.

111 4289 157 4348 22.
174 4292 313 4362 Quemvis
336 4293 398 4351 haec
413 4293 542 4352 doctriua
556 4292 605 4369 lde
622 4309 702 4368 puro
716 4293 835 4368 omorel
851 4295 930 4352 esset
947 4291 1058 4367 puroet
1074 4289 1196 4364 simplex
1212 4291 1345 4366 perfectio

83 4371 244 4442 evangelice
258 4374 289 4430 in
303 4375 439 4432 universa
452 4373 604 4432 traditione
621 4372 785 4446 designata,
800 4374 910 4446 antiqui
929 4373 1059 4446 pastores
1081 4384 1138 4426 non
1152 4371 1347 4446 proponebant

84 4452 203 4590 pessinps
218 4453 400 4592 mutlpitudini
420 4455 565 4528 justorum
590 4453 647 4512 nisi
671 4454 807 4511 exercitia
826 4451 931 4512 amoris
955 4449 1118 4509 interessati
1137 4468 1234 4511 eorum
1249 4450 1347 4525 gratim

83 4544 167 4606 propo
195 4549 261 4591 rona
294 4579 301 4594 .
