<?xml version="1.0" encoding="UTF-8"?>
<!DOCTYPE html PUBLIC "-//W3C//DTD XHTML 1.0 Transitional//EN"
    "http://www.w3.org/TR/xhtml1/DTD/xhtml1-transitional.dtd">
<html xmlns="http://www.w3.org/1999/xhtml" xml:lang="en" lang="en">
 <head>
  <title>
</title>
<meta http-equiv="Content-Type" content="text/html;charset=utf-8" />
  <meta name='ocr-system' content='tesseract 3.04.00' />
  <meta name='ocr-capabilities' content='ocr_page ocr_carea ocr_par ocr_line ocrx_word'/>
</head>
<body>
  <div class='ocr_page' id='page_1' title='image "./compendiumtheol02gurygoog_0148.png"; bbox 0 0 3202 5020; ppageno 0'>
   <div class='ocr_carea' id='block_1_1' title="bbox 568 243 876 290">
    <p class='ocr_par' dir='ltr' id='par_1_1' title="bbox 568 243 876 290">
     <span class='ocr_line' id='line_1_1' title="bbox 568 243 876 290; baseline 0.003 -1"><span class='ocrx_word' id='word_1_1' title='bbox 568 243 612 289; x_wconf 84' lang='lat' dir='ltr'><strong>ott</strong></span> <span class='ocrx_word' id='word_1_2' title='bbox 636 243 876 290; x_wconf 67' lang='lat' dir='ltr'><strong>consolastis</strong></span> 
     </span>
    </p>
   </div>
   <div class='ocr_carea' id='block_1_2' title="bbox 564 447 885 521">
    <p class='ocr_par' dir='ltr' id='par_1_2' title="bbox 564 447 885 521">
     <span class='ocr_line' id='line_1_2' title="bbox 564 447 885 521; baseline 0.012 -13"><span class='ocrx_word' id='word_1_3' title='bbox 564 447 723 521; x_wconf 76' lang='lat' dir='ltr'><strong>QUARTA</strong></span> <span class='ocrx_word' id='word_1_4' title='bbox 752 449 885 512; x_wconf 86' lang='lat' dir='ltr'>THESIS</span> 
     </span>
    </p>
   </div>
   <div class='ocr_carea' id='block_1_3' title="bbox 79 599 1358 777">
    <p class='ocr_par' dir='ltr' id='par_1_3' title="bbox 79 599 1358 777">
     <span class='ocr_line' id='line_1_3' title="bbox 79 599 1358 689; baseline 0.003 -25"><span class='ocrx_word' id='word_1_5' title='bbox 79 601 165 664; x_wconf 78' lang='lat' dir='ltr'><strong>Licet</strong></span> <span class='ocrx_word' id='word_1_6' title='bbox 186 600 275 682; x_wconf 83' lang='lat' dir='ltr'><strong>sequi</strong></span> <span class='ocrx_word' id='word_1_7' title='bbox 292 600 462 682; x_wconf 82' lang='lat' dir='ltr'><em>opinionem</em></span> <span class='ocrx_word' id='word_1_8' title='bbox 483 619 548 661; x_wconf 86' lang='lat' dir='ltr'><strong>oere</strong></span> <span class='ocrx_word' id='word_1_9' title='bbox 568 608 598 661; x_wconf 89' lang='lat' dir='ltr'><strong>et</strong></span> <span class='ocrx_word' id='word_1_10' title='bbox 612 599 707 662; x_wconf 89' lang='lat' dir='ltr'><strong>solide</strong></span> <span class='ocrx_word' id='word_1_11' title='bbox 725 601 923 681; x_wconf 87' lang='lat' dir='ltr'><strong>probabilem,</strong></span> <span class='ocrx_word' id='word_1_12' title='bbox 940 602 1046 666; x_wconf 84' lang='lat' dir='ltr'><strong>relicta</strong></span> <span class='ocrx_word' id='word_1_13' title='bbox 1062 605 1170 668; x_wconf 86' lang='lat' dir='ltr'><strong>tutiore</strong></span> <span class='ocrx_word' id='word_1_14' title='bbox 1187 625 1270 688; x_wconf 86' lang='lat' dir='ltr'><strong>aque</strong></span> <span class='ocrx_word' id='word_1_15' title='bbox 1283 628 1358 689; x_wconf 89' lang='lat' dir='ltr'><strong>pro-</strong></span> 
     </span>
     <span class='ocr_line' id='line_1_4' title="bbox 160 687 1282 777; baseline 0.004 -25"><span class='ocrx_word' id='word_1_16' title='bbox 160 689 272 763; x_wconf 79' lang='lat' dir='ltr'><strong><em>babili,</em></strong></span> <span class='ocrx_word' id='word_1_17' title='bbox 286 689 334 751; x_wconf 87' lang='lat' dir='ltr'><strong>cel</strong></span> <span class='ocrx_word' id='word_1_18' title='bbox 344 690 435 750; x_wconf 82' lang='lat' dir='ltr'><strong>ettam</strong></span> <span class='ocrx_word' id='word_1_19' title='bbox 443 687 666 772; x_wconf 72' lang='lat' dir='ltr'><em>probabiliori,</em></span> <span class='ocrx_word' id='word_1_20' title='bbox 685 688 738 749; x_wconf 87' lang='lat' dir='ltr'><strong>ubi</strong></span> <span class='ocrx_word' id='word_1_21' title='bbox 753 690 789 751; x_wconf 91' lang='lat' dir='ltr'><strong>de</strong></span> <span class='ocrx_word' id='word_1_22' title='bbox 798 691 861 751; x_wconf 89' lang='lat' dir='ltr'><strong>solo</strong></span> <span class='ocrx_word' id='word_1_23' title='bbox 875 689 957 752; x_wconf 88' lang='lat' dir='ltr'><strong>lioito</strong></span> <span class='ocrx_word' id='word_1_24' title='bbox 965 738 975 769; x_wconf 92' lang='lat'><strong>,</strong></span> <span class='ocrx_word' id='word_1_25' title='bbox 989 692 1038 755; x_wconf 87' lang='lat' dir='ltr'><strong>ael</strong></span> <span class='ocrx_word' id='word_1_26' title='bbox 1048 693 1153 756; x_wconf 83' lang='lat' dir='ltr'><strong>illicito</strong></span> <span class='ocrx_word' id='word_1_27' title='bbox 1165 696 1282 777; x_wconf 81' lang='lat' dir='ltr'><strong>apitur.</strong></span> 
     </span>
    </p>
   </div>
   <div class='ocr_carea' id='block_1_4' title="bbox 85 842 1359 1102">
    <p class='ocr_par' dir='ltr' id='par_1_4' title="bbox 85 842 1359 1102">
     <span class='ocr_line' id='line_1_5' title="bbox 123 842 1359 930; baseline 0.002 -20"><span class='ocrx_word' id='word_1_28' title='bbox 123 849 195 910; x_wconf 77' lang='lat' dir='ltr'><strong>Hac</strong></span> <span class='ocrx_word' id='word_1_29' title='bbox 208 843 374 926; x_wconf 80' lang='lat' dir='ltr'><strong>propositio</strong></span> <span class='ocrx_word' id='word_1_30' title='bbox 386 842 498 923; x_wconf 82' lang='lat' dir='ltr'><strong>triplici</strong></span> <span class='ocrx_word' id='word_1_31' title='bbox 512 850 766 924; x_wconf 79' lang='lat' dir='ltr'><strong>argumentorum</strong></span> <span class='ocrx_word' id='word_1_32' title='bbox 780 863 886 924; x_wconf 79' lang='lat' dir='ltr'><strong>genere</strong></span> <span class='ocrx_word' id='word_1_33' title='bbox 901 846 1104 912; x_wconf 87' lang='lat' dir='ltr'><strong>demonstrari</strong></span> <span class='ocrx_word' id='word_1_34' title='bbox 1118 855 1232 930; x_wconf 90' lang='lat' dir='ltr'><strong>potest,</strong></span> <span class='ocrx_word' id='word_1_35' title='bbox 1247 850 1359 914; x_wconf 88' lang='lat' dir='ltr'><strong>scilieet</strong></span> 
     </span>
     <span class='ocr_line' id='line_1_6' title="bbox 85 932 1359 1020; baseline 0.004 -24"><span class='ocrx_word' id='word_1_36' title='bbox 85 941 117 996; x_wconf 87' lang='lat' dir='ltr'><strong>l⁰</strong></span> <span class='ocrx_word' id='word_1_37' title='bbox 140 953 179 996; x_wconf 89' lang='lat' dir='ltr'><strong>ex</strong></span> <span class='ocrx_word' id='word_1_38' title='bbox 199 933 333 1007; x_wconf 82' lang='lat' dir='ltr'><strong>ralione3</strong></span> <span class='ocrx_word' id='word_1_39' title='bbox 349 936 383 995; x_wconf 71' lang='lat'><strong>2⁰</strong></span> <span class='ocrx_word' id='word_1_40' title='bbox 407 951 444 994; x_wconf 83' lang='lat' dir='ltr'><strong>ex</strong></span> <span class='ocrx_word' id='word_1_41' title='bbox 466 932 660 1008; x_wconf 86' lang='lat' dir='ltr'><strong>auctoritate;</strong></span> <span class='ocrx_word' id='word_1_42' title='bbox 679 937 711 996; x_wconf 88' lang='grc'><strong>30</strong></span> <span class='ocrx_word' id='word_1_43' title='bbox 734 951 773 994; x_wconf 87' lang='lat' dir='ltr'><strong>ex</strong></span> <span class='ocrx_word' id='word_1_44' title='bbox 788 935 981 998; x_wconf 84' lang='lat' dir='ltr'><strong>consectariis</strong></span> <span class='ocrx_word' id='word_1_45' title='bbox 1000 955 1068 1018; x_wconf 81' lang='lat' dir='ltr'><strong>qua</strong></span> <span class='ocrx_word' id='word_1_46' title='bbox 1082 956 1120 1000; x_wconf 83' lang='lat' dir='ltr'><strong>ex</strong></span> <span class='ocrx_word' id='word_1_47' title='bbox 1133 937 1272 1020; x_wconf 84' lang='lat' dir='ltr'><strong>opposita</strong></span> <span class='ocrx_word' id='word_1_48' title='bbox 1290 959 1359 1001; x_wconf 90' lang='lat' dir='ltr'><strong>sen-</strong></span> 
     </span>
     <span class='ocr_line' id='line_1_7' title="bbox 86 1021 367 1102; baseline -0.014 -16"><span class='ocrx_word' id='word_1_49' title='bbox 86 1023 186 1086; x_wconf 89' lang='lat' dir='ltr'><strong>tentia</strong></span> <span class='ocrx_word' id='word_1_50' title='bbox 199 1021 367 1102; x_wconf 88' lang='lat' dir='ltr'><strong>profluunt.</strong></span> 
     </span>
    </p>
   </div>
   <div class='ocr_carea' id='block_1_5' title="bbox 437 1151 1014 1240">
    <p class='ocr_par' dir='ltr' id='par_1_5' title="bbox 437 1151 1014 1240">
     <span class='ocr_line' id='line_1_8' title="bbox 437 1151 1014 1240; baseline 0.009 -23"><span class='ocrx_word' id='word_1_51' title='bbox 437 1151 464 1217; x_wconf 92' lang='lat' dir='ltr'><strong>l.</strong></span> <span class='ocrx_word' id='word_1_52' title='bbox 478 1187 523 1202; x_wconf 92' lang='lat'>-</span> <span class='ocrx_word' id='word_1_53' title='bbox 536 1152 790 1240; x_wconf 80' lang='lat' dir='ltr'><strong>Arqumentum</strong></span> <span class='ocrx_word' id='word_1_54' title='bbox 808 1173 850 1220; x_wconf 80' lang='lat' dir='ltr'><strong>ea</strong></span> <span class='ocrx_word' id='word_1_55' title='bbox 867 1155 1014 1222; x_wconf 86' lang='lat' dir='ltr'><strong>ratione.</strong></span> 
     </span>
    </p>
   </div>
   <div class='ocr_carea' id='block_1_6' title="bbox 87 1321 1371 4594">
    <p class='ocr_par' dir='ltr' id='par_1_6' title="bbox 89 1321 1366 1759">
     <span class='ocr_line' id='line_1_9' title="bbox 131 1321 1363 1408; baseline 0.002 -20"><span class='ocrx_word' id='word_1_56' title='bbox 131 1328 184 1388; x_wconf 84' lang='lat'><strong>60.</strong></span> <span class='ocrx_word' id='word_1_57' title='bbox 198 1359 237 1368; x_wconf 92' lang='lat'>—</span> <span class='ocrx_word' id='word_1_58' title='bbox 250 1326 297 1386; x_wconf 88' lang='lat' dir='ltr'><strong>Ex</strong></span> <span class='ocrx_word' id='word_1_59' title='bbox 313 1321 431 1384; x_wconf 87' lang='lat' dir='ltr'><strong>ratione</strong></span> <span class='ocrx_word' id='word_1_60' title='bbox 451 1321 538 1400; x_wconf 82' lang='lat' dir='ltr'><strong>argui</strong></span> <span class='ocrx_word' id='word_1_61' title='bbox 555 1321 597 1384; x_wconf 89' lang='lat' dir='ltr'><strong>sio</strong></span> <span class='ocrx_word' id='word_1_62' title='bbox 611 1329 710 1404; x_wconf 89' lang='lat' dir='ltr'><strong>potest</strong></span> <span class='ocrx_word' id='word_1_63' title='bbox 724 1342 730 1383; x_wconf 94' lang='lat'>:</span> <span class='ocrx_word' id='word_1_64' title='bbox 742 1323 832 1385; x_wconf 91' lang='lat' dir='ltr'><strong>Nulla</strong></span> <span class='ocrx_word' id='word_1_65' title='bbox 845 1330 891 1386; x_wconf 92' lang='lat' dir='ltr'><strong>est</strong></span> <span class='ocrx_word' id='word_1_66' title='bbox 905 1323 1047 1404; x_wconf 85' lang='lat' dir='ltr'><strong>obligatio</strong></span> <span class='ocrx_word' id='word_1_67' title='bbox 1067 1327 1223 1390; x_wconf 82' lang='lat' dir='ltr'><strong>servanda</strong></span> <span class='ocrx_word' id='word_1_68' title='bbox 1240 1328 1315 1408; x_wconf 82' lang='lat' dir='ltr'><strong>legis</strong></span> <span class='ocrx_word' id='word_1_69' title='bbox 1326 1329 1363 1392; x_wconf 88' lang='lat' dir='ltr'><strong>de</strong></span> 
     </span>
     <span class='ocr_line' id='line_1_10' title="bbox 89 1410 1365 1494; baseline 0.004 -20"><span class='ocrx_word' id='word_1_70' title='bbox 89 1415 184 1494; x_wconf 84' lang='lat' dir='ltr'><strong>eujus</strong></span> <span class='ocrx_word' id='word_1_71' title='bbox 198 1411 375 1474; x_wconf 69' lang='lat' dir='ltr'><strong>exsistentia</strong></span> <span class='ocrx_word' id='word_1_72' title='bbox 388 1428 450 1472; x_wconf 91' lang='lat' dir='ltr'><strong>non</strong></span> <span class='ocrx_word' id='word_1_73' title='bbox 470 1417 549 1474; x_wconf 91' lang='lat' dir='ltr'><strong>certo</strong></span> <span class='ocrx_word' id='word_1_74' title='bbox 564 1417 697 1486; x_wconf 85' lang='lat' dir='ltr'><strong>constot;</strong></span> <span class='ocrx_word' id='word_1_75' title='bbox 712 1410 800 1492; x_wconf 89' lang='lat' dir='ltr'><strong>atqui</strong></span> <span class='ocrx_word' id='word_1_76' title='bbox 815 1429 876 1474; x_wconf 90' lang='lat' dir='ltr'><strong>non</strong></span> <span class='ocrx_word' id='word_1_77' title='bbox 891 1419 972 1475; x_wconf 87' lang='lat' dir='ltr'><strong>certo</strong></span> <span class='ocrx_word' id='word_1_78' title='bbox 991 1421 1110 1478; x_wconf 84' lang='lat' dir='ltr'><strong>constet</strong></span> <span class='ocrx_word' id='word_1_79' title='bbox 1129 1416 1165 1478; x_wconf 88' lang='lat' dir='ltr'><strong>de</strong></span> <span class='ocrx_word' id='word_1_80' title='bbox 1184 1415 1365 1479; x_wconf 72' lang='lat' dir='ltr'><strong>exsistentia</strong></span> 
     </span>
     <span class='ocr_line' id='line_1_11' title="bbox 91 1497 1364 1582; baseline 0.004 -19"><span class='ocrx_word' id='word_1_81' title='bbox 91 1501 169 1582; x_wconf 78' lang='lat' dir='ltr'><strong>legis</strong></span> <span class='ocrx_word' id='word_1_82' title='bbox 192 1505 294 1563; x_wconf 87' lang='lat' dir='ltr'><strong>contra</strong></span> <span class='ocrx_word' id='word_1_83' title='bbox 312 1517 406 1581; x_wconf 89' lang='lat' dir='ltr'><strong>quam</strong></span> <span class='ocrx_word' id='word_1_84' title='bbox 424 1497 540 1562; x_wconf 87' lang='lat' dir='ltr'><strong>militat</strong></span> <span class='ocrx_word' id='word_1_85' title='bbox 559 1519 630 1560; x_wconf 86' lang='lat' dir='ltr'><strong>vero</strong></span> <span class='ocrx_word' id='word_1_86' title='bbox 646 1505 677 1562; x_wconf 91' lang='lat' dir='ltr'><strong>et</strong></span> <span class='ocrx_word' id='word_1_87' title='bbox 695 1498 795 1561; x_wconf 89' lang='lat' dir='ltr'><strong>solido</strong></span> <span class='ocrx_word' id='word_1_88' title='bbox 807 1500 1015 1582; x_wconf 81' lang='lat' dir='ltr'><strong>probabilitas.</strong></span> <span class='ocrx_word' id='word_1_89' title='bbox 1033 1505 1111 1582; x_wconf 80' lang='lat' dir='ltr'><strong>Ergo</strong></span> <span class='ocrx_word' id='word_1_90' title='bbox 1129 1504 1214 1566; x_wconf 89' lang='lat' dir='ltr'><strong>nulla</strong></span> <span class='ocrx_word' id='word_1_91' title='bbox 1228 1510 1275 1567; x_wconf 86' lang='lat' dir='ltr'><strong>est</strong></span> <span class='ocrx_word' id='word_1_92' title='bbox 1288 1504 1364 1568; x_wconf 89' lang='lat' dir='ltr'><strong>obli-</strong></span> 
     </span>
     <span class='ocr_line' id='line_1_12' title="bbox 90 1587 1366 1673; baseline 0.002 -21"><span class='ocrx_word' id='word_1_93' title='bbox 90 1590 175 1670; x_wconf 82' lang='lat' dir='ltr'><strong>gatio</strong></span> <span class='ocrx_word' id='word_1_94' title='bbox 186 1589 332 1670; x_wconf 85' lang='lat' dir='ltr'><strong>sequendi</strong></span> <span class='ocrx_word' id='word_1_95' title='bbox 350 1593 468 1669; x_wconf 87' lang='lat' dir='ltr'><strong>partem</strong></span> <span class='ocrx_word' id='word_1_96' title='bbox 488 1588 643 1664; x_wconf 89' lang='lat' dir='ltr'><strong>tutiorem,</strong></span> <span class='ocrx_word' id='word_1_97' title='bbox 660 1587 766 1650; x_wconf 88' lang='lat' dir='ltr'><strong>relicta</strong></span> <span class='ocrx_word' id='word_1_98' title='bbox 783 1587 925 1669; x_wconf 90' lang='lat' dir='ltr'><strong>opinione</strong></span> <span class='ocrx_word' id='word_1_99' title='bbox 945 1608 1012 1653; x_wconf 86' lang='lat' dir='ltr'><strong>aere</strong></span> <span class='ocrx_word' id='word_1_100' title='bbox 1027 1591 1200 1673; x_wconf 89' lang='lat' dir='ltr'><strong>probabili;</strong></span> <span class='ocrx_word' id='word_1_101' title='bbox 1212 1610 1281 1672; x_wconf 84' lang='lat' dir='ltr'><strong>ergo</strong></span> <span class='ocrx_word' id='word_1_102' title='bbox 1294 1593 1366 1654; x_wconf 88' lang='lat' dir='ltr'><strong>lieet</strong></span> 
     </span>
     <span class='ocr_line' id='line_1_13' title="bbox 92 1675 1250 1759; baseline 0 -19"><span class='ocrx_word' id='word_1_103' title='bbox 92 1678 180 1759; x_wconf 90' lang='lat' dir='ltr'><strong>sequi</strong></span> <span class='ocrx_word' id='word_1_104' title='bbox 194 1677 370 1758; x_wconf 87' lang='lat' dir='ltr'><strong>opinionem</strong></span> <span class='ocrx_word' id='word_1_105' title='bbox 384 1695 450 1738; x_wconf 87' lang='lat' dir='ltr'><strong>vere</strong></span> <span class='ocrx_word' id='word_1_106' title='bbox 458 1675 662 1759; x_wconf 85' lang='lat' dir='ltr'><strong>probabilem,</strong></span> <span class='ocrx_word' id='word_1_107' title='bbox 677 1677 784 1739; x_wconf 87' lang='lat' dir='ltr'><strong>relicta</strong></span> <span class='ocrx_word' id='word_1_108' title='bbox 794 1677 919 1754; x_wconf 86' lang='lat' dir='ltr'><strong>tutiore,</strong></span> <span class='ocrx_word' id='word_1_109' title='bbox 935 1679 1026 1740; x_wconf 89' lang='lat' dir='ltr'><strong>etiam</strong></span> <span class='ocrx_word' id='word_1_110' title='bbox 1035 1679 1250 1759; x_wconf 74' lang='lat' dir='ltr'><strong>probabiliore.</strong></span> 
     </span>
    </p>

    <p class='ocr_par' dir='ltr' id='par_1_7' title="bbox 87 1764 1370 2556">
     <span class='ocr_line' id='line_1_14' title="bbox 134 1764 1363 1846; baseline 0.004 -18"><span class='ocrx_word' id='word_1_111' title='bbox 134 1769 159 1829; x_wconf 92' lang='lat'><strong>1.</strong></span> <span class='ocrx_word' id='word_1_112' title='bbox 182 1771 284 1830; x_wconf 78' lang='lat' dir='ltr'><strong>Merca</strong></span> <span class='ocrx_word' id='word_1_113' title='bbox 304 1783 470 1828; x_wconf 74' lang='lat' dir='ltr'><strong>rannerus.</strong></span> <span class='ocrx_word' id='word_1_114' title='bbox 486 1764 611 1827; x_wconf 86' lang='lat' dir='ltr'><strong>Etenim</strong></span> <span class='ocrx_word' id='word_1_115' title='bbox 626 1764 675 1827; x_wconf 84' lang='lat' dir='ltr'><strong>lex</strong></span> <span class='ocrx_word' id='word_1_116' title='bbox 688 1782 750 1827; x_wconf 90' lang='lat' dir='ltr'><strong>non</strong></span> <span class='ocrx_word' id='word_1_117' title='bbox 765 1771 866 1846; x_wconf 87' lang='lat' dir='ltr'><strong>potest</strong></span> <span class='ocrx_word' id='word_1_118' title='bbox 877 1767 1068 1830; x_wconf 81' lang='lat' dir='ltr'><strong>uoluntatem</strong></span> <span class='ocrx_word' id='word_1_119' title='bbox 1082 1767 1117 1829; x_wconf 91' lang='lat' dir='ltr'><strong>in</strong></span> <span class='ocrx_word' id='word_1_120' title='bbox 1130 1774 1201 1830; x_wconf 88' lang='lat' dir='ltr'><strong>actu</strong></span> <span class='ocrx_word' id='word_1_121' title='bbox 1215 1771 1363 1846; x_wconf 88' lang='lat' dir='ltr'><strong>seeundo,</strong></span> 
     </span>
     <span class='ocr_line' id='line_1_15' title="bbox 92 1851 1367 1936; baseline 0.002 -18"><span class='ocrx_word' id='word_1_122' title='bbox 92 1856 126 1918; x_wconf 89' lang='lat' dir='ltr'><strong>id</strong></span> <span class='ocrx_word' id='word_1_123' title='bbox 148 1863 209 1930; x_wconf 88' lang='lat' dir='ltr'><strong>est,</strong></span> <span class='ocrx_word' id='word_1_124' title='bbox 230 1854 370 1935; x_wconf 86' lang='lat' dir='ltr'><strong>proxime</strong></span> <span class='ocrx_word' id='word_1_125' title='bbox 393 1860 424 1916; x_wconf 89' lang='lat' dir='ltr'><strong>et</strong></span> <span class='ocrx_word' id='word_1_126' title='bbox 443 1852 620 1916; x_wconf 87' lang='lat' dir='ltr'><strong>immediate</strong></span> <span class='ocrx_word' id='word_1_127' title='bbox 644 1851 790 1932; x_wconf 83' lang='lat' dir='ltr'><strong>obligare,</strong></span> <span class='ocrx_word' id='word_1_128' title='bbox 805 1853 866 1916; x_wconf 87' lang='lat' dir='ltr'><strong>nisi</strong></span> <span class='ocrx_word' id='word_1_129' title='bbox 889 1853 917 1917; x_wconf 91' lang='lat' dir='ltr'><strong>ei</strong></span> <span class='ocrx_word' id='word_1_130' title='bbox 940 1862 1126 1936; x_wconf 87' lang='lat' dir='ltr'><strong>proponatur</strong></span> <span class='ocrx_word' id='word_1_131' title='bbox 1148 1863 1179 1918; x_wconf 91' lang='lat' dir='ltr'><strong>et</strong></span> <span class='ocrx_word' id='word_1_132' title='bbox 1200 1855 1367 1921; x_wconf 88' lang='lat' dir='ltr'><strong>intimetur</strong></span> 
     </span>
     <span class='ocr_line' id='line_1_16' title="bbox 94 1941 1365 2026; baseline 0.002 -20"><span class='ocrx_word' id='word_1_133' title='bbox 94 1944 190 2006; x_wconf 89' lang='lat' dir='ltr'><strong>etiam</strong></span> <span class='ocrx_word' id='word_1_134' title='bbox 213 1942 353 2024; x_wconf 85' lang='lat' dir='ltr'><strong>proxime</strong></span> <span class='ocrx_word' id='word_1_135' title='bbox 375 1949 407 2004; x_wconf 92' lang='lat' dir='ltr'><strong>et</strong></span> <span class='ocrx_word' id='word_1_136' title='bbox 427 1941 614 2004; x_wconf 88' lang='lat' dir='ltr'><strong>immediate.</strong></span> <span class='ocrx_word' id='word_1_137' title='bbox 640 1941 737 2022; x_wconf 81' lang='lat' dir='ltr'><strong>Atqui</strong></span> <span class='ocrx_word' id='word_1_138' title='bbox 757 1960 820 2004; x_wconf 90' lang='lat' dir='ltr'><strong>non</strong></span> <span class='ocrx_word' id='word_1_139' title='bbox 843 1942 888 2006; x_wconf 85' lang='lat' dir='ltr'><strong>ita</strong></span> <span class='ocrx_word' id='word_1_140' title='bbox 908 1944 1089 2026; x_wconf 85' lang='lat' dir='ltr'><strong>proponitur</strong></span> <span class='ocrx_word' id='word_1_141' title='bbox 1108 1951 1164 2007; x_wconf 90' lang='lat' dir='ltr'><strong>aut</strong></span> <span class='ocrx_word' id='word_1_142' title='bbox 1189 1944 1365 2021; x_wconf 86' lang='lat' dir='ltr'><strong>intimatur,</strong></span> 
     </span>
     <span class='ocr_line' id='line_1_17' title="bbox 95 2029 1368 2115; baseline 0.003 -21"><span class='ocrx_word' id='word_1_143' title='bbox 95 2032 156 2094; x_wconf 90' lang='lat' dir='ltr'><strong>nisi</strong></span> <span class='ocrx_word' id='word_1_144' title='bbox 177 2039 210 2095; x_wconf 84' lang='grc'><strong>10</strong></span> <span class='ocrx_word' id='word_1_145' title='bbox 228 2049 282 2112; x_wconf 85' lang='lat' dir='ltr'><strong>per</strong></span> <span class='ocrx_word' id='word_1_146' title='bbox 300 2029 524 2111; x_wconf 76' lang='lat' dir='ltr'><strong>cognitionem:</strong></span> <span class='ocrx_word' id='word_1_147' title='bbox 541 2029 625 2092; x_wconf 85' lang='lat' dir='ltr'><strong>nibil</strong></span> <span class='ocrx_word' id='word_1_148' title='bbox 638 2033 715 2092; x_wconf 84' lang='lat' dir='ltr'><strong>enim</strong></span> <span class='ocrx_word' id='word_1_149' title='bbox 731 2029 853 2093; x_wconf 79' lang='lat' dir='ltr'><strong>oolibam</strong></span> <span class='ocrx_word' id='word_1_150' title='bbox 872 2033 946 2113; x_wconf 83' lang='lat' dir='ltr'><strong>quin</strong></span> <span class='ocrx_word' id='word_1_151' title='bbox 970 2032 1066 2114; x_wconf 79' lang='lat' dir='ltr'><strong>fuerit</strong></span> <span class='ocrx_word' id='word_1_152' title='bbox 1082 2036 1318 2115; x_wconf 63' lang='lat' dir='ltr'><strong>praeoptabam</strong></span> <span class='ocrx_word' id='word_1_153' title='bbox 1337 2042 1368 2098; x_wconf 87' lang='lat' dir='ltr'><strong>et</strong></span> 
     </span>
     <span class='ocr_line' id='line_1_18' title="bbox 93 2119 1366 2201; baseline 0.003 -17"><span class='ocrx_word' id='word_1_154' title='bbox 93 2125 128 2184; x_wconf 73' lang='lat'><strong>2⁰</strong></span> <span class='ocrx_word' id='word_1_155' title='bbox 150 2139 206 2201; x_wconf 91' lang='lat' dir='ltr'><strong>per</strong></span> <span class='ocrx_word' id='word_1_156' title='bbox 233 2119 437 2200; x_wconf 78' lang='lat' dir='ltr'><strong>mgttitionem</strong></span> <span class='ocrx_word' id='word_1_157' title='bbox 460 2136 520 2200; x_wconf 90' lang='lat' dir='ltr'><strong>qua</strong></span> <span class='ocrx_word' id='word_1_158' title='bbox 543 2124 741 2198; x_wconf 81' lang='lat' dir='ltr'><strong>cognoscetur</strong></span> <span class='ocrx_word' id='word_1_159' title='bbox 763 2126 799 2182; x_wconf 89' lang='lat' dir='ltr'><strong>ut</strong></span> <span class='ocrx_word' id='word_1_160' title='bbox 826 2125 923 2196; x_wconf 78' lang='lat' dir='ltr'><strong>meta,</strong></span> <span class='ocrx_word' id='word_1_161' title='bbox 953 2140 1007 2184; x_wconf 88' lang='lat' dir='ltr'><strong>seu</strong></span> <span class='ocrx_word' id='word_1_162' title='bbox 1034 2128 1073 2184; x_wconf 90' lang='lat' dir='ltr'><strong>ut</strong></span> <span class='ocrx_word' id='word_1_163' title='bbox 1097 2128 1177 2184; x_wconf 82' lang='lat' dir='ltr'><strong>certo</strong></span> <span class='ocrx_word' id='word_1_164' title='bbox 1204 2123 1366 2188; x_wconf 85' lang='lat' dir='ltr'><strong>exsistens.</strong></span> 
     </span>
     <span class='ocr_line' id='line_1_19' title="bbox 94 2205 1370 2292; baseline 0.002 -19"><span class='ocrx_word' id='word_1_165' title='bbox 94 2215 251 2290; x_wconf 78' lang='lat' dir='ltr'><strong>Namque,</strong></span> <span class='ocrx_word' id='word_1_166' title='bbox 267 2207 392 2270; x_wconf 82' lang='lat' dir='ltr'><strong>athene</strong></span> <span class='ocrx_word' id='word_1_167' title='bbox 406 2205 497 2270; x_wconf 91' lang='lat' dir='ltr'><strong>aitS.</strong></span> <span class='ocrx_word' id='word_1_168' title='bbox 513 2206 581 2289; x_wconf 79' lang='lat' dir='ltr'><strong>Liq.</strong></span> <span class='ocrx_word' id='word_1_169' title='bbox 600 2206 620 2269; x_wconf 89' lang='lat' dir='ltr'><strong>i.</strong></span> <span class='ocrx_word' id='word_1_170' title='bbox 641 2209 670 2283; x_wconf 92' lang='lat' dir='ltr'><strong>I,</strong></span> <span class='ocrx_word' id='word_1_171' title='bbox 684 2227 715 2271; x_wconf 87' lang='lat' dir='ltr'><strong>u.</strong></span> <span class='ocrx_word' id='word_1_172' title='bbox 732 2211 786 2282; x_wconf 88' lang='lat'><strong>63,</strong></span> <span class='ocrx_word' id='word_1_173' title='bbox 806 2209 835 2270; x_wconf 87' lang='lat' dir='ltr'><strong>si</strong></span> <span class='ocrx_word' id='word_1_174' title='bbox 847 2209 1060 2292; x_wconf 77' lang='lat' dir='ltr'><strong>promulpatur</strong></span> <span class='ocrx_word' id='word_1_175' title='bbox 1078 2210 1128 2273; x_wconf 81' lang='lat' dir='ltr'><strong>lea</strong></span> <span class='ocrx_word' id='word_1_176' title='bbox 1146 2220 1181 2272; x_wconf 89' lang='lat' dir='ltr'><strong>ut</strong></span> <span class='ocrx_word' id='word_1_177' title='bbox 1196 2211 1287 2274; x_wconf 90' lang='lat' dir='ltr'><strong>dubia</strong></span> <span class='ocrx_word' id='word_1_178' title='bbox 1302 2220 1370 2274; x_wconf 85' lang='lat' dir='ltr'><strong>tan·</strong></span> 
     </span>
     <span class='ocr_line' id='line_1_20' title="bbox 95 2295 1370 2381; baseline 0.003 -21"><span class='ocrx_word' id='word_1_179' title='bbox 95 2308 173 2371; x_wconf 85' lang='lat' dir='ltr'><strong>tum,</strong></span> <span class='ocrx_word' id='word_1_180' title='bbox 200 2295 438 2378; x_wconf 67' lang='lat' dir='ltr'><strong>momulqabitur</strong></span> <span class='ocrx_word' id='word_1_181' title='bbox 460 2295 626 2358; x_wconf 74' lang='lat' dir='ltr'><strong>dumtaxat</strong></span> <span class='ocrx_word' id='word_1_182' title='bbox 645 2296 785 2376; x_wconf 83' lang='lat' dir='ltr'><strong>dubiam,</strong></span> <span class='ocrx_word' id='word_1_183' title='bbox 807 2298 924 2379; x_wconf 84' lang='lat' dir='ltr'><strong>opinio,</strong></span> <span class='ocrx_word' id='word_1_184' title='bbox 940 2302 1001 2360; x_wconf 87' lang='lat' dir='ltr'><strong>sice</strong></span> <span class='ocrx_word' id='word_1_185' title='bbox 1024 2303 1146 2381; x_wconf 82' lang='lat' dir='ltr'><strong>quaetio</strong></span> <span class='ocrx_word' id='word_1_186' title='bbox 1167 2320 1206 2360; x_wconf 87' lang='lat' dir='ltr'><strong>an</strong></span> <span class='ocrx_word' id='word_1_187' title='bbox 1226 2299 1303 2362; x_wconf 83' lang='lat' dir='ltr'><strong>adsit</strong></span> <span class='ocrx_word' id='word_1_188' title='bbox 1321 2301 1370 2364; x_wconf 77' lang='lat' dir='ltr'><strong>lea</strong></span> 
     </span>
     <span class='ocr_line' id='line_1_21' title="bbox 87 2384 1369 2470; baseline 0.002 -22"><span class='ocrx_word' id='word_1_189' title='bbox 87 2386 262 2468; x_wconf 73' lang='lat' dir='ltr'><strong>probibeat</strong></span> <span class='ocrx_word' id='word_1_190' title='bbox 272 2385 428 2456; x_wconf 83' lang='lat' dir='ltr'><strong>actionem,</strong></span> <span class='ocrx_word' id='word_1_191' title='bbox 443 2384 495 2446; x_wconf 89' lang='lat' dir='ltr'><strong>sed</strong></span> <span class='ocrx_word' id='word_1_192' title='bbox 510 2404 570 2446; x_wconf 84' lang='lat' dir='ltr'><strong>uon</strong></span> <span class='ocrx_word' id='word_1_193' title='bbox 583 2385 828 2467; x_wconf 75' lang='lat' dir='ltr'><strong>promulqabitur</strong></span> <span class='ocrx_word' id='word_1_194' title='bbox 843 2385 902 2448; x_wconf 81' lang='lat' dir='ltr'><strong>ier.</strong></span> <span class='ocrx_word' id='word_1_195' title='bbox 922 2387 1008 2463; x_wconf 88' lang='lat' dir='ltr'><strong>Quod</strong></span> <span class='ocrx_word' id='word_1_196' title='bbox 1021 2395 1125 2451; x_wconf 83' lang='lat' dir='ltr'><strong>nutem</strong></span> <span class='ocrx_word' id='word_1_197' title='bbox 1139 2389 1176 2450; x_wconf 89' lang='lat' dir='ltr'><strong>de</strong></span> <span class='ocrx_word' id='word_1_198' title='bbox 1196 2390 1369 2470; x_wconf 84' lang='lat' dir='ltr'><strong>promulga-</strong></span> 
     </span>
     <span class='ocr_line' id='line_1_22' title="bbox 94 2473 1087 2556; baseline 0.002 -20"><span class='ocrx_word' id='word_1_199' title='bbox 94 2475 179 2538; x_wconf 90' lang='lat' dir='ltr'><strong>tione</strong></span> <span class='ocrx_word' id='word_1_200' title='bbox 194 2473 285 2546; x_wconf 87' lang='lat' dir='ltr'><strong>dicit,</strong></span> <span class='ocrx_word' id='word_1_201' title='bbox 302 2473 445 2554; x_wconf 81' lang='lat' dir='ltr'><strong>perijure</strong></span> <span class='ocrx_word' id='word_1_202' title='bbox 459 2473 619 2536; x_wconf 82' lang='lat' dir='ltr'><strong>depotitio</strong></span> <span class='ocrx_word' id='word_1_203' title='bbox 632 2473 706 2553; x_wconf 80' lang='lat' dir='ltr'><strong>legis</strong></span> <span class='ocrx_word' id='word_1_204' title='bbox 720 2474 883 2538; x_wconf 86' lang='lat' dir='ltr'><strong>dicendum</strong></span> <span class='ocrx_word' id='word_1_205' title='bbox 898 2482 954 2538; x_wconf 88' lang='lat' dir='ltr'><strong>ost.</strong></span> <span class='ocrx_word' id='word_1_206' title='bbox 971 2479 1087 2556; x_wconf 82' lang='lat' dir='ltr'><strong>Ergo...</strong></span> 
     </span>
    </p>

    <p class='ocr_par' dir='ltr' id='par_1_8' title="bbox 87 2561 1371 3443">
     <span class='ocr_line' id='line_1_23' title="bbox 135 2561 1370 2648; baseline 0.002 -21"><span class='ocrx_word' id='word_1_207' title='bbox 135 2569 187 2627; x_wconf 80' lang='lat' dir='ltr'><strong>ct.</strong></span> <span class='ocrx_word' id='word_1_208' title='bbox 200 2597 244 2610; x_wconf 91' lang='lat'>-</span> <span class='ocrx_word' id='word_1_209' title='bbox 264 2562 428 2643; x_wconf 80' lang='lat' dir='ltr'><strong>Propositio</strong></span> <span class='ocrx_word' id='word_1_210' title='bbox 450 2561 648 2624; x_wconf 84' lang='lat' dir='ltr'><strong>confirmatur</strong></span> <span class='ocrx_word' id='word_1_211' title='bbox 671 2581 709 2624; x_wconf 89' lang='lat' dir='ltr'><strong>ex</strong></span> <span class='ocrx_word' id='word_1_212' title='bbox 729 2563 911 2627; x_wconf 77' lang='lat' dir='ltr'><strong>doctrinas.</strong></span> <span class='ocrx_word' id='word_1_213' title='bbox 929 2563 1063 2627; x_wconf 75' lang='lat' dir='ltr'><strong>Thomu.</strong></span> <span class='ocrx_word' id='word_1_214' title='bbox 1087 2565 1136 2630; x_wconf 89' lang='lat' dir='ltr'><strong>Sic</strong></span> <span class='ocrx_word' id='word_1_215' title='bbox 1155 2565 1240 2628; x_wconf 90' lang='lat' dir='ltr'><strong>enim</strong></span> <span class='ocrx_word' id='word_1_216' title='bbox 1258 2567 1370 2648; x_wconf 84' lang='lat' dir='ltr'><strong>ipsein</strong></span> 
     </span>
     <span class='ocr_line' id='line_1_24' title="bbox 96 2650 1369 2738; baseline 0.004 -26"><span class='ocrx_word' id='word_1_217' title='bbox 96 2652 208 2728; x_wconf 78' lang='lat' dir='ltr'><strong>Oetaei.</strong></span> <span class='ocrx_word' id='word_1_218' title='bbox 224 2651 313 2734; x_wconf 75' lang='lat' dir='ltr'><strong>nup.</strong></span> <span class='ocrx_word' id='word_1_219' title='bbox 330 2651 365 2714; x_wconf 88' lang='lat' dir='ltr'><strong>de</strong></span> <span class='ocrx_word' id='word_1_220' title='bbox 387 2651 518 2712; x_wconf 87' lang='lat' dir='ltr'><strong>Veritate</strong></span> <span class='ocrx_word' id='word_1_221' title='bbox 524 2697 534 2727; x_wconf 96' lang='lat'><strong>,</strong></span> <span class='ocrx_word' id='word_1_222' title='bbox 550 2659 655 2732; x_wconf 86' lang='lat' dir='ltr'><strong>quast.</strong></span> <span class='ocrx_word' id='word_1_223' title='bbox 673 2655 722 2726; x_wconf 79' lang='lat' dir='ltr'><strong>tt,</strong></span> <span class='ocrx_word' id='word_1_224' title='bbox 740 2663 800 2716; x_wconf 90' lang='lat' dir='ltr'><strong>art.</strong></span> <span class='ocrx_word' id='word_1_225' title='bbox 813 2656 832 2715; x_wconf 87' lang='lat'><strong>3</strong></span> <span class='ocrx_word' id='word_1_226' title='bbox 845 2669 851 2712; x_wconf 93' lang='lat'><strong>:</strong></span> <span class='ocrx_word' id='word_1_227' title='bbox 865 2650 980 2715; x_wconf 87' lang='lat' dir='ltr'><strong>Nullus</strong></span> <span class='ocrx_word' id='word_1_228' title='bbox 994 2654 1107 2735; x_wconf 80' lang='lat' dir='ltr'><strong>lipatur</strong></span> <span class='ocrx_word' id='word_1_229' title='bbox 1116 2675 1174 2736; x_wconf 88' lang='lat' dir='ltr'><strong>per</strong></span> <span class='ocrx_word' id='word_1_230' title='bbox 1184 2667 1369 2738; x_wconf 79' lang='lat' dir='ltr'><strong>praeoptem</strong></span> 
     </span>
     <span class='ocr_line' id='line_1_25' title="bbox 93 2739 1370 2828; baseline 0.002 -25"><span class='ocrx_word' id='word_1_231' title='bbox 93 2740 233 2823; x_wconf 75' lang='lat' dir='ltr'><strong>aliquod,</strong></span> <span class='ocrx_word' id='word_1_232' title='bbox 259 2741 318 2802; x_wconf 87' lang='lat' dir='ltr'><strong>nisi</strong></span> <span class='ocrx_word' id='word_1_233' title='bbox 339 2739 490 2803; x_wconf 85' lang='lat' dir='ltr'><strong>mediante</strong></span> <span class='ocrx_word' id='word_1_234' title='bbox 514 2739 642 2802; x_wconf 86' lang='lat' dir='ltr'><strong>seientia</strong></span> <span class='ocrx_word' id='word_1_235' title='bbox 664 2739 745 2801; x_wconf 88' lang='lat' dir='ltr'><strong>illius</strong></span> <span class='ocrx_word' id='word_1_236' title='bbox 764 2748 943 2823; x_wconf 80' lang='lat' dir='ltr'><strong>pracepit...</strong></span> <span class='ocrx_word' id='word_1_237' title='bbox 971 2741 1090 2804; x_wconf 80' lang='lat' dir='ltr'><strong>Eadem</strong></span> <span class='ocrx_word' id='word_1_238' title='bbox 1110 2745 1208 2805; x_wconf 87' lang='lat' dir='ltr'><strong>uirtus</strong></span> <span class='ocrx_word' id='word_1_239' title='bbox 1228 2753 1286 2816; x_wconf 87' lang='lat' dir='ltr'><strong>est,</strong></span> <span class='ocrx_word' id='word_1_240' title='bbox 1311 2765 1370 2828; x_wconf 86' lang='lat' dir='ltr'><strong>qua</strong></span> 
     </span>
     <span class='ocr_line' id='line_1_26' title="bbox 87 2829 1371 2916; baseline 0.003 -24"><span class='ocrx_word' id='word_1_241' title='bbox 87 2839 275 2914; x_wconf 75' lang='lat' dir='ltr'><strong>proseptum</strong></span> <span class='ocrx_word' id='word_1_242' title='bbox 297 2829 388 2911; x_wconf 82' lang='lat' dir='ltr'><strong>lipat,</strong></span> <span class='ocrx_word' id='word_1_243' title='bbox 410 2837 440 2891; x_wconf 88' lang='lat' dir='ltr'><strong>et</strong></span> <span class='ocrx_word' id='word_1_244' title='bbox 464 2847 523 2910; x_wconf 82' lang='lat' dir='ltr'><strong>qna</strong></span> <span class='ocrx_word' id='word_1_245' title='bbox 546 2829 737 2902; x_wconf 84' lang='lat' dir='ltr'><strong>conscientia,</strong></span> <span class='ocrx_word' id='word_1_246' title='bbox 761 2849 827 2890; x_wconf 88' lang='lat' dir='ltr'><strong>oum</strong></span> <span class='ocrx_word' id='word_1_247' title='bbox 845 2839 1030 2912; x_wconf 80' lang='lat' dir='ltr'><strong>praeoptem</strong></span> <span class='ocrx_word' id='word_1_248' title='bbox 1055 2851 1113 2891; x_wconf 84' lang='lat' dir='ltr'><strong>noa</strong></span> <span class='ocrx_word' id='word_1_249' title='bbox 1137 2831 1210 2913; x_wconf 69' lang='lat' dir='ltr'><strong>ltpet</strong></span> <span class='ocrx_word' id='word_1_250' title='bbox 1233 2833 1293 2894; x_wconf 81' lang='lat' dir='ltr'><strong>uisi</strong></span> <span class='ocrx_word' id='word_1_251' title='bbox 1315 2853 1371 2916; x_wconf 91' lang='lat' dir='ltr'><strong>per</strong></span> 
     </span>
     <span class='ocr_line' id='line_1_27' title="bbox 93 2916 1371 3003; baseline 0.005 -23"><span class='ocrx_word' id='word_1_252' title='bbox 93 2919 239 2980; x_wconf 86' lang='lat' dir='ltr'><strong>uirtutem</strong></span> <span class='ocrx_word' id='word_1_253' title='bbox 254 2919 397 2980; x_wconf 78' lang='lat' dir='ltr'><strong>seientia.</strong></span> <span class='ocrx_word' id='word_1_254' title='bbox 414 2918 501 2980; x_wconf 88' lang='lat' dir='ltr'><strong>Unde</strong></span> <span class='ocrx_word' id='word_1_255' title='bbox 521 2916 564 2978; x_wconf 89' lang='lat' dir='ltr'><strong>sic</strong></span> <span class='ocrx_word' id='word_1_256' title='bbox 581 2936 588 2978; x_wconf 88' lang='lat'>:</span> <span class='ocrx_word' id='word_1_257' title='bbox 605 2921 700 2980; x_wconf 90' lang='lat' dir='ltr'><strong>Nemo</strong></span> <span class='ocrx_word' id='word_1_258' title='bbox 715 2916 828 2996; x_wconf 84' lang='lat' dir='ltr'><strong>ligatur</strong></span> <span class='ocrx_word' id='word_1_259' title='bbox 842 2916 903 2979; x_wconf 89' lang='lat' dir='ltr'><strong>nisi</strong></span> <span class='ocrx_word' id='word_1_260' title='bbox 918 2917 1033 2980; x_wconf 82' lang='lat' dir='ltr'><strong>virtute</strong></span> <span class='ocrx_word' id='word_1_261' title='bbox 1047 2919 1194 2997; x_wconf 63' lang='lat' dir='ltr'><strong>seientia·</strong></span> <span class='ocrx_word' id='word_1_262' title='bbox 1213 2921 1316 3003; x_wconf 88' lang='lat' dir='ltr'><strong>atqui,</strong></span> <span class='ocrx_word' id='word_1_263' title='bbox 1333 2942 1371 2986; x_wconf 88' lang='lat' dir='ltr'><strong>ex</strong></span> 
     </span>
     <span class='ocr_line' id='line_1_28' title="bbox 94 3004 1367 3088; baseline 0.005 -19"><span class='ocrx_word' id='word_1_264' title='bbox 94 3007 131 3071; x_wconf 88' lang='lat' dir='ltr'><strong>S.</strong></span> <span class='ocrx_word' id='word_1_265' title='bbox 151 3005 280 3086; x_wconf 78' lang='lat' dir='ltr'><strong>Titania,</strong></span> <span class='ocrx_word' id='word_1_266' title='bbox 297 3005 386 3086; x_wconf 75' lang='lat' dir='ltr'><strong>ligari</strong></span> <span class='ocrx_word' id='word_1_267' title='bbox 401 3004 516 3068; x_wconf 87' lang='lat' dir='ltr'><strong>virtute</strong></span> <span class='ocrx_word' id='word_1_268' title='bbox 535 3005 668 3068; x_wconf 86' lang='lat' dir='ltr'><strong>seientia</strong></span> <span class='ocrx_word' id='word_1_269' title='bbox 680 3004 804 3086; x_wconf 88' lang='lat' dir='ltr'><strong>perinde</strong></span> <span class='ocrx_word' id='word_1_270' title='bbox 818 3011 865 3068; x_wconf 86' lang='lat' dir='ltr'><strong>est</strong></span> <span class='ocrx_word' id='word_1_271' title='bbox 879 3024 912 3069; x_wconf 87' lang='lat' dir='ltr'><strong>ao</strong></span> <span class='ocrx_word' id='word_1_272' title='bbox 926 3005 1015 3086; x_wconf 81' lang='lat' dir='ltr'><strong>ligari</strong></span> <span class='ocrx_word' id='word_1_273' title='bbox 1030 3007 1146 3071; x_wconf 77' lang='lat' dir='ltr'><strong>virtute</strong></span> <span class='ocrx_word' id='word_1_274' title='bbox 1157 3008 1367 3088; x_wconf 90' lang='lat' dir='ltr'><strong>certitudinis;</strong></span> 
     </span>
     <span class='ocr_line' id='line_1_29' title="bbox 92 3094 1369 3176; baseline 0.002 -18"><span class='ocrx_word' id='word_1_275' title='bbox 92 3095 223 3158; x_wconf 72' lang='lat' dir='ltr'><strong>mando</strong></span> <span class='ocrx_word' id='word_1_276' title='bbox 244 3094 344 3170; x_wconf 89' lang='lat' dir='ltr'><strong>enim,</strong></span> <span class='ocrx_word' id='word_1_277' title='bbox 357 3096 448 3175; x_wconf 89' lang='lat' dir='ltr'><strong>juxta</strong></span> <span class='ocrx_word' id='word_1_278' title='bbox 470 3099 661 3156; x_wconf 83' lang='lat' dir='ltr'><strong>constantem</strong></span> <span class='ocrx_word' id='word_1_279' title='bbox 686 3095 751 3176; x_wconf 86' lang='lat' dir='ltr'><strong>ejus</strong></span> <span class='ocrx_word' id='word_1_280' title='bbox 774 3094 959 3170; x_wconf 86' lang='lat' dir='ltr'><strong>doctrinam,</strong></span> <span class='ocrx_word' id='word_1_281' title='bbox 980 3101 1011 3158; x_wconf 89' lang='lat' dir='ltr'><strong>et</strong></span> <span class='ocrx_word' id='word_1_282' title='bbox 1033 3097 1214 3161; x_wconf 88' lang='lat' dir='ltr'><strong>unanimem</strong></span> <span class='ocrx_word' id='word_1_283' title='bbox 1238 3098 1369 3162; x_wconf 90' lang='lat' dir='ltr'><strong>aliorum</strong></span> 
     </span>
     <span class='ocr_line' id='line_1_30' title="bbox 93 3181 1369 3268; baseline 0.002 -20"><span class='ocrx_word' id='word_1_284' title='bbox 93 3187 260 3248; x_wconf 83' lang='lat' dir='ltr'><strong>Doctorum</strong></span> <span class='ocrx_word' id='word_1_285' title='bbox 275 3201 473 3258; x_wconf 91' lang='lat' dir='ltr'><strong>consensum,</strong></span> <span class='ocrx_word' id='word_1_286' title='bbox 491 3181 653 3264; x_wconf 87' lang='lat' dir='ltr'><strong>opponitur</strong></span> <span class='ocrx_word' id='word_1_287' title='bbox 667 3182 815 3264; x_wconf 73' lang='lat' dir='ltr'><strong>opinioni,</strong></span> <span class='ocrx_word' id='word_1_288' title='bbox 832 3182 912 3246; x_wconf 90' lang='lat' dir='ltr'><strong>siout</strong></span> <span class='ocrx_word' id='word_1_289' title='bbox 930 3191 1048 3246; x_wconf 86' lang='lat' dir='ltr'><strong>certam</strong></span> <span class='ocrx_word' id='word_1_290' title='bbox 1067 3185 1182 3249; x_wconf 83' lang='lat' dir='ltr'><strong>incerto</strong></span> <span class='ocrx_word' id='word_1_291' title='bbox 1205 3187 1369 3268; x_wconf 85' lang='lat' dir='ltr'><strong>opponitur</strong></span> 
     </span>
     <span class='ocr_line' id='line_1_31' title="bbox 92 3271 1370 3356; baseline -0.001 -19"><span class='ocrx_word' id='word_1_292' title='bbox 92 3275 140 3353; x_wconf 65' lang='grc' dir='ltr'><strong>(Ξ.</strong></span> <span class='ocrx_word' id='word_1_293' title='bbox 158 3276 203 3348; x_wconf 69' lang='grc'><strong>9.,</strong></span> <span class='ocrx_word' id='word_1_294' title='bbox 220 3292 249 3354; x_wconf 86' lang='lat' dir='ltr'><strong>q.</strong></span> <span class='ocrx_word' id='word_1_295' title='bbox 263 3278 296 3348; x_wconf 89' lang='lat' dir='ltr'><strong>l,</strong></span> <span class='ocrx_word' id='word_1_296' title='bbox 313 3281 373 3336; x_wconf 89' lang='lat' dir='ltr'><strong>art.</strong></span> <span class='ocrx_word' id='word_1_297' title='bbox 390 3276 424 3348; x_wconf 86' lang='lat'><strong>5,</strong></span> <span class='ocrx_word' id='word_1_298' title='bbox 436 3271 477 3334; x_wconf 91' lang='lat' dir='ltr'><strong>ad</strong></span> <span class='ocrx_word' id='word_1_299' title='bbox 489 3275 529 3348; x_wconf 76' lang='lat' dir='ltr'><strong>i).</strong></span> <span class='ocrx_word' id='word_1_300' title='bbox 551 3273 628 3350; x_wconf 79' lang='lat' dir='ltr'><strong>Ergo</strong></span> <span class='ocrx_word' id='word_1_301' title='bbox 649 3289 740 3334; x_wconf 92' lang='lat' dir='ltr'><strong>nemo</strong></span> <span class='ocrx_word' id='word_1_302' title='bbox 758 3271 871 3352; x_wconf 79' lang='lat' dir='ltr'><strong>ligatur</strong></span> <span class='ocrx_word' id='word_1_303' title='bbox 888 3280 1049 3354; x_wconf 87' lang='lat' dir='ltr'><strong>praecepto,</strong></span> <span class='ocrx_word' id='word_1_304' title='bbox 1066 3274 1129 3336; x_wconf 93' lang='lat' dir='ltr'><strong>nisi</strong></span> <span class='ocrx_word' id='word_1_305' title='bbox 1146 3274 1206 3356; x_wconf 91' lang='lat' dir='ltr'><strong>ipsi</strong></span> <span class='ocrx_word' id='word_1_306' title='bbox 1225 3284 1306 3338; x_wconf 86' lang='lat' dir='ltr'><strong>certa</strong></span> <span class='ocrx_word' id='word_1_307' title='bbox 1328 3274 1370 3336; x_wconf 89' lang='lat' dir='ltr'><strong>sit</strong></span> 
     </span>
     <span class='ocr_line' id='line_1_32' title="bbox 91 3360 440 3443; baseline -0.011 -17"><span class='ocrx_word' id='word_1_308' title='bbox 91 3360 237 3443; x_wconf 76' lang='lat' dir='ltr'><strong>precepti</strong></span> <span class='ocrx_word' id='word_1_309' title='bbox 251 3360 440 3424; x_wconf 81' lang='lat' dir='ltr'><strong>exsistentia.</strong></span> 
     </span>
    </p>

    <p class='ocr_par' dir='ltr' id='par_1_9' title="bbox 88 3450 1368 3973">
     <span class='ocr_line' id='line_1_33' title="bbox 135 3450 1367 3532; baseline 0 -18"><span class='ocrx_word' id='word_1_310' title='bbox 135 3453 188 3514; x_wconf 66' lang='lat'><strong>62.</strong></span> <span class='ocrx_word' id='word_1_311' title='bbox 200 3485 241 3495; x_wconf 92' lang='lat'>—</span> <span class='ocrx_word' id='word_1_312' title='bbox 254 3451 291 3512; x_wconf 93' lang='lat' dir='ltr'><strong>II.</strong></span> <span class='ocrx_word' id='word_1_313' title='bbox 314 3454 415 3514; x_wconf 85' lang='lat' dir='ltr'><strong>Mmoa</strong></span> <span class='ocrx_word' id='word_1_314' title='bbox 435 3467 600 3524; x_wconf 76' lang='lat' dir='ltr'><strong>enoaarua,</strong></span> <span class='ocrx_word' id='word_1_315' title='bbox 617 3467 727 3529; x_wconf 86' lang='lat' dir='ltr'><strong>nempe</strong></span> <span class='ocrx_word' id='word_1_316' title='bbox 741 3467 802 3510; x_wconf 86' lang='lat' dir='ltr'><strong>non</strong></span> <span class='ocrx_word' id='word_1_317' title='bbox 815 3457 894 3511; x_wconf 83' lang='lat' dir='ltr'><strong>certo</strong></span> <span class='ocrx_word' id='word_1_318' title='bbox 909 3459 1025 3512; x_wconf 83' lang='lat' dir='ltr'><strong>constat</strong></span> <span class='ocrx_word' id='word_1_319' title='bbox 1039 3450 1075 3512; x_wconf 91' lang='lat' dir='ltr'><strong>de</strong></span> <span class='ocrx_word' id='word_1_320' title='bbox 1088 3451 1264 3514; x_wconf 70' lang='lat' dir='ltr'><strong>exsistentia</strong></span> <span class='ocrx_word' id='word_1_321' title='bbox 1283 3451 1367 3532; x_wconf 79' lang='lat' dir='ltr'><strong>lepte,</strong></span> 
     </span>
     <span class='ocr_line' id='line_1_34' title="bbox 91 3536 1367 3621; baseline 0 -20"><span class='ocrx_word' id='word_1_322' title='bbox 91 3549 304 3621; x_wconf 76' lang='lat' dir='ltr'><strong>contraquam</strong></span> <span class='ocrx_word' id='word_1_323' title='bbox 323 3539 438 3600; x_wconf 87' lang='lat' dir='ltr'><strong>militat</strong></span> <span class='ocrx_word' id='word_1_324' title='bbox 454 3557 523 3601; x_wconf 87' lang='lat' dir='ltr'><strong>cera</strong></span> <span class='ocrx_word' id='word_1_325' title='bbox 537 3549 565 3599; x_wconf 91' lang='lat' dir='ltr'><strong>et</strong></span> <span class='ocrx_word' id='word_1_326' title='bbox 578 3537 677 3599; x_wconf 88' lang='lat' dir='ltr'><strong>solido</strong></span> <span class='ocrx_word' id='word_1_327' title='bbox 690 3536 901 3619; x_wconf 86' lang='lat' dir='ltr'><strong>probabilitas.</strong></span> <span class='ocrx_word' id='word_1_328' title='bbox 924 3539 1124 3603; x_wconf 86' lang='lat' dir='ltr'><strong>Probabilitas</strong></span> <span class='ocrx_word' id='word_1_329' title='bbox 1142 3541 1242 3615; x_wconf 89' lang='lat' dir='ltr'><strong>enim,</strong></span> <span class='ocrx_word' id='word_1_330' title='bbox 1259 3539 1367 3601; x_wconf 84' lang='lat' dir='ltr'><strong>saltem</strong></span> 
     </span>
     <span class='ocr_line' id='line_1_35' title="bbox 89 3625 1367 3708; baseline -0.002 -19"><span class='ocrx_word' id='word_1_331' title='bbox 89 3647 167 3690; x_wconf 73' lang='lat' dir='ltr'><strong>vera</strong></span> <span class='ocrx_word' id='word_1_332' title='bbox 189 3634 220 3690; x_wconf 92' lang='lat' dir='ltr'><strong>et</strong></span> <span class='ocrx_word' id='word_1_333' title='bbox 243 3627 351 3701; x_wconf 88' lang='lat' dir='ltr'><strong>solida,</strong></span> <span class='ocrx_word' id='word_1_334' title='bbox 377 3646 449 3689; x_wconf 89' lang='lat' dir='ltr'><strong>eum</strong></span> <span class='ocrx_word' id='word_1_335' title='bbox 469 3645 559 3706; x_wconf 79' lang='lat' dir='ltr'><strong>grave</strong></span> <span class='ocrx_word' id='word_1_336' title='bbox 582 3626 715 3708; x_wconf 75' lang='lat' dir='ltr'><strong>praebeat</strong></span> <span class='ocrx_word' id='word_1_337' title='bbox 737 3625 892 3688; x_wconf 84' lang='lat' dir='ltr'><strong>motivum</strong></span> <span class='ocrx_word' id='word_1_338' title='bbox 915 3626 1095 3705; x_wconf 87' lang='lat' dir='ltr'><strong>dubitandi,</strong></span> <span class='ocrx_word' id='word_1_339' title='bbox 1120 3646 1244 3708; x_wconf 78' lang='lat' dir='ltr'><strong>gravem</strong></span> <span class='ocrx_word' id='word_1_340' title='bbox 1272 3626 1367 3690; x_wconf 88' lang='lat' dir='ltr'><strong>etiam</strong></span> 
     </span>
     <span class='ocr_line' id='line_1_36' title="bbox 89 3714 1368 3793; baseline -0.002 -14"><span class='ocrx_word' id='word_1_341' title='bbox 89 3733 200 3780; x_wconf 66' lang='lat' dir='ltr'><strong>mcum</strong></span> <span class='ocrx_word' id='word_1_342' title='bbox 227 3715 316 3778; x_wconf 83' lang='lat' dir='ltr'><strong>affert</strong></span> <span class='ocrx_word' id='word_1_343' title='bbox 342 3715 464 3778; x_wconf 81' lang='lat' dir='ltr'><strong>errmtdi</strong></span> <span class='ocrx_word' id='word_1_344' title='bbox 492 3714 702 3788; x_wconf 87' lang='lat' dir='ltr'><strong>lonnidinem;</strong></span> <span class='ocrx_word' id='word_1_345' title='bbox 733 3733 802 3793; x_wconf 85' lang='lat' dir='ltr'><strong>ergo</strong></span> <span class='ocrx_word' id='word_1_346' title='bbox 831 3714 1011 3778; x_wconf 80' lang='lat' dir='ltr'><strong>certitudini</strong></span> <span class='ocrx_word' id='word_1_347' title='bbox 1038 3715 1178 3791; x_wconf 85' lang='lat' dir='ltr'><strong>cuilibet,</strong></span> <span class='ocrx_word' id='word_1_348' title='bbox 1204 3716 1298 3778; x_wconf 89' lang='lat' dir='ltr'><strong>etiam</strong></span> <span class='ocrx_word' id='word_1_349' title='bbox 1320 3714 1368 3777; x_wconf 91' lang='lat' dir='ltr'><strong>illi</strong></span> 
     </span>
     <span class='ocr_line' id='line_1_37' title="bbox 88 3802 1365 3886; baseline -0.001 -19"><span class='ocrx_word' id='word_1_350' title='bbox 88 3821 191 3886; x_wconf 86' lang='lat' dir='ltr'><strong>quam</strong></span> <span class='ocrx_word' id='word_1_351' title='bbox 206 3822 297 3884; x_wconf 90' lang='lat' dir='ltr'><strong>supra</strong></span> <span class='ocrx_word' id='word_1_352' title='bbox 309 3805 356 3884; x_wconf 83' lang='lat'><strong>(11.</strong></span> <span class='ocrx_word' id='word_1_353' title='bbox 375 3805 429 3885; x_wconf 78' lang='lat'><strong>59)</strong></span> <span class='ocrx_word' id='word_1_354' title='bbox 444 3803 663 3885; x_wconf 83' lang='lat' dir='ltr'><strong>appellavimus</strong></span> <span class='ocrx_word' id='word_1_355' title='bbox 675 3803 770 3865; x_wconf 86' lang='lat' dir='ltr'><strong>lutam</strong></span> <span class='ocrx_word' id='word_1_356' title='bbox 784 3802 1002 3866; x_wconf 86' lang='lat' dir='ltr'><strong>certitudinem</strong></span> <span class='ocrx_word' id='word_1_357' title='bbox 1015 3806 1172 3879; x_wconf 86' lang='lat' dir='ltr'><strong>moralem,</strong></span> <span class='ocrx_word' id='word_1_358' title='bbox 1189 3803 1365 3884; x_wconf 88' lang='lat' dir='ltr'><strong>opponitur,</strong></span> 
     </span>
     <span class='ocr_line' id='line_1_38' title="bbox 89 3892 687 3973; baseline -0.005 -17"><span class='ocrx_word' id='word_1_359' title='bbox 89 3911 226 3973; x_wconf 86' lang='lat' dir='ltr'><strong>eamque</strong></span> <span class='ocrx_word' id='word_1_360' title='bbox 239 3892 382 3964; x_wconf 84' lang='lat' dir='ltr'><strong>excludit.</strong></span> <span class='ocrx_word' id='word_1_361' title='bbox 398 3896 514 3973; x_wconf 84' lang='lat' dir='ltr'><strong>Ergo...</strong></span> <span class='ocrx_word' id='word_1_362' title='bbox 684 3959 687 3968; x_wconf 57' lang='grc'><strong>,</strong></span> 
     </span>
    </p>

    <p class='ocr_par' dir='ltr' id='par_1_10' title="bbox 87 3980 1370 4594">
     <span class='ocr_line' id='line_1_39' title="bbox 135 3980 1368 4064; baseline -0.001 -19"><span class='ocrx_word' id='word_1_363' title='bbox 135 3984 294 4056; x_wconf 74' lang='lat' dir='ltr'><strong>Psaterea,</strong></span> <span class='ocrx_word' id='word_1_364' title='bbox 319 3981 393 4062; x_wconf 82' lang='lat' dir='ltr'><strong>legis</strong></span> <span class='ocrx_word' id='word_1_365' title='bbox 416 3980 606 4058; x_wconf 82' lang='lat' dir='ltr'><strong>exsistentia,</strong></span> <span class='ocrx_word' id='word_1_366' title='bbox 623 4001 691 4064; x_wconf 81' lang='lat' dir='ltr'><strong>qua</strong></span> <span class='ocrx_word' id='word_1_367' title='bbox 710 4001 748 4044; x_wconf 83' lang='lat' dir='ltr'><strong>ox</strong></span> <span class='ocrx_word' id='word_1_368' title='bbox 766 3980 852 4062; x_wconf 80' lang='lat' dir='ltr'><strong>grati</strong></span> <span class='ocrx_word' id='word_1_369' title='bbox 872 3983 987 4046; x_wconf 83' lang='lat' dir='ltr'><strong>motivo</strong></span> <span class='ocrx_word' id='word_1_370' title='bbox 1006 3983 1101 4046; x_wconf 88' lang='lat' dir='ltr'><strong>dubia</strong></span> <span class='ocrx_word' id='word_1_371' title='bbox 1118 3987 1178 4053; x_wconf 91' lang='lat' dir='ltr'><strong>est,</strong></span> <span class='ocrx_word' id='word_1_372' title='bbox 1195 3980 1229 4042; x_wconf 88' lang='lat' dir='ltr'><strong>in</strong></span> <span class='ocrx_word' id='word_1_373' title='bbox 1248 3999 1280 4042; x_wconf 89' lang='lat' dir='ltr'><strong>se</strong></span> <span class='ocrx_word' id='word_1_374' title='bbox 1299 3999 1368 4044; x_wconf 85' lang='lat' dir='ltr'><strong>vere</strong></span> 
     </span>
     <span class='ocr_line' id='line_1_40' title="bbox 88 4068 1368 4151; baseline 0 -19"><span class='ocrx_word' id='word_1_375' title='bbox 88 4071 268 4150; x_wconf 84' lang='lat' dir='ltr'><strong>ignoratur,</strong></span> <span class='ocrx_word' id='word_1_376' title='bbox 284 4069 347 4133; x_wconf 88' lang='lat' dir='ltr'><strong>imo</strong></span> <span class='ocrx_word' id='word_1_377' title='bbox 359 4069 519 4150; x_wconf 85' lang='lat' dir='ltr'><strong>ignoratur</strong></span> <span class='ocrx_word' id='word_1_378' title='bbox 532 4069 706 4150; x_wconf 75' lang='lat' dir='ltr'><strong>ignorantia</strong></span> <span class='ocrx_word' id='word_1_379' title='bbox 725 4068 916 4146; x_wconf 79' lang='lat' dir='ltr'><strong>invincibili3</strong></span> <span class='ocrx_word' id='word_1_380' title='bbox 942 4089 1012 4151; x_wconf 85' lang='lat' dir='ltr'><strong>ergo</strong></span> <span class='ocrx_word' id='word_1_381' title='bbox 1026 4072 1062 4133; x_wconf 87' lang='lat' dir='ltr'><strong>de</strong></span> <span class='ocrx_word' id='word_1_382' title='bbox 1081 4089 1115 4132; x_wconf 93' lang='lat' dir='ltr'><strong>ea</strong></span> <span class='ocrx_word' id='word_1_383' title='bbox 1129 4087 1190 4130; x_wconf 92' lang='lat' dir='ltr'><strong>non</strong></span> <span class='ocrx_word' id='word_1_384' title='bbox 1205 4075 1285 4131; x_wconf 84' lang='lat' dir='ltr'><strong>certo</strong></span> <span class='ocrx_word' id='word_1_385' title='bbox 1299 4087 1368 4132; x_wconf 88' lang='lat' dir='ltr'><strong>con·</strong></span> 
     </span>
     <span class='ocr_line' id='line_1_41' title="bbox 90 4157 1370 4240; baseline 0 -20"><span class='ocrx_word' id='word_1_386' title='bbox 90 4165 170 4221; x_wconf 85' lang='lat' dir='ltr'><strong>stat.</strong></span> <span class='ocrx_word' id='word_1_387' title='bbox 188 4157 281 4220; x_wconf 89' lang='lat' dir='ltr'><strong>Prob.</strong></span> <span class='ocrx_word' id='word_1_388' title='bbox 298 4168 391 4222; x_wconf 84' lang='lat' dir='ltr'><strong>anteo.</strong></span> <span class='ocrx_word' id='word_1_389' title='bbox 403 4163 541 4240; x_wconf 89' lang='lat' dir='ltr'><strong>Namque</strong></span> <span class='ocrx_word' id='word_1_390' title='bbox 554 4157 744 4238; x_wconf 79' lang='lat' dir='ltr'><strong>ignorantia,</strong></span> <span class='ocrx_word' id='word_1_391' title='bbox 761 4177 853 4220; x_wconf 87' lang='lat' dir='ltr'><strong>sensu</strong></span> <span class='ocrx_word' id='word_1_392' title='bbox 863 4158 972 4221; x_wconf 89' lang='lat' dir='ltr'><strong>saltem</strong></span> <span class='ocrx_word' id='word_1_393' title='bbox 982 4157 1159 4236; x_wconf 77' lang='lat' dir='ltr'><strong>theologico,</strong></span> <span class='ocrx_word' id='word_1_394' title='bbox 1176 4163 1223 4219; x_wconf 91' lang='lat' dir='ltr'><strong>est</strong></span> <span class='ocrx_word' id='word_1_395' title='bbox 1236 4158 1370 4220; x_wconf 87' lang='lat' dir='ltr'><strong>carentia</strong></span> 
     </span>
     <span class='ocr_line' id='line_1_42' title="bbox 87 4245 1368 4328; baseline -0.001 -18"><span class='ocrx_word' id='word_1_396' title='bbox 87 4246 246 4323; x_wconf 68' lang='lat' dir='ltr'><strong>scientim</strong></span> <span class='ocrx_word' id='word_1_397' title='bbox 263 4253 308 4322; x_wconf 87' lang='lat' dir='ltr'><strong>et,</strong></span> <span class='ocrx_word' id='word_1_398' title='bbox 325 4253 402 4310; x_wconf 89' lang='lat' dir='ltr'><strong>teste</strong></span> <span class='ocrx_word' id='word_1_399' title='bbox 416 4251 447 4311; x_wconf 89' lang='lat' dir='ltr'><strong>S.</strong></span> <span class='ocrx_word' id='word_1_400' title='bbox 463 4245 582 4309; x_wconf 82' lang='lat' dir='ltr'><strong>Thomu</strong></span> <span class='ocrx_word' id='word_1_401' title='bbox 594 4250 638 4326; x_wconf 70' lang='lat' dir='ltr'><strong>(i.</strong></span> <span class='ocrx_word' id='word_1_402' title='bbox 660 4251 703 4320; x_wconf 67' lang='lat' dir='ltr'><strong>i„</strong></span> <span class='ocrx_word' id='word_1_403' title='bbox 720 4268 751 4328; x_wconf 90' lang='lat' dir='ltr'><strong>q.</strong></span> <span class='ocrx_word' id='word_1_404' title='bbox 772 4252 806 4323; x_wconf 86' lang='lat' dir='ltr'><strong>l,</strong></span> <span class='ocrx_word' id='word_1_405' title='bbox 823 4256 883 4310; x_wconf 93' lang='lat' dir='ltr'><strong>art.</strong></span> <span class='ocrx_word' id='word_1_406' title='bbox 907 4251 941 4322; x_wconf 81' lang='lat'><strong>5,</strong></span> <span class='ocrx_word' id='word_1_407' title='bbox 962 4247 1004 4309; x_wconf 87' lang='lat' dir='ltr'><strong>ad</strong></span> <span class='ocrx_word' id='word_1_408' title='bbox 1020 4245 1064 4322; x_wconf 77' lang='lat' dir='ltr'><strong>i),</strong></span> <span class='ocrx_word' id='word_1_409' title='bbox 1081 4245 1117 4307; x_wconf 87' lang='lat' dir='ltr'><strong>de</strong></span> <span class='ocrx_word' id='word_1_410' title='bbox 1137 4246 1255 4308; x_wconf 86' lang='lat' dir='ltr'><strong>ratione</strong></span> <span class='ocrx_word' id='word_1_411' title='bbox 1269 4250 1368 4309; x_wconf 87' lang='lat' dir='ltr'><strong>soien-</strong></span> 
     </span>
     <span class='ocr_line' id='line_1_43' title="bbox 87 4333 1369 4418; baseline 0.002 -22"><span class='ocrx_word' id='word_1_412' title='bbox 87 4337 144 4398; x_wconf 84' lang='lat' dir='ltr'><strong>tia</strong></span> <span class='ocrx_word' id='word_1_413' title='bbox 167 4344 226 4410; x_wconf 84' lang='lat' dir='ltr'><strong>est,</strong></span> <span class='ocrx_word' id='word_1_414' title='bbox 242 4335 322 4418; x_wconf 83' lang='lat' dir='ltr'><strong>quod</strong></span> <span class='ocrx_word' id='word_1_415' title='bbox 339 4335 386 4409; x_wconf 92' lang='lat' dir='ltr'><strong>id,</strong></span> <span class='ocrx_word' id='word_1_416' title='bbox 405 4335 484 4418; x_wconf 81' lang='lat' dir='ltr'><strong>quod</strong></span> <span class='ocrx_word' id='word_1_417' title='bbox 497 4337 602 4410; x_wconf 79' lang='lat' dir='ltr'><strong>scitur,</strong></span> <span class='ocrx_word' id='word_1_418' title='bbox 620 4337 809 4397; x_wconf 74' lang='lat' dir='ltr'><strong>erutimetur</strong></span> <span class='ocrx_word' id='word_1_419' title='bbox 822 4355 880 4397; x_wconf 85' lang='lat' dir='ltr'><strong>esse</strong></span> <span class='ocrx_word' id='word_1_420' title='bbox 896 4333 1075 4416; x_wconf 80' lang='lat' dir='ltr'><strong>impossibile</strong></span> <span class='ocrx_word' id='word_1_421' title='bbox 1095 4333 1230 4396; x_wconf 85' lang='lat' dir='ltr'><strong>olitores</strong></span> <span class='ocrx_word' id='word_1_422' title='bbox 1247 4335 1369 4415; x_wconf 71' lang='lat' dir='ltr'><strong>babere,</strong></span> 
     </span>
     <span class='ocr_line' id='line_1_44' title="bbox 88 4421 1368 4506; baseline 0 -20"><span class='ocrx_word' id='word_1_423' title='bbox 88 4422 187 4506; x_wconf 83' lang='lat' dir='ltr'><strong>atqui</strong></span> <span class='ocrx_word' id='word_1_424' title='bbox 200 4423 273 4505; x_wconf 80' lang='lat' dir='ltr'><strong>legis</strong></span> <span class='ocrx_word' id='word_1_425' title='bbox 287 4423 482 4498; x_wconf 87' lang='lat' dir='ltr'><strong>exsistentia,</strong></span> <span class='ocrx_word' id='word_1_426' title='bbox 499 4423 535 4486; x_wconf 88' lang='lat' dir='ltr'><strong>de</strong></span> <span class='ocrx_word' id='word_1_427' title='bbox 549 4441 611 4505; x_wconf 90' lang='lat' dir='ltr'><strong>qua</strong></span> <span class='ocrx_word' id='word_1_428' title='bbox 624 4441 660 4485; x_wconf 90' lang='lat' dir='ltr'><strong>ex</strong></span> <span class='ocrx_word' id='word_1_429' title='bbox 671 4423 756 4503; x_wconf 82' lang='lat' dir='ltr'><strong>gravi</strong></span> <span class='ocrx_word' id='word_1_430' title='bbox 770 4423 886 4486; x_wconf 83' lang='lat' dir='ltr'><strong>motivo</strong></span> <span class='ocrx_word' id='word_1_431' title='bbox 899 4421 1071 4497; x_wconf 86' lang='lat' dir='ltr'><strong>dubitatur,</strong></span> <span class='ocrx_word' id='word_1_432' title='bbox 1080 4423 1247 4488; x_wconf 89' lang='lat' dir='ltr'><strong>necessario</strong></span> <span class='ocrx_word' id='word_1_433' title='bbox 1261 4423 1368 4487; x_wconf 88' lang='lat' dir='ltr'><strong>existi-</strong></span> 
     </span>
     <span class='ocr_line' id='line_1_45' title="bbox 89 4509 1369 4594; baseline -0.002 -18"><span class='ocrx_word' id='word_1_434' title='bbox 89 4517 206 4576; x_wconf 89' lang='lat' dir='ltr'><strong>matur</strong></span> <span class='ocrx_word' id='word_1_435' title='bbox 223 4531 308 4594; x_wconf 86' lang='lat' dir='ltr'><strong>posse</strong></span> <span class='ocrx_word' id='word_1_436' title='bbox 330 4513 419 4577; x_wconf 86' lang='lat' dir='ltr'><strong>aliter</strong></span> <span class='ocrx_word' id='word_1_437' title='bbox 437 4531 468 4576; x_wconf 87' lang='lat' dir='ltr'><strong>se</strong></span> <span class='ocrx_word' id='word_1_438' title='bbox 486 4511 596 4575; x_wconf 85' lang='lat' dir='ltr'><strong>habore</strong></span> <span class='ocrx_word' id='word_1_439' title='bbox 615 4529 669 4576; x_wconf 88' lang='lat' dir='ltr'><strong>seu</strong></span> <span class='ocrx_word' id='word_1_440' title='bbox 687 4530 748 4574; x_wconf 92' lang='lat' dir='ltr'><strong>non</strong></span> <span class='ocrx_word' id='word_1_441' title='bbox 771 4529 850 4588; x_wconf 82' lang='lat' dir='ltr'><strong>esse3</strong></span> <span class='ocrx_word' id='word_1_442' title='bbox 867 4529 936 4591; x_wconf 82' lang='lat' dir='ltr'><strong>ergo</strong></span> <span class='ocrx_word' id='word_1_443' title='bbox 954 4511 991 4573; x_wconf 90' lang='lat' dir='ltr'><strong>de</strong></span> <span class='ocrx_word' id='word_1_444' title='bbox 1009 4529 1044 4573; x_wconf 88' lang='lat' dir='ltr'><strong>ea</strong></span> <span class='ocrx_word' id='word_1_445' title='bbox 1058 4509 1185 4576; x_wconf 88' lang='lat' dir='ltr'><strong>seientia</strong></span> <span class='ocrx_word' id='word_1_446' title='bbox 1199 4531 1260 4576; x_wconf 92' lang='lat' dir='ltr'><strong>non</strong></span> <span class='ocrx_word' id='word_1_447' title='bbox 1277 4513 1369 4576; x_wconf 87' lang='lat' dir='ltr'><strong>hahe-</strong></span> 
     </span>
    </p>
   </div>
   <div class='ocr_carea' id='block_1_7' title="bbox 0 0 1606 5020">
    <p class='ocr_par' dir='ltr' id='par_1_11' title="bbox 0 0 1606 5020">
     <span class='ocr_line' id='line_1_46' title="bbox 0 0 1606 5020; baseline 0 0"><span class='ocrx_word' id='word_1_448' title='bbox 0 0 1606 5020; x_wconf 95' lang='lat' dir='ltr'><strong> </strong></span> 
     </span>
    </p>
   </div>
  </div>
 </body>
</html>
