3136 5034
224 259 292 319 111
752 271 962 318 reserares

266 383 358 466 Hesp.
375 387 425 446 111
440 382 520 446 Licet
533 384 627 446 etiam
645 383 864 446 mercatoribus
882 387 1019 464 respectu
1037 382 1169 445 aliorum
1189 398 1253 443 non
1273 386 1498 458 mercatorum,

226 473 300 556 quia
313 472 362 534 lex
376 471 474 535 lavere
488 472 667 535 commercio
679 473 828 548 intendit;
840 472 921 534 favet
930 477 1034 534 autem
1044 469 1250 552 permittendo
1262 470 1498 546 mercatoribus,

225 567 263 625 ut
278 563 425 642 majorem
437 579 563 623 censum
577 579 614 623 11
628 565 771 625 mutuata
784 560 913 641 pecunia
926 559 1103 642 percipiant.

267 649 400 732 111113ο
412 669 419 711 :
437 649 468 710 Si
482 655 592 729 agatur
603 651 640 712 de
654 649 722 712 aliis
734 668 797 713 non
812 648 1031 713 mercatoribus
1042 653 1180 728 respectu
1193 654 1426 722 mercatorum,
1440 668 1501 710 con-

228 740 419 801 trovertitur.
435 741 552 818 Negant
567 740 749 800 communius
767 737 870 814 licere,
889 745 920 800 et
936 737 1069 800 afferunt
1090 736 1182 798 talem
1205 753 1273 798 esse
1296 735 1501 800 tribunalium

228 826 422 890 decisionem.
438 827 527 890 Ratio
541 834 598 896 est.
612 827 685 909 quia
696 829 754 904 lex,
769 845 837 908 quae
854 825 1073 890 mercatoribus
1086 824 1183 888 lavere
1197 823 1349 899 intendit,
1364 824 1443 907 ipsis
1456 845 1502 907 po

228 913 1128 997 mmnmmammbsimmmmemnjmsdmmddemm.

269 1005 374 1068 Plures
389 1011 493 1067 tamen
504 1003 599 1066 etiam
611 1004 694 1068 inter
699 1003 893 1087 jurisperitos
907 1003 1071 1066 affirmant.
1086 1003 1175 1067 Ratio
1185 1009 1295 1066 autem
1308 1003 1424 1066 horum
1439 1008 1503 1066 est:

230 1101 263 1157 1⁰
276 1092 349 1174 quia
363 1093 455 1156 verbe
469 1093 542 1172 legis
557 1099 632 1156 sunt
646 1093 795 1173 generalia
810 1113 817 1154 :
834 1094 867 1154 io
880 1093 1011 1154 materia
1024 1092 1195 1153 commercii
1197 1109 1208 1168 ;
1224 1110 1283 1153 nec
1295 1097 1415 1154 constat
1428 1111 1504 1173 qua-

230 1183 269 1244 lis
283 1181 325 1243 sit
337 1199 445 1244 sensus
457 1181 611 1262 genuinus
625 1181 748 1245 illorum
764 1182 942 1256 verborum;
957 1180 1069 1262 2⁰quia
1081 1180 1202 1259 expedit
1215 1179 1394 1242 commercio
1406 1187 1448 1242 ut
1461 1181 1505 1242 ita

231 1271 281 1332 len
296 1269 507 1350 intelligatur:
523 1269 566 1332 sic
585 1271 669 1334 enim
690 1272 789 1334 multo
811 1269 930 1333 facilius
954 1273 1134 1332 mercatores
1156 1266 1320 1349 pecuniam
1345 1269 1504 1348 reperiunt

233 1377 305 1422 cum
318 1359 428 1440 majori
439 1378 494 1422 sua
507 1365 537 1422 et
552 1359 726 1422 commercii
741 1359 884 1434 utilitate,
900 1364 957 1421 etc.
974 1393 1014 1405 -
1028 1357 1100 1432 Sed,
1117 1356 1207 1420 aiunt
1220 1357 1346 1430 merito,
1361 1375 1423 1418 non
1435 1356 1505 1420 ideo

232 1465 319 1528 posse
338 1449 506 1528 quemlibet
519 1466 581 1510 non
599 1455 799 1512 mercatorem
813 1448 907 1510 etiam
922 1447 960 1509 ab
983 1445 1041 1508 alio
1062 1463 1125 1509 non
1146 1449 1313 1508 mercatore
1331 1449 1353 1509 6
1372 1445 1503 1526 exigere,

233 1536 291 1598 sub
305 1542 455 1617 pretextu
469 1537 550 1616 quod
565 1537 725 1602 mercatori
739 1541 881 1600 mutuare
895 1535 1059 1616 potuisset,
1077 1534 1151 1614 quia
1165 1535 1248 1596 nullo
1263 1534 1356 1595 modo
1377 1534 1415 1596 in
1427 1552 1505 1596 oom-

234 1623 346 1687 mercio
368 1623 529 1704 pecuniam
550 1625 684 1706 reponit;
706 1645 760 1689 nec
781 1627 899 1688 ratione
923 1622 1028 1686 damni
1047 1621 1230 1702 emergentis
1248 1621 1342 1682 inniti
1371 1623 1505 1694 valeret,

235 1730 305 1776 cunr
319 1713 368 1775 lex
382 1713 470 1776 unice
482 1713 623 1776 intendat
637 1715 816 1778 conamercio
831 1713 941 1778 favere.

275 1806 345 1865 871.
361 1836 402 1849 -
415 1805 515 1877 Quae.
533 1806 567 1865 2⁰
580 1805 632 1866 An
654 1803 702 1866 vel
719 1814 865 1887 quotenos
883 1806 1061 1884 requiratur
1078 1801 1156 1864 bono
1177 1800 1253 1883 fides
1274 1799 1314 1861 ud
1332 1798 1452 1861 lucrum
1473 1820 1510 1863 ee

235 1901 337 1952 mutuo
347 1891 580 1973 percipiendum
595 1892 680 1954 o'tulo
695 1893 767 1974 legis
781 1891 901 1954 civiles?

277 1979 366 2062 Reop.
383 1985 435 2042 1οτ
452 1981 597 2062 Respecto
606 1987 722 2063 peccati
738 1981 871 2055 citandi,
887 1980 1057 2062 requiritur
1074 1979 1154 2042 bone
1172 1979 1263 2052 111111,
1284 1997 1353 2059 que
1367 1977 1510 2040 consistit

237 2067 272 2130 in
293 2069 371 2131 bono
392 2069 582 2133 conscientiae
606 2070 796 2146 testimonio,
817 2088 871 2132 seu
892 2068 927 2131 in
950 2066 1141 2132 conscientiae
1164 2066 1325 2129 efformata
1341 2067 1451 2128 saltem
1474 2085 1511 2127 11

237 2156 446 2237 probabilibus
468 2164 499 2222 et
521 2159 625 2222 solidis
648 2159 836 2234 rationibus,
858 2158 905 2221 rel
925 2177 964 2220 ex
981 2155 1159 2219 auctoritate
1183 2155 1403 2235 theologcmm.
1426 2159 1509 2218 llanr

239 2245 335 2323 igitur
347 2246 460 2309 bonam
474 2247 565 2314 fidem
579 2248 799 2328 penitentibus
814 2247 879 2310 suis
894 2244 1153 2325 interrogantibus
1167 2244 1303 2324 praebere
1318 2250 1418 2323 polest
1433 2243 1511 2322 ipse-

238 2341 303 2396 met
317 2334 539 2410 Gonfessarius,
556 2355 605 2399 eos
620 2338 751 2400 docendo
766 2337 802 2398 de
819 2333 1023 2399 controversia
1037 2333 1246 2412 theologorum
1259 2351 1322 2395 non
1334 2330 1422 2394 facile
1440 2331 1511 2394 diri-

239 2423 365 2496 menda,
386 2441 501 2485 necnon
516 2425 553 2486 de
567 2425 719 2503 responsis
734 2426 856 2487 Sancto
870 2423 967 2485 Sedis.
986 2425 1047 2484 Hoc
1062 2427 1179 2484 constat
1190 2427 1259 2483 tum
1271 2439 1310 2482 ex
1324 2425 1440 2483 natum
1455 2419 1509 2488 rei,

238 2513 309 2571 tum
322 2527 360 2572 ex
374 2510 449 2588 ipsis
464 2511 630 2590 responsis,
647 2511 727 2574 infra
740 2511 914 2574 relerendis.

281 2595 371 2678 Hesp.
383 2602 433 2660 1οε
447 2597 592 2680 Respecto
598 2601 739 2680 justitia,
755 2598 881 2680 quaestio
894 2599 981 2662 bonae
994 2599 1064 2663 fidei
1075 2606 1121 2662 111
1136 2598 1208 2680 quid
1220 2615 1300 2659 mere
1310 2595 1514 2658 indifferens.

240 2685 503 2760 Quemadmodum
517 2686 601 2749 enim
616 2695 725 2768 preter
737 2705 861 2751 causam
872 2687 1106 2770 prescriptionis
1115 2690 1167 2768 jus
1180 2687 1253 2749 bona
1264 2684 1324 2747 lide
1336 2683 1517 2747 intrinsece

241 2773 370 2837 conferri
383 2775 506 2858 nequit,
528 2794 599 2838 cum
620 2795 773 2857 possessor
788 2777 876 2840 bonae
890 2777 960 2840 fidei
979 2777 1155 2839 nullatenus
1169 2795 1187 2838 a
1202 2771 1401 2838 restitutione
1414 2773 1514 2836 exind

189 2861 191 2867 '
240 2863 352 2944 possit;
368 2863 413 2926 ita
430 2863 525 2928 etiam
539 2869 592 2948 jus
607 2865 688 2928 male
708 2866 766 2930 lide
784 2865 990 2929 contrahentis
1005 2865 1101 2927 adimi
1117 2864 1243 2946 nequit;
1263 2861 1425 2943 siqnidem
1438 2863 1516 2925 mala

240 2950 315 3012 fides
330 2949 442 3015 efficere
455 2972 519 3018 non
532 2962 631 3035 potest
645 2961 681 3018 ut
695 2961 883 3030 contractus,
901 2954 955 3035 qui
972 2953 1007 3016 in
1022 2972 1053 3016 11
1068 2953 1177 3017 saltem
1195 2951 1398 3034 pmbabiliter
1412 2954 1515 3033 justus

242 3045 303 3112 est,
318 3041 480 3104 usurarius
495 3045 613 3106 arrodat.
629 3050 688 3109 Nec
706 3045 803 3119 dicas,
824 3043 981 3106 neminem
1000 3061 1087 3124 posse
1106 3042 1186 3104 inire
1204 3041 1431 3122 possessionem
1448 3057 1515 3102 cum

242 3127 323 3190 mala
342 3135 396 3190 aut
415 3131 509 3196 dubia
523 3132 596 3207 lide,
612 3153 667 3196 nec
685 3133 904 3214 possessionem
921 3131 999 3195 hanc
1018 3131 1160 3195 retinere.
1179 3135 1259 3195 Nam
1273 3129 1384 3192 ubido
1401 3133 1515 3191 contra-

243 3215 344 3282 ttibus
358 3217 470 3298 egitur,
491 3221 592 3284 omnis
609 3223 784 3296 conventio,
805 3239 873 3302 que
887 3227 967 3284 certo
988 3238 1051 3282 non
1068 3219 1162 3282 estin
1182 3237 1213 3282 11
1230 3218 1368 3300 injusta,
1382 3219 1438 3280 sed
1450 3237 1515 3298 pro

245 3303 386 3368 hobiliter
404 3309 503 3388 justa,
524 3329 673 3374 consensu
692 3311 829 3392 partium
854 3319 932 3373 certo
951 3312 1036 3391 justa
1054 3308 1167 3372 evadit.
1188 3311 1318 3371 Constat
1336 3305 1467 3386 insuper
1485 3323 1517 3366 11

243 3394 438 3475 responsione
455 3397 565 3460 Sancti
578 3399 687 3482 Officii
698 3401 736 3462 ad
751 3400 934 3481 Episcopum
947 3398 1191 3463 Nicaeensem.-
1201 3396 1255 3458 Ita
1267 3395 1361 3458 etiam
1376 3394 1449 3456 nt).
1462 3393 1517 3456 De-

245 3484 306 3561 cr'e,
318 3483 424 3566 Epist.
437 3485 532 3561 dett,
547 3488 581 3550 in
596 3489 731 3570 Epistola
744 3489 893 3572 encyclica
907 3488 942 3550 de
955 3487 1073 3551 Mutuo.
1087 3523 1128 3532 -
1141 3486 1281 3563 deesset,
1297 3487 1415 3546 11821.

285 3575 357 3635 872.
374 3609 416 3619 -
433 3575 534 3649 Quae.
555 3582 586 3640 3⁰
604 3580 656 3639 An
678 3577 767 3640 liceat
784 3577 925 3641 excedere
945 3586 1048 3639 toxam
1070 3575 1195 3657 legalem
1218 3577 1250 3635 a'n
1271 3583 1375 3636 mutuo
1399 3574 1516 3634 rariore

246 3657 354 3721 domni
363 3667 554 3745 emergentis,
569 3664 618 3728 vel
631 3667 709 3729 lucre'
720 3666 884 3729 cessantis?
966 3713 970 3724 .

285 3748 373 3831 Resp.
386 3751 504 3834 teneo.
518 3763 655 3836 respectu
668 3774 838 3841 pauperum
852 3757 899 3819 vel
913 3757 1045 3820 aliorum
1060 3753 1114 3837 qui
1127 3754 1163 3817 in
1174 3751 1358 3816 necessitate
1370 3759 1516 3814 mutuum

246 3842 369 3918 petunt,
390 3843 420 3902 11
443 3843 497 3923 qni
516 3845 651 3907 auctario
670 3845 780 3927 majori
803 3846 1056 3926 opprimerentur.
1076 3847 1142 3908 Non
1161 3849 1267 3906 tamen
1285 3841 1387 3904 teneri
1409 3839 1516 3903 ridere

246 3943 318 3990 cum
332 3945 444 4011 magno
459 3937 511 3994 tuo
525 3932 716 3997 incommodo
730 3936 768 3997 ad
782 3942 931 3998 mutuum
944 3934 987 3997 eis
1002 3933 1237 3997 concedendum.

288 4017 376 4099 Hesp.
387 4023 441 4082 111
459 4018 490 4082 Si
503 4023 632 4101 pecunia
642 4023 677 4085 in
691 4023 873 4100 utilitatem,
888 4042 950 4087 nen
962 4041 1034 4086 rere
1047 4022 1084 4084 in
1096 4019 1309 4084 necessitatem
1322 4019 1457 4083 alterius
1467 4024 1518 4079 lra-

248 4105 350 4183 datur,
370 4111 614 4190 controvertitur,
632 4115 661 4174 et
674 4111 785 4192 duplex
804 4110 900 4176 fertur
919 4109 1081 4176 sententia.
1095 4109 1129 4171 Ι1
1144 4109 1303 4173 Sententia
1318 4109 1517 4189 1111111111-

247 4195 331 4259 tione
351 4197 565 4262 indemnitatis
588 4219 643 4262 seu
662 4203 754 4283 justa
775 4201 1039 4282 compensationis.
1064 4199 1116 4262 Ita
1135 4201 1216 4262 inter
1234 4198 1310 4280 alios
1332 4195 1471 4260 Kenricl
1492 4201 1519 4253 11

248 4285 347 4367 Papia
360 4287 578 4368 Lugdunensis,
596 4289 654 4352 etsi
668 4289 702 4352 in
715 4289 844 4354 materia
858 4308 961 4353 usura
974 4288 1155 4352 notissimus
1169 4287 1345 4351 severitatis
1357 4287 1440 4349 lama
1454 4299 1521 4344 em·

249 4373 388 4437 11111-
402 4376 622 4440 [temnenda
636 4399 704 4460 neg.
721 4379 809 4443 Ratio
826 4386 889 4455 est,
905 4378 979 4460 quia
997 4376 1256 4460 compensationes
1276 4375 1468 4439 damnorum
1488 4387 1523 4432 rx

250 4463 434 4542 obligatione
454 4469 630 4548 pecuniaria
649 4469 897 4550 provenientium
915 4467 994 4550 exigi
1019 4474 1143 4531 tantum
1160 4471 1288 4548 possunt
1303 4469 1400 4548 juxta
1421 4471 1526 4526 laxam

250 4547 385 4623 letalem·
403 4554 474 4624 Quae
489 4555 614 4634 quidem
628 4557 778 4621 sententia
790 4558 890 4622 locum
901 4557 1012 4622 habere
1023 4562 1138 4638 potest,
1152 4555 1179 4618 si
1193 4557 1354 4618 mutuator
1367 4559 1461 4636 cogat
1476 4557 1526 4614 eut
