3168 5002
456 206 747 252 raucosr'rmltoai
771 207 1024 254 cannabinum

305 420 341 462 88
360 421 460 464 TRIBUS
479 420 599 464 88011818
616 422 793 465 abablium
811 421 882 464 LOCO
900 425 917 464 Α
935 423 1042 465 arnono
1061 421 1168 466 rosms

498 501 550 544 880
568 501 781 546 nnsonmlous
799 503 978 546 attumulati
1056 525 1068 555 ,

137 621 238 682 Libetl.
253 621 425 680 memorial.
438 640 496 698 pro
510 625 637 696 reform.
652 624 844 700 regularium
858 625 876 699 ξ
891 626 919 684 9.

138 711 181 770 80.
197 709 308 783 Regula
322 712 349 781 l,
366 727 430 784 quea
447 711 550 768 statuit
567 713 702 770 universe
721 714 751 770 et
771 713 1042 783 indiscriminatim,
1063 713 1183 772 Statum
1202 710 1374 786 reputarem

97 798 156 848 aut
168 791 375 848 monasticum
394 795 509 848 natura
522 809 579 848 auo
593 793 734 868 componi
747 810 810 850 non
822 810 909 868 posse
921 811 992 852 marn
1004 792 1184 850 animarum
1197 809 1274 850 cura
1290 807 1375 850 eum-

97 889 159 946 que
175 871 245 929 uite
254 869 424 948 pastoralia
444 872 642 940 muneribus,
665 890 719 930 nec
733 874 806 930 odeo
827 873 863 929 in
878 878 996 948 partem
1008 873 1112 932 venire
1131 889 1218 948 posse
1236 870 1375 930 ecclesio-

97 953 182 1009 stieae
200 951 395 1022 bierarobiae,
410 951 487 1026 quin
508 969 548 1009 erc
570 953 694 1010 adverso
710 958 826 1028 pugnet
844 970 915 1011 cum
929 952 1088 1027 ipsiusmet
1111 953 1180 1010 vitre
1198 952 1375 1010 manastica

96 1047 290 1106 pmnmprre:

136 1111 231 1181 Falsa,
246 1112 420 1186 perniciosa,
437 1113 468 1170 in
483 1113 682 1170 sanctissimos
694 1113 830 1172 aeclesiae
843 1116 941 1172 Patres
955 1116 985 1173 et
998 1113 1152 1185 Praesules,
1167 1114 1217 1186 qui
1231 1111 1374 1185 regularis

169 1192 239 1251 rite
262 1192 397 1250 instituta
418 1208 483 1250 cum
506 1192 649 1250 clericalis
664 1193 773 1250 ordinis
791 1195 959 1254 muneribus
978 1194 1194 1264 consociarunt,
1219 1194 1373 1267 injuriosa,

171 1272 230 1346 pio,
244 1273 369 1343 vetusto,
385 1271 502 1346 probato
516 1273 655 1331 Ecclesiae
664 1275 737 1331 mori
748 1289 981 1348 summorumque
992 1274 1162 1332 Pontificum
1177 1273 1374 1331 sanctionibus

173 1353 336 1410 contraria:
353 1352 449 1421 Quasi
461 1353 613 1425 monacbi,
628 1371 702 1428 quos
715 1370 839 1410 morum
850 1355 986 1449 pravitas
999 1361 1026 1412 et
1040 1355 1109 1412 uitae
1122 1371 1159 1411 oe
1175 1353 1266 1412 Fidei
1279 1352 1373 1411 insti-

174 1432 250 1490 tutio
261 1437 369 1490 sonata
384 1432 590 1501 conmrendat,
606 1450 663 1490 non
683 1434 754 1504 rite,
770 1451 823 1492 nec
841 1435 925 1492 modo
944 1435 1009 1492 sinc
1028 1434 1185 1507 Religionis
1202 1433 1372 1504 offensione,

172 1512 224 1570 sed
233 1514 264 1570 et
280 1528 346 1570 cum
361 1512 453 1571 multa
465 1513 591 1571 utilitato
602 1513 739 1572 Ecclesiae
750 1512 930 1572 clericorum
942 1514 1053 1588 officiis
1066 1518 1276 1588 aggregentur.

206 1594 291 1651 lixS.
306 1592 423 1663 siricio,
438 1593 525 1666 epist.
541 1594 647 1651 decret.
664 1593 700 1652 ad
714 1593 874 1652 Himerium
888 1597 1039 1652 Tarracon.
1056 1610 1082 1650 c.
1095 1609 1160 1652 xnr.

136 1729 181 1786 81.
196 1731 330 1800 item,1n
351 1745 385 1787 eo
406 1729 481 1804 quod
507 1731 671 1804 subjungit,
688 1731 802 1789 sanctos
824 1732 961 1790 Thomam
980 1737 1009 1788 et
1028 1731 1256 1788 Bonaventoram
1279 1731 1376 1787 sicin

99 1809 215 1867 tuendis
240 1810 379 1868 adversus
398 1827 525 1869 summos
544 1811 675 1869 hominos
690 1811 916 1870 mendicantium
935 1811 1079 1869 institutis
1094 1811 1223 1867 versatos
1244 1825 1328 1880 esse,
1343 1814 1376 1867 ut

99 1891 129 1947 in
143 1905 243 1947 corum
258 1890 474 1948 defensionibus
487 1891 581 1948 minor
595 1892 695 1961 aestus,
708 1892 851 1949 accuratio
864 1893 954 1966 major
965 1890 1155 1949 desideranda
1169 1891 1292 1947 fuisset:

134 1965 377 2042 Scandalosa,1n
395 1971 596 2028 sanctissimos
617 1933 771 2030 doctores
763 1973 918 2045 injuriosa,
939 1972 1038 2046 impiis
1059 1971 1258 2028 damnatorum
1279 1971 1375 2027 aucto-

172 2067 236 2107 rum
251 2048 433 2109 contumeliis
446 2051 556 2110 larens,

135 2187 183 2244 88.
199 2189 308 2261 llegula
320 2191 360 2260 ll,
378 2187 666 2264 Mrdtipticationem
681 2189 826 2248 ordinum
848 2206 884 2246 ac
905 2188 1110 2248 diversitatem
1123 2185 1310 2246 naturaliter
1323 2187 1375 2243 in·

97 2267 186 2340 seme
197 2268 458 2341 perturbationem
471 2275 498 2325 et
509 2268 736 2343 confusionem·
751 2271 820 2328 item
834 2270 866 2326 iu
881 2286 916 2328 eo
930 2269 1005 2343 quod
1021 2268 1172 2343 praemittit
1186 2267 1219 2342 (ξ
1241 2265 1272 2341 l}
1287 2283 1376 2341 repu-

95 2346 223 2404 tor-ium
240 2347 431 2421 suradatorea,
446 2349 495 2422 qui
516 2351 582 2424 post
602 2350 761 2406 monastica
779 2350 913 2407 instituta
933 2349 1114 2424 prodierunt,
1130 2348 1253 2405 ordines
1270 2364 1376 2422 auper-

96 2425 249 2485 addentea
270 2428 446 2498 ordinibus,
466 2428 698 2503 reformationes
716 2429 1008 2503 reformationibus,
1023 2427 1104 2486 nitrit
1122 2426 1208 2486 atiud
1229 2427 1355 2503 effecisse
1363 2467 1374 2496 ,

97 2523 198 2580 quam
210 2507 397 2581 primariam
410 2506 486 2566 ιιιοιι
500 2525 624 2566 concam
638 2508 737 2582 magis
751 2509 910 2584 magisque
921 2509 1071 2568 dilatare:

135 2587 287 2646 Intellecta
307 2589 343 2646 de
364 2588 514 2647 ordinibus
535 2591 564 2646 et
583 2589 726 2647 institutis
748 2593 881 2648 asancta
900 2589 974 2648 Sede
988 2589 1125 2664 probatis,
1141 2588 1225 2661 quasi
1239 2587 1375 2645 distincta

100 2669 229 2742 priorum
249 2685 401 2727 munerum
420 2669 559 2740 varietas,
576 2669 681 2742 quibus
700 2669 831 2727 distincti
851 2670 967 2728 ordines
981 2669 1088 2728 addicti
1107 2669 1193 2739 sont,
1207 2671 1308 2725 natura
1321 2685 1376 2725 sua

100 2748 343 2822 perturbationem
357 2752 387 2807 et
400 2750 597 2807 contusionem
611 2765 712 2824 parere
723 2749 842 2808 debeat:

137 2829 238 2900 Falsa,
253 2831 449 2900 calumniosa,
465 2830 495 2886 in
510 2831 624 2886 sanctos
642 2829 807 2887 fundatores
822 2846 977 2902 eorumque
992 2828 1093 2887 fideles
1106 2827 1255 2899 alumnos,
1268 2829 1330 2886 tum
1346 2829 1376 2886 et

173 2909 203 2966 in
218 2911 298 2984 ipsos
314 2926 442 2968 summos
456 2909 608 2968 Pontifices
622 2909 774 2982 injuriosa.

137 3045 183 3104 88.
198 3046 310 3120 Regula
324 3049 377 3118 lll,
393 3065 464 3122 qua,
478 3050 629 3121 postquam
642 3047 798 3122 praemisit,
812 3063 944 3122 paruum
957 3063 1067 3120 corpus
1080 3047 1189 3120 degens
1202 3045 1289 3104 intra
1303 3045 1376 3104 ciui·

103 3125 162 3183 tam
175 3128 346 3186 societatem
360 3128 437 3202 quin
450 3129 514 3201 [ere
527 3127 568 3184 sit
577 3144 653 3202 pora
665 3127 812 3200 ejusdem,
820 3143 1010 3202 paruumque
1027 3125 1241 3184 monarchiam
1255 3125 1322 3200 figit
1340 3125 1376 3182 in

101 3211 193 3276 statu,
205 3224 324 3282 semper
335 3225 396 3265 esse
405 3205 625 3282 periculosum,
639 3206 762 3265 subinde
776 3207 829 3265 boc
843 3207 959 3265 nomine
971 3207 1139 3264 criminatur
1150 3206 1262 3280 privata
1276 3221 1376 3261 mona-

102 3287 206 3357 steria,
222 3289 385 3347 communis
400 3289 527 3345 instituti
541 3287 657 3345 vinculo
672 3287 726 3344 sub
745 3303 803 3344 uno
821 3288 981 3362 praesertim
996 3287 1089 3361 capite
1104 3287 1282 3355 consociata,
1297 3285 1376 3342 velut

103 3367 244 3442 speciales
257 3368 378 3426 totidem
388 3368 569 3426 monarchias
583 3365 662 3425 cirili
678 3366 843 3440 reipublice
857 3367 1035 3442 periculosas
1048 3367 1078 3424 et
1095 3367 1214 3425 noxias:

138 3446 239 3517 Falsa,
261 3449 428 3518 temeraria,
454 3447 636 3520 regularibus
657 3446 800 3504 institutis
823 3463 842 3504 a
865 3448 964 3505 sancta
984 3446 1058 3504 Sede
1081 3447 1117 3504 ad
1138 3444 1286 3518 religionis
1308 3457 1376 3517 pro·

173 3529 281 3586 lectum
296 3528 461 3602 approbatis
475 3527 633 3601 injuriosa,
650 3527 749 3584 lavans
760 3527 961 3585 baereticorum
976 3525 1007 3583 in
1020 3525 1121 3584 eadem
1132 3525 1266 3584 instituta
1285 3522 1377 3580 insec-

175 3608 332 3666 tationibus
347 3609 376 3666 et
389 3607 555 3666 calumniis.

380 3801 590 3845 bustarum!
608 3801 659 3844 8811
678 3799 888 3843 0801881108111
907 3798 1097 3843 courbsnonn

158 3880 247 3924 Dllffl
264 3881 299 3924 EX
317 3882 430 3926 8888118
445 3882 580 3937 88011818,
598 3881 632 3925 n·
648 3880 718 3924 0010
736 3880 921 3930 sacularibus
938 3880 1089 3923 luricatis
1107 3873 1321 3932 00188888888,

497 3961 551 4005 PRO
571 3961 784 4006 888081811οΠ
802 3961 985 4004 assumamus

213 4075 232 4149 g
251 4075 296 4133 ro.

139 4161 185 4219 86.
200 4163 262 4220 Art.
278 4165 301 4222 1.
314 4163 357 4222 Dc
368 4179 431 4221 nno
443 4162 607 4221 dumtaxat
621 4161 729 4222 ordine
742 4161 779 4220 in
792 4161 927 4221 Ecclesia
939 4158 1110 4228 retinenda,
1125 4171 1162 4214 aa
1173 4155 1209 4214 dc
1219 4155 1377 4231 seligenda

102 4257 170 4314 prae
181 4243 298 4302 cenna
310 4243 418 4319 reputa
428 4242 530 4302 saneti
542 4243 716 4313 Benedicti,
729 4259 801 4302 caan
817 4241 852 4300 ab
864 4241 915 4300 aui
925 4237 1153 4316 prestantium,
1166 4242 1232 4295 tum
1250 4237 1287 4295 ob
1296 4253 1376 4312 prae-

103 4321 190 4380 clara
202 4321 290 4382 itlius
302 4323 422 4381 ordinis
435 4322 562 4393 mortim·
576 4321 622 4380 sic
633 4327 745 4392 waren,
760 4328 806 4394 ut,
815 4321 852 4378 in
864 4322 912 4380 bis
926 4337 992 4395 qua
1002 4319 1082 4393 sorte
1094 4321 1253 4376 occurrent
1265 4321 1377 4391 tempo·

104 4402 361 4462 rumconditioni
374 4407 481 4463 minua
495 4419 641 4478 congrua,
656 4403 799 4460 instituta
811 4402 883 4459 mter
894 4399 976 4458 ratio
989 4399 1073 4473 aprrd
1095 4399 1241 4458 Portum·
1227 4396 1376 4471 -llegium

104 4480 204 4542 lucau
216 4483 361 4559 preferat
373 4483 414 4543 cd
425 4483 666 4560 explorandum,
677 4481 753 4558 quid
761 4481 886 4552 adrine,
901 4478 977 4556 quid
990 4479 1144 4538 detrudere
1158 4476 1337 4546 conueniat,-
