3156 5026
174 167 244 230 408
708 181 915 228 rnacrerus

215 294 306 377 Reep.
321 297 356 356 2⁰
368 312 376 355 ε
389 295 447 355 Pro
459 291 583 355 lamulis
603 293 714 374 pendet
733 291 828 355 etiam
848 311 866 356 a
890 291 1001 373 majori
1018 291 1201 356 liberalitate
1221 295 1270 356 vel
1289 293 1452 358 tenacitate

176 382 391 457 dominorum,
407 399 446 444 ex
459 379 607 461 qualitate
621 381 668 443 vel
691 381 755 444 situ
771 381 817 444 rei
838 380 1005 461 subreptae,
1021 400 1052 444 v.
1073 384 1138 462 gr.,'
1154 381 1180 444 si
1197 382 1239 444 sit
1252 383 1452 447 comestibilis

176 473 226 536 vel
247 489 328 546 nan,
345 469 496 534 custodita
509 470 557 532 vel
576 474 695 550 aperte,
713 477 770 533 etc.
791 473 887 533 Juxta
900 471 1016 532 multos
1033 469 1182 552 periuria
1198 471 1323 533 minuta
1341 471 1453 535 betae

175 559 300 624 famulis
314 559 349 622 in
363 559 439 622 cibis
452 565 484 621 ct
495 558 672 634 esculentis,
688 578 757 640 quae
771 578 833 622 non
848 559 945 621 solent
959 565 1047 622 caute
1059 559 1188 635 servari,
1202 560 1373 640 generatim
1388 579 1452 625 non

177 648 337 714 devenitur
357 649 396 710 ad
420 647 560 722 mortale,
577 649 667 711 modo
689 648 753 710 hec
776 666 839 710 non
860 648 1036 711 vendantur
1054 653 1108 710 aut
1125 666 1142 709 e
1160 648 1251 710 domo
1265 649 1449 725 educantur,

177 744 232 803 aut
251 737 315 800 sint
328 737 420 818 pretii
438 735 683 800 extraordinarii.
701 736 731 798 Si
750 743 855 800 autem
872 736 980 798 famuli
999 736 1143 800 iurentur
1157 738 1319 817 pecuniam
1333 747 1389 802 aut
1403 759 1452 803 res

178 826 282 890 sedulo
295 826 473 901 custoditae,
489 843 551 888 uon
563 823 733 905 requiritur
748 825 907 906 quantitas
922 828 1020 906 major
1036 826 1075 888 ad
1088 833 1246 906 peccatum
1260 845 1363 906 grave,
1377 828 1452 909 quia

178 913 296 979 domini
311 919 386 977 tunc
396 932 458 977 non
472 918 546 975 sunt
557 913 663 976 minus
674 913 768 977 inviti
781 932 851 995 erga
865 913 956 994 ipsoS,
971 931 1067 994 quam
1078 932 1150 994 erga
1163 913 1247 976 alios.
1265 917 1331 977 Imo
1341 916 1450 997 hujus-

178 1003 264 1068 modi
285 1002 369 1065 furta
386 1001 521 1067 severius
540 1002 603 1082 lege
623 1000 706 1064 civili
723 1001 908 1082 puniuntur,
929 1002 967 1066 oh
985 1001 1142 1066 fidelitatis
1161 1001 1329 1080 defectum,
1345 1005 1399 1086 qui
1418 1006 1453 1068 in

178 1092 240 1156 illis
252 1091 427 1155 intervenit.
444 1127 484 1136 -
498 1090 535 1153 S.
550 1090 635 1172 Lip„
649 1087 741 1152 Hom.
758 1101 867 1172 apost,
886 1111 917 1152 a.
932 1095 981 1156 34.

220 1183 289 1246 609.
306 1182 458 1255 -Qomm
475 1183 507 1242 3⁰
525 1179 577 1242 An
597 1179 685 1261 farta
703 1180 821 1242 minata
842 1180 1006 1242 coalescere
1020 1180 1138 1262 moriat
1156 1179 1198 1242 ad
1213 1199 1339 1263 pravam
1358 1193 1450 1246 mate·

179 1270 264 1334 riam
277 1266 533 1332 constituendam?

220 1359 309 1441 Beep.
328 1364 361 1421 1⁰
378 1357 506 1439 Affirm.
525 1375 669 1438 prorsus,
691 1357 715 1420 si
738 1365 848 1438 agatur
863 1358 900 1420 de
916 1357 1007 1421 lautis
1027 1360 1174 1422 adversus
1194 1360 1335 1422 eamdem
1354 1379 1453 1441 perso

180 1467 254 1512 narn
268 1446 455 1522 commissis,
471 1445 545 1526 quia
558 1446 648 1509 unita
664 1445 748 1508 facile
762 1447 913 1510 damnum
934 1465 1025 1528 grave
1045 1448 1170 1510 domino
1183 1449 1295 1510 inferre
1311 1457 1452 1529 possunt.

180 1541 307 1601 Constat
320 1535 415 1598 etiam
429 1553 467 1597 ex
479 1535 536 1598 hac
549 1534 754 1616 propositione
774 1539 826 1598 38¹
840 1535 878 1597 ab
894 1537 997 1598 Innoc.
1012 1538 1052 1598 XI
1066 1537 1212 1599 damnata
1226 1556 1233 1598 :
1251 1536 1324 1600 Non
1340 1549 1455 1600 ceretio

181 1627 248 1709 qais
263 1624 317 1686 aab
326 1644 419 1707 prena
429 1624 550 1706 peccati
560 1622 697 1685 mortalis
711 1624 869 1686 restituere
883 1623 964 1706 quad
977 1624 1113 1686 abbatum
1128 1635 1170 1687 cst
1182 1645 1239 1706 per
1246 1645 1346 1708 pauca
1357 1629 1454 1708 farta,

181 1724 453 1797 quantamcumque
477 1713 517 1774 eit
538 1731 650 1793 mapna
668 1731 784 1774 samma
801 1712 915 1776 totalis.
930 1717 1061 1793 -Ergo
1083 1713 1226 1800 obligatio
1245 1715 1348 1795 gravis
1367 1717 1456 1778 datur

182 1820 338 1866 summam
355 1819 480 1882 gravem
500 1819 554 1882 per
573 1801 696 1864 minuta
718 1800 801 1864 furta
822 1802 946 1864 allatam
965 1802 1161 1877 restituendi,
1178 1809 1209 1866 et
1227 1803 1355 1883 proinde
1370 1805 1452 1866 furta

181 1892 305 1956 minuta
318 1891 498 1953 coalescunt.

222 1981 314 2062 Rerp.
331 1983 365 2042 2⁰
376 1979 504 2061 affirm.
523 1997 595 2042 cum
613 1980 766 2042 sententia
783 1979 956 2056 communi,
973 1979 1094 2042 etiamsi
1111 1987 1222 2060 agatur
1237 1982 1275 2044 de
1289 1982 1376 2045 furtis
1389 1982 1448 2044 mi-

182 2069 268 2133 nutis
284 2069 319 2132 in
332 2070 484 2131 damnum
500 2067 692 2131 diversorum
707 2068 889 2131 commissis.
905 2068 995 2132 Retio
1014 2075 1077 2141 est,
1098 2068 1173 2150 quia
1190 2079 1374 2152 praeceptmn
1388 2089 1450 2134 non

182 2158 305 2222 iurandi
319 2157 435 2237 obligat
448 2175 511 2219 non
529 2157 629 2220 salum
644 2175 682 2219 ne
696 2157 847 2220 damnum
860 2175 950 2236 grave
968 2157 1106 2239 proximo
1121 2157 1282 2236 inferatur,
1298 2160 1452 2223 sedetiam

183 2333 314 2416 gillatim
329 2335 479 2414 sumptis,
496 2341 575 2398 certe
589 2333 805 2396 communitati
819 2353 910 2414 grave
928 2335 1079 2397 dmnnum
1096 2333 1209 2397 infert:
1222 2339 1261 2397 Et
1279 2355 1369 2412 sane,
1392 2337 1452 2399 nisi

182 2422 361 2504 hujusmodi
375 2423 457 2486 furta
470 2423 704 2504 prohiberentur
716 2423 773 2484 sub
788 2421 887 2502 gravi,
905 2413 1046 2485 homine's
1065 2441 1127 2486 non
1140 2423 1225 2504 pauci
1239 2423 1324 2486 facile
1339 2445 1376 2486 ex
1391 2424 1457 2486 iur-

184 2512 226 2576 tis
236 2511 380 2576 ditescere
391 2511 514 2587 vellent,
526 2529 597 2574 cum
606 2511 639 2573 id
654 2511 768 2592 absque
782 2511 890 2574 salutis
905 2519 1027 2576 aeternae
1042 2511 1196 2592 dispendio
1207 2511 1299 2572 lacere
1313 2519 1452 2592 possent;

185 2601 311 2683 proinde
326 2619 438 2682 magna
449 2600 638 2663 deordinatio
649 2599 683 2662 in
703 2600 844 2662 societate
863 2601 1109 2680 subsequeretur.
1126 2603 1199 2680 Ergo
1218 2599 1281 2661 hec
1298 2600 1384 2663 furta
1400 2599 1455 2662 aad

184 2692 278 2773 pravi
292 2693 362 2772 jure
383 2689 518 2753 naturali
538 2688 692 2768 prohiberi
711 2688 892 2751 debuerunt.
911 2723 952 2734 -
978 2690 1013 2751 S.
1037 2690 1109 2770 Lip.
1133 2709 1164 2749 a.
1192 2691 1259 2752 ott.
1285 2725 1325 2733 —-
1347 2691 1456 2770 Lapa,

187 2780 266 2861 disp.
282 2798 346 2852 xvi,
361 2801 392 2840 a.
410 2784 459 2842 37.
477 2814 516 2824 —
530 2778 661 2841 Guinam
678 2781 782 2840 autem
797 2777 854 2840 sub
866 2777 952 2858 gravi
966 2783 1041 2840 tunc
1054 2777 1279 2841 restituendum
1297 2777 1356 2854 sit,
1375 2777 1455 2841 dice-

186 2875 240 2930 tur
250 2866 331 2930 infra
344 2887 377 2929 n.
394 2873 463 2932 630.

227 2959 297 3019 610.
312 2991 351 3000 -
365 2959 466 3032 Quian.
489 2963 523 3020 4⁰
542 2957 594 3020 Aa
616 2958 731 3018 minata
750 2956 838 3036 furta
857 2955 957 3020 adduc
975 2956 1156 3036 coalescant,
1173 2957 1201 3017 si
1214 2956 1296 3018 inter
1311 2957 1377 3036 ipsa
1395 2977 1456 3018 ma·

187 3063 278 3126 prtum
289 3055 426 3126 ponatur
439 3045 652 3109 intervallum?

228 3133 317 3214 Resp.
348 3133 426 3214 Nep.
451 3137 542 3214 juxta
565 3133 750 3198 sententiam
770 3133 1023 3196 communiorem.
1049 3132 1139 3198 Ratio
1165 3137 1226 3209 est,
1251 3135 1340 3215 quia,
1367 3133 1461 3215 posito

188 3241 299 3303 magno
321 3221 497 3297 intervallo,
518 3222 634 3286 lurtula
658 3241 695 3284 ex
715 3221 872 3286 communi
893 3221 1058 3285 hominum
1082 3221 1288 3284 estimatione
1308 3222 1461 3286 moraliter

189 3312 274 3376 uniri
292 3330 355 3374 non
374 3317 547 3384 censentur,
562 3330 616 3373 nec
634 3311 759 3392 proinde
778 3329 879 3373 unum
897 3311 1049 3394 objectum
1065 3311 1097 3372 in
1116 3329 1223 3391 genere
1244 3312 1340 3374 moris
1352 3309 1461 3374 consti-

190 3407 295 3464 tuunt.
313 3401 439 3480 Insuper
452 3406 528 3462 tunc
539 3419 601 3462 non
616 3406 740 3480 apparet
752 3419 842 3479 grave
856 3401 1007 3461 damnum
1023 3399 1147 3462 domino
1164 3399 1303 3476 illatum,
1320 3418 1390 3462 cum
1412 3398 1462 3461 vix

190 3489 266 3552 illud
281 3489 447 3569 persentire
464 3488 575 3570 possit;
592 3489 725 3570 adeoque
744 3489 878 3569 graviter
897 3487 1016 3550 inritus
1039 3507 1100 3550 non
1120 3492 1270 3550 censetur.
1288 3523 1327 3532 -
1343 3487 1377 3550 S.
1396 3488 1462 3569 Lip.

190 3598 222 3640 rr.
240 3581 308 3642 530.
323 3613 364 3624 -
385 3578 633 3658 Vopter‚n.133.

229 3669 332 3743 Quen.
350 3671 381 3731 5⁰
398 3666 594 3742 Ouandonam
604 3666 801 3728 intervallum
816 3675 971 3727 censeatur
985 3663 1148 3747 mappam?

232 3756 325 3837 Brep.
335 3775 347 3817 .·
360 3755 558 3818 probabilius
569 3755 738 3818 tenendum
752 3761 798 3817 est
812 3753 894 3816 furta
907 3772 969 3816 non
984 3754 1117 3834 amplius
1129 3753 1291 3816 coalescere
1306 3755 1388 3816 ultra
1400 3770 1463 3832 spa·

194 3843 277 3907 tium
291 3844 424 3907 duorum
436 3842 601 3918 mensium,
615 3843 738 3906 etiamsi
752 3845 790 3905 ad
804 3843 967 3910 materiam
981 3843 1070 3924 quasi
1083 3860 1208 3922 gravem
1222 3843 1409 3905 accederent.
1425 3874 1464 3886 -

194 3931 229 3994 S.
248 3932 331 4014 Lip,
346 3933 420 3994 ibid.

236 4020 342 4102 Aliqui
361 4029 464 4085 tamen
486 4021 684 4084 intervallum
705 4021 779 4083 anni
800 4019 895 4083 unius
917 4019 1095 4101 requirunt,
1112 4027 1149 4083 ut
1168 4019 1283 4082 furtale
1306 4019 1464 4082 coalescere

194 4110 351 4190 desinantp
368 4110 421 4173 alii
442 4130 513 4174 vcro
539 4111 728 4174 eonoendunt
750 4109 898 4183 sufficere,
920 4109 946 4171 si
967 4109 1082 4171 mensis
1104 4127 1187 4171 nnus
1211 4108 1393 4178 intercedat,
1412 4109 1464 4167 aut

192 4199 287 4260 etiam
302 4205 423 4279 tempus
439 4199 574 4274 brevius,
591 4198 618 4262 si
632 4204 741 4278 agatur
760 4199 796 4260 de
818 4196 942 4260 iurtnlis
958 4198 1045 4259 valde
1061 4197 1206 4260 minutis.
1222 4199 1281 4260 Sed
1299 4197 1415 4278 priores
1433 4193 1464 4254 in

191 4285 342 4366 rigorem,
358 4295 389 4350 et
402 4289 582 4368 posteriores
597 4287 673 4350 forte
687 4286 721 4349 in
734 4285 893 4350 laxitatem
906 4286 1040 4366 aliquam
1054 4285 1205 4349 declinare
1216 4285 1373 4348 videntur.

232 4378 384 4438 Ceterum
399 4377 481 4438 turta
495 4377 636 4452 minuta,
650 4376 745 4439 etiam
756 4375 855 4456 posito
867 4393 1062 4456 quocumque
1079 4375 1256 4450 intervallo,
1273 4393 1311 4436 ex
1327 4371 1465 4437 omnium

194 4462 346 4526 sententia
360 4465 540 4542 coalescunt,
558 4464 678 4546 quoties
690 4468 808 4545 patrata
824 4471 898 4528 sunt
915 4482 986 4527 cum
1003 4462 1175 4527 intentione
1188 4463 1227 4526 ad
1241 4479 1397 4527 summam
1411 4477 1465 4522 no-
