3202 5020
560 185 603 228 aa
627 183 780 229 sumnus
806 181 969 229 irunanrs
1341 175 1397 233 tot

122 319 151 381 q.
169 301 200 369 l,
218 304 280 355 art.
298 299 332 368 2,
348 295 397 375 o),
414 293 449 356 in
464 294 513 357 his
532 313 600 375 qua
619 296 657 357 ad
671 295 819 358 ultimum
833 295 927 358 finem
945 295 1129 358 ordinantur
1148 293 1225 358 nihil
1240 297 1401 361 invenitur

122 387 197 448 adeo
211 385 342 459 maltam,
355 381 432 464 qirin
444 383 567 463 aliquod
576 384 693 446 bonam]
705 384 881 446 admixtum
892 384 1013 458 babeat,
1025 402 1124 464 neque
1138 391 1184 446 est
1199 385 1315 466 aliquid
1327 388 1400 450 adeo

120 475 257 546 bonum,
273 473 357 552 quod
368 472 403 534 in
414 471 559 534 omnibus
576 471 716 534 sufficiat.
730 477 798 536 Jam
810 491 882 535 vero
898 473 930 536 id
949 473 1049 535 solum
1061 473 1204 536 voluntas
1224 491 1286 535 non
1301 481 1401 554 potest

122 561 290 636 nouvelle,
304 561 386 640 quod
400 561 582 640 completam
596 560 669 624 boni
687 561 840 624 rationem
860 561 966 636 babet,
983 561 1083 642 qualis
1101 569 1147 624 est
1162 562 1295 642 perlecta
1304 563 1401 626 beati-

120 653 198 714 tudo
210 669 266 713 seu
277 648 410 712 ultimus
422 649 508 722 finis,
522 655 646 730 propter
660 667 753 730 quem
767 651 872 713 omnia
885 656 1084 731 appetuntur.

162 745 296 804 Divisio.
312 737 474 818 Multiplex
484 737 687 818 distinguitur
698 739 850 802 libertatis
862 739 986 820 speeies.

162 842 197 899 1⁰
208 835 350 897 Libertas
365 834 578 909 anecessitate,
590 853 645 897 seu
659 833 785 897 libertas
796 834 1021 910 indifferentia,
1031 837 1079 898 vel
1093 835 1258 910 electionis,
1273 855 1341 918 qua
1355 844 1401 900 est

122 925 311 988 immunitas
324 923 363 986 ab
378 923 464 985 omni
482 923 661 986 necessitate
678 923 847 987 intrinseca
867 925 1077 1001 antecedente;
1093 931 1125 987 et
1142 924 1206 987 baec
1220 931 1267 987 est
1279 926 1400 1007 proprie

123 1020 154 1077 et
168 1014 275 1076 stricte
286 1013 370 1076 diota
384 1011 520 1074 libertas.

160 1113 195 1174 2⁰
208 1110 350 1172 Libertas
369 1112 568 1182 acocctione,
582 1127 636 1171 seu
656 1109 780 1172 libertas
801 1110 1048 1192 spontaneitatis,
1065 1128 1133 1191 qua
1151 1117 1198 1172 est
1216 1110 1399 1174 immunitos

123 1199 160 1261 ab
176 1199 264 1261 omni
276 1197 426 1260 violentia
439 1197 628 1260 extrinsecus
643 1197 737 1260 illata,

164 1299 198 1359 3⁰
212 1293 352 1356 Libertas
363 1293 626 1368 contradictionis,
642 1311 711 1373 quae
725 1299 771 1356 est
785 1294 912 1358 factrltas
927 1313 958 1356 se
971 1293 1088 1356 ferendi
1102 1295 1141 1358 ad
1156 1297 1398 1371 contradictoria,

121 1403 155 1446 r.
174 1403 233 1463 gn,
249 1382 410 1456 studendi,
424 1389 553 1444 autnon
565 1382 721 1444 studendi.

162 1483 197 1542 4⁰
207 1479 348 1541 Libertas
363 1479 596 1556 contrarietatis,
606 1496 660 1559 per
670 1496 763 1559 quam
777 1478 886 1558 eligere
900 1478 1011 1560 aliquis
1023 1497 1122 1540 unum
1135 1478 1210 1560 quid
1221 1485 1331 1561 potest,
1345 1486 1399 1544 aut

120 1567 217 1650 hujus
230 1567 437 1642 contrarium,
453 1587 484 1630 r.
499 1585 558 1648 gn,
573 1566 712 1646 diligere,
728 1569 775 1630 vel
789 1567 856 1629 odio
870 1567 992 1630 habere.

165 1663 350 1727 astitores
366 1663 612 1747 specificationis,
625 1681 692 1744 quae
709 1670 755 1726 est
770 1663 897 1726 lecultas
914 1682 946 1726 se
962 1663 1076 1726 ferendi
1090 1664 1129 1726 ad
1143 1663 1278 1738 diversa,
1293 1684 1323 1727 v.
1337 1683 1397 1744 gn,

121 1753 297 1826 ambulare,
315 1752 433 1828 ludere,
450 1759 507 1815 etc.

162 1842 218 1903 His
240 1841 424 1922 praemissis,
445 1841 598 1905 catholicae
619 1842 765 1905 doctrinae
785 1842 938 1923 praeoipna
958 1841 1159 1904 fundamenta
1179 1841 1284 1922 paucis
1304 1841 1399 1924 suin-

121 1931 230 1994 cienda
242 1937 329 1993 sunt.

660 2168 831 2212 Pnorosttto
852 2168 863 2212 1

106 2351 111 2358 ’
163 2388 218 2447 lb.
235 2417 275 2427 -
286 2380 381 2445 Homo
403 2384 435 2444 in
457 2391 538 2445 stota
554 2393 672 2445 natura
692 2384 786 2466 lapsa
805 2383 936 2445 liberast
952 2383 987 2445 ab
1003 2384 1087 2444 omni
1101 2376 1272 2446 necessitate
1290 2385 1400 2445 intrin-

118 2493 201 2536 seca.

159 2573 289 2634 Constat
302 2577 332 2634 t⁰
345 2570 399 2632 Ee
416 2569 562 2650 Sct'ptara
575 2590 672 2632 secra.
688 2570 737 2634 Sic
755 2572 840 2633 enim
854 2569 955 2633 Eccli.
971 2569 1220 2644 nuu,10:Erit
1236 2569 1283 2630 illi
1296 2569 1398 2650 cloria

118 2669 252 2736 aterna,
269 2659 323 2740 qut
333 2661 438 2741 potuit
451 2658 639 2741 transpredt',
654 2669 684 2722 et
697 2669 814 2720 nonest
830 2668 1050 2740 trunsprcssam
1062 2659 1164 2740 facere
1175 2657 1277 2732 mala,
1295 2667 1323 2720 et
1336 2678 1397 2719 non

120 2747 204 2827 fecit.
218 2751 259 2810 Et
273 2747 374 2810 Ecclc'.
390 2766 442 2822 xv,
460 2751 497 2811 tt
511 2767 518 2810 :
531 2748 612 2811 Deus
627 2748 665 2808 ab
683 2749 772 2810 initio
789 2747 945 2809 constitnit
957 2745 1119 2825 bominem,
1134 2756 1163 2809 et
1175 2746 1300 2828 relt'qac't
1314 2747 1397 2810 illam

107 2837 156 2896 -a'n
168 2855 261 2898 mana
278 2836 403 2898 consilii
411 2841 468 2898 cai.
480 2837 605 2916 Adjcct't
617 2837 761 2899 mandata
770 2845 799 2898 et
807 2845 961 2918 praeopta
974 2854 1028 2897 aaa
1037 2853 1051 2897 .·
1062 2837 1092 2897 si
1102 2835 1230 2898 uolneris
1240 2835 1395 2916 mandata,

119 2926 340 2988 emanabant
354 2936 417 2988 te...
432 2927 511 2988 Ante
525 2925 676 2987 dominam
692 2927 758 2987 aito
773 2934 803 2987 et
813 2943 909 2997 mors,
925 2923 1033 2986 bonum
1046 2931 1077 2986 et
1088 2923 1218 3002 malam
1233 2923 1313 3005 qaod
1323 2925 1398 3008 pla-

120 3015 220 3076 cuerit
238 3016 278 3087 et,
297 3013 419 3076 dabitur
437 3014 499 3076 illi.
515 3015 630 3077 Eadem
651 3014 789 3077 doctrina
807 3033 845 3076 ex
864 3012 1013 3076 sexcentis
1034 3012 1102 3075 aliis
1123 3031 1214 3077 sacrae
1232 3013 1396 3094 Scriptura

121 3102 196 3166 locis
210 3103 423 3167 confirmatur.

159 3203 193 3262 2⁰
204 3199 261 3261 Ea
279 3199 408 3262 ratione.
423 3201 535 3276 Home,
552 3219 590 3262 ex
607 3199 749 3262 omnium
769 3217 933 3274 consensu,
953 3203 1052 3280 potest
1070 3198 1181 3261 mereri
1199 3203 1229 3260 et
1248 3197 1395 3260 demereri

107 3305 176 3351 seu
190 3288 296 3350 elicere
310 3295 396 3351 actus
412 3287 583 3351 meritorios
597 3295 628 3351 et
640 3288 866 3364 demeritorios3
881 3287 970 3368 atqui
988 3287 1027 3350 ad
1044 3287 1101 3350 hoc
1117 3286 1287 3369 requiritur
1304 3285 1394 3348 liber-

119 3382 168 3440 tas
183 3395 201 3438 a
213 3377 393 3440 necessitate
405 3397 412 3438 :
425 3384 455 3439 et
468 3397 540 3440 sane
551 3377 612 3440 nisi
624 3378 716 3440 homo
731 3383 809 3440 esset
823 3377 900 3439 liber
911 3377 1063 3438 adactum
1076 3377 1253 3456 ponendum
1267 3380 1394 3435 autnon

120 3466 315 3543 ponendum,
337 3483 399 3528 non
417 3472 497 3528 esset
514 3465 659 3528 dominus
679 3473 766 3528 actus
785 3463 849 3540 sui;
866 3482 935 3544 ergo
954 3470 1040 3526 actus
1061 3465 1110 3526 ille
1130 3482 1194 3526 non
1213 3467 1314 3542 posset
1334 3460 1395 3541 ipsi

116 3552 273 3633 imputari
291 3573 389 3635 neque
409 3555 448 3616 ad
467 3554 616 3616 meritum
629 3554 782 3634 nequead
800 3570 934 3634 poenam.
951 3554 1079 3633 Insuper
1097 3553 1136 3614 ad
1154 3551 1229 3633 quid
1246 3555 1395 3630 precepta

116 3641 242 3705 homini
262 3643 516 3723 imponerentur?
534 3644 582 3705 Ad
600 3643 676 3724 quid
694 3643 872 3723 prodessent
892 3641 1140 3704 adhortationes?
1158 3641 1205 3703 Ad
1226 3637 1301 3718 quid
1319 3656 1393 3717 prce·

117 3730 199 3806 mia,
215 3731 310 3794 minae
329 3737 359 3794 et
372 3749 486 3813 poenae,
500 3731 562 3794 nisi
580 3732 672 3795 homo
688 3731 828 3794 libertate
846 3730 1017 3809 potiretur?
1028 3733 1159 3794 Domum
1175 3729 1207 3790 id
1226 3731 1344 3788 constat
1358 3745 1395 3788 ex

119 3837 213 3882 sensu
228 3819 356 3895 intimo,
373 3839 444 3883 oum
457 3820 550 3884 homo
565 3840 596 3884 se
611 3820 724 3884 sentiat
736 3820 879 3892 liberum,
891 3825 922 3881 et
936 3818 1059 3882 aliunde
1074 3836 1181 3882 sensus
1195 3814 1327 3877 intimus
1338 3814 1393 3878 fal·

116 3906 180 3968 lere
193 3916 336 3988 nequeat.
354 3911 470 3989 Ergo...

159 4008 192 4067 3⁰
204 4003 260 4065 Ec
275 4004 453 4084 definitione
469 4005 625 4069 Ecclesiae.
644 4006 692 4068 Sic
710 4005 794 4068 enim
813 4004 967 4068 sancitum
986 4003 1045 4067 luit
1060 4003 1093 4066 in
1114 4001 1203 4064 Cone.
1222 3999 1307 4062 trid.
1323 4019 1391 4062 sess.

116 4093 170 4166 vt,
185 4111 253 4154 can.
270 4097 307 4156 5:
321 4093 363 4155 St
372 4095 439 4176 qais
457 4093 582 4156 liberum
595 4095 726 4157 dominis
744 4094 905 4156 arbitrium
918 4103 986 4176 post
998 4092 1075 4155 Adoe
1086 4099 1240 4172 peccatam
1254 4090 1393 4151 amissum

114 4189 147 4240 et
161 4183 326 4243 anteactam
340 4203 399 4245 esse
412 4183 540 4259 deberit,
560 4191 613 4245 cat
626 4202 690 4244 rem
703 4202 763 4245 esse
776 4183 813 4246 dc
827 4183 890 4244 solo
904 4181 1045 4259 tituto..‚,
1060 4177 1221 4241 anatliema
1233 4179 1281 4239 sit.

106 4293 110 4300 ·
158 4276 366 4342 Confirmatur
386 4299 424 4342 ex
444 4280 640 4343 damnatione
652 4299 746 4362 prop.
765 4298 826 4362 seq.
844 4277 986 4343 Jansenii·
999 4276 1037 4338 ab
1056 4277 1157 4338 lnnoc.
1179 4277 1205 4337 X
1227 4273 1325 4337 lauta:
1342 4273 1395 4336 Ad

108 4365 295 4428 'merendam
310 4369 357 4429 uel
369 4367 577 4430 demerendam
595 4368 627 4429 in
648 4377 729 4430 stata
747 4375 865 4429 natura
886 4367 983 4448 lapsa
1002 4383 1063 4426 non
1083 4365 1251 4448 requiritur
1270 4363 1392 4426 libertas

118 4471 139 4514 a
150 4458 336 4537 necessitate,
350 4457 402 4520 sed
410 4457 528 4540 sufficit
546 4455 670 4521 libertas
683 4477 702 4518 a
716 4457 876 4519 coactione.

1434 4647 1582 4932 Δ
