3168 5002
463 187 755 232 raorosrrrosuu
784 187 1036 234 nsuasrsauu
1345 177 1388 236 55

109 297 323 372 signislscipio
345 297 381 354 de
397 297 520 369 Ricciis,
538 299 622 355 antea
635 299 793 373 Episcopus
806 299 992 356 Pistoriensis
1011 300 1040 356 et
1055 299 1230 372 vasensis),
1252 317 1335 374 quem
1352 303 1389 358 ad

108 393 160 435 nos
177 393 230 452 pro
250 377 393 435 Pastorali
413 395 533 437 munere
547 378 731 453 suscipiendo
751 378 932 437 accedentem
951 380 1070 454 paterna
1089 379 1227 436 charitate
1248 382 1389 455 complexi

109 473 210 514 sumus
227 476 235 515 :
251 458 301 532 qui
320 458 452 514 vicissim
471 459 553 516 nobis
572 461 657 533 atque
673 459 741 516 huic
756 460 920 534 apostolice
943 460 1010 518 Sedi
1033 459 1139 533 inipso
1161 477 1248 518 sacrae
1273 478 1332 517 suae
1346 478 1389 519 or·

109 538 268 595 dinationis
293 538 352 595 ritu
370 538 496 596 debitam
521 538 607 596 tidem
629 541 657 596 et
676 539 865 596 obedientiam
888 539 1028 597 solemnis
1041 541 1232 612 jurisjurandi
1251 541 1388 614 religione

21 639 22 644 ¹
192 619 199 630 “
247 619 279 674 't.

21 751 23 764 ι
109 618 277 781 ⁰11ququ
289 707 368 780 ipse,
379 722 436 763 non
446 705 531 779 longo
546 708 696 766 intervallo
705 709 892 782 posteaquam
906 724 923 764 a
938 709 1087 782 complexu
1100 709 1196 766 nostro
1210 725 1275 766 cum
1291 709 1388 768 osculo

110 789 190 862 pacis
213 787 355 844 dimissus
375 785 410 843 ad
431 788 599 846 commissas
622 789 679 846 sibi
706 789 805 863 plebes
829 789 969 859 accessit,
989 791 1218 846 coacervatorum
1246 807 1388 864 perversae

111 867 259 942 sapientire
278 867 480 939 magistrorum
495 867 641 926 fraudibus
656 869 884 938 circumventus,
900 885 933 925 eo
953 869 1038 944 coepit
1057 870 1219 939 intendere,
1237 872 1284 939 ut,
1304 887 1388 942 quam

110 947 273 1022 superiores
294 947 450 1004 antistites
463 964 497 1004 ex
517 949 714 1006 ecclesiastica
731 949 831 1022 regula
845 949 1020 1006 laudabilem
1034 952 1064 1006 et
1077 951 1215 1025 pacatam
1225 951 1388 1007 christianae

21 1089 22 1092 Ἴ
111 1027 303 1085 institutionis
318 1027 438 1085 formam
450 1028 634 1102 jampridem
651 1029 818 1087 invexerant
831 1046 865 1086 ac
878 1045 952 1103 pene
965 1030 1136 1100 defixerant,
1154 1045 1211 1086 non
1226 1030 1276 1087 ille
1291 1047 1340 1106 pro
1355 1046 1388 1088 eo

111 1123 142 1165 ac
158 1107 285 1165 debebat
301 1109 440 1179 tueretur,
455 1107 577 1178 coleret,
595 1108 757 1184 perficeret,
777 1108 827 1166 sed
851 1111 949 1166 contra
962 1126 1014 1184 per
1026 1111 1151 1185 speciem
1166 1110 1239 1166 fictae
1255 1111 1390 1167 reiorma-
1424 1103 1436 1122 '

111 1188 403 1327 qrpqrrrtserqqnportunis
429 1187 600 1246 inducendis
626 1189 803 1246 novitatibus
828 1190 1022 1263 perturbaret,
1050 1190 1237 1260 convelleret,
1259 1191 1388 1248 funditus

147 1357 224 1426 Quin
242 1356 347 1426 etiam,
364 1371 429 1412 cum
446 1357 475 1413 et
491 1357 604 1414 hortatu
621 1357 719 1414 nostro
732 1356 768 1413 ad
781 1357 927 1430 synodum
942 1357 1135 1415 dioecesamm
1147 1358 1276 1416 animum
1289 1357 1390 1431 adiun-

112 1437 218 1506 xisset,
228 1436 380 1511 praeiracta
393 1438 456 1509 ejus
471 1437 502 1492 in
515 1452 568 1493 suo
582 1452 670 1493 sensu
679 1437 838 1511 pertinacia
850 1436 982 1494 ellectum
993 1439 1053 1507 est,
1069 1440 1115 1507 ut,
1138 1439 1213 1495 unde
1231 1439 1389 1496 remedium

113 1517 228 1590 aliquod
237 1515 391 1574 vulnerum
404 1516 559 1592 petendum
569 1518 644 1588 erat,
658 1517 726 1573 inde
738 1517 852 1588 gravior
861 1517 1004 1591 pernicies
1017 1519 1210 1575 enasceretur.
1226 1519 1301 1576 Sane
1313 1519 1390 1592 post-

113 1614 197 1670 quam
213 1597 348 1670 synodus
362 1596 422 1653 haec
439 1597 624 1654 Pistoriensis
638 1614 655 1653 e
669 1596 789 1653 latebris
806 1596 915 1670 erupit,
930 1597 960 1652 in
975 1597 1081 1670 quibus
1100 1597 1278 1670 aliquamdiu
1292 1598 1387 1656 abdita

114 1677 243 1748 delituit,
262 1693 349 1734 nemo
372 1678 428 1734 fuit
444 1676 479 1734 de
503 1693 616 1734 summa
637 1676 786 1748 Religione
805 1677 852 1751 pie
873 1677 1074 1751 sapienterque
1097 1678 1242 1747 sentiens,
1263 1679 1312 1751 qui
1333 1695 1388 1735 non

114 1759 248 1816 continuo
260 1758 432 1829 adverterit,
449 1757 503 1815 hoc
516 1758 609 1814 luisse
622 1759 771 1815 auctorum
790 1757 958 1825 consilium,
976 1759 1022 1826 ut,
1042 1774 1105 1829 quae
1124 1759 1207 1814 antea
1224 1773 1275 1830 per
1291 1757 1389 1814 multi-

114 1838 203 1912 plices
221 1837 338 1895 libellos
362 1853 514 1912 pravarum
536 1837 729 1894 doctrinarum
753 1838 864 1894 semina
890 1839 1068 1912 sparserant,
1091 1855 1125 1894 ea
1146 1838 1176 1894 in
1199 1854 1288 1894 unum
1311 1838 1391 1894 velut

114 1935 216 1994 corpus
228 1919 458 1993 compingerent,
475 1918 648 1992 proscriptos
664 1916 771 1974 dudum
786 1934 897 1974 errores
911 1917 1137 1987 exsuscitarent,
1153 1917 1319 1992 apostolicis
1330 1917 1391 1989 qui-

116 2000 168 2056 bus
181 1999 334 2074 proscripti
349 1999 417 2054 sunt
430 1998 552 2056 decretis
568 1996 654 2055 fldem
665 1997 921 2071 auctoritatemque
931 1999 1108 2070 derogarent.
1193 2051 1196 2062 ,

149 2080 220 2149 Quae
233 2095 298 2136 cum
310 2094 505 2149 demeremus,
521 2093 577 2152 quo
589 2078 721 2150 graviora
732 2082 800 2136 eunt
812 2095 862 2152 per
875 2094 957 2148 sese,
971 2079 1050 2135 tanto
1066 2077 1226 2152 impensius
1235 2075 1390 2134 Pastcralis

115 2160 221 2216 nostrae
235 2157 438 2216 sollicitudinis
450 2175 533 2234 opem
547 2158 720 2231 efflagitare;
733 2159 858 2215 mentem
872 2159 1037 2216 convertere
1051 2174 1108 2215 non
1120 2157 1290 2216 distulimus
1304 2157 1340 2214 ad
1357 2173 1391 2212 ea

114 2239 256 2314 capienda
271 2239 406 2309 consilia,
420 2255 483 2312 quae
503 2239 632 2310 surgenti
651 2238 727 2295 malo
741 2238 787 2295 vel
803 2238 927 2296 sanando
946 2238 992 2295 vel
1007 2239 1219 2312 comprimendo
1234 2252 1392 2295 accommo-

115 2320 231 2376 datiora
244 2318 414 2376 viderentur.

149 2407 246 2478 Atque
260 2406 416 2480 inprimis,
435 2405 575 2480 sapientis
591 2405 693 2461 moniti
712 2420 852 2462 memores
867 2405 1091 2463 predecessoris
1109 2405 1200 2463 nostri
1217 2408 1248 2463 B.
1268 2405 1390 2473 Zosimi,

114 2504 149 2544 eu
167 2503 236 2560 quae
253 2501 366 2561 magite
385 2490 473 2556 sent,
492 2501 643 2560 magnum
657 2486 780 2558 pondua
793 2485 951 2543 examinis
965 2486 1135 2543 desiderare
1159 2485 1218 2559 (a),
1247 2485 1392 2556 Synodum

115 2568 149 2624 ab
162 2567 304 2641 Episcopo
318 2566 426 2623 editam
449 2565 572 2640 primum
587 2567 709 2638 quatuor
723 2565 872 2640 Episcopis
888 2565 1013 2638 aliisque
1029 2565 1173 2638 adjunctis
1186 2581 1203 2621 e
1215 2565 1292 2621 clero
1304 2580 1393 2621 saecu·

115 2646 167 2703 lari
177 2646 320 2718 theologis
334 2646 555 2704 examinandam
573 2645 770 2703 commisimus
788 2647 867 2702 :tum
878 2645 905 2702 et
916 2646 1044 2719 plurium
1058 2647 1086 2704 S.
1101 2648 1134 2703 R.
1150 2649 1182 2703 Ε.
1198 2644 1392 2703 cardinalium

117 2726 294 2800 aliorumque
322 2727 529 2802 Episcoporum
552 2725 805 2798 congregationem
831 2724 1048 2798 deputavimus,
1070 2726 1120 2798 qui
1152 2727 1240 2783 totam
1265 2725 1392 2782 actorum

116 2807 218 2864 seriem
234 2807 387 2879 diligenter
401 2806 623 2882 perpenderent,
640 2805 703 2862 loca
717 2806 791 2862 inter
811 2821 843 2862 se
857 2805 961 2862 dissita
975 2806 1150 2874 conterrent,
1165 2806 1314 2879 excerptas
1330 2820 1394 2862 sen-

117 2888 220 2944 tentias
235 2887 427 2955 discuterent,
442 2902 562 2960 quorum
580 2885 717 2958 suffragia
731 2901 827 2942 coram
846 2885 929 2942 nobis
944 2901 1014 2942 voco
1027 2886 1056 2940 et
1070 2885 1176 2958 scripto
1190 2885 1267 2942 edita
1281 2885 1393 2960 excepi-

117 2984 193 3036 mus;
209 2968 260 3040 qui
279 2970 309 3024 et
325 2967 471 3039 Synodum
488 2967 625 3024 universe
644 2964 869 3039 reprobandam,
889 2965 919 3022 ct
938 2965 1077 3040 plurimas
1094 2965 1161 3022 inde
1179 2963 1314 3022 collectas
1330 2981 1393 3039 pro-

117 3047 289 3122 positiones,
305 3045 378 3104 alias
396 3046 510 3120 quidem
527 3063 577 3121 per
593 3061 674 3114 seso,
693 3044 766 3102 alias
782 3046 890 3101 attenta
907 3046 1114 3102 sententiarum
1133 3046 1308 3102 connexione
1326 3044 1391 3119 plus

116 3128 249 3186 minusve
258 3127 374 3184 acribus
384 3127 516 3184 censuris
529 3125 761 3200 perstringendas
772 3127 955 3182 censuerunt.
972 3126 1098 3195 Quorum
1111 3124 1219 3182 auditis
1233 3125 1392 3199 perpensis·

115 3225 169 3280 que
187 3207 504 3276 animadversionibus,
525 3205 599 3264 illud
609 3222 721 3280 quoque
735 3205 817 3262 nobis
833 3206 989 3274 emeruit,
1004 3207 1036 3262 ut
1045 3205 1151 3263 selecta
1162 3222 1197 3262 ex
1207 3206 1265 3262 tota
1279 3203 1391 3276 Synodo

115 3289 258 3363 praecipua
273 3287 403 3359 quaedam
418 3303 569 3362 pravarum
582 3285 776 3344 doctrinarum
796 3286 900 3361 capita,
920 3285 955 3342 ad
971 3301 1035 3358 quae
1055 3286 1238 3360 potissimum
1252 3286 1323 3341 iusae
1341 3299 1392 3356 per

115 3369 261 3441 Spnodum
271 3369 455 3442 reprobandae
468 3366 618 3426 sententiaa
628 3367 736 3424 directe
746 3366 793 3424 vel
809 3365 949 3423 indirecte
961 3366 1133 3436 reseruntur,
1146 3365 1176 3422 in
1189 3366 1298 3422 certum
1312 3361 1392 3418 dein-

115 3463 182 3523 ceps
202 3448 333 3506 ordinem
348 3447 556 3522 redigerentur,
575 3445 742 3519 eisdemque
763 3462 816 3502 sua
830 3445 933 3518 cuique
952 3445 1106 3520 peculiaris
1127 3461 1248 3503 censura
1269 3441 1392 3514 subjice-

115 3532 204 3586 retur.
405 3548 408 3554 ·

147 3618 191 3674 Ne
204 3633 272 3674 vero
290 3633 325 3674 ex
345 3616 400 3674 hec
420 3615 484 3691 ipsa
502 3613 619 3674 tametsi
640 3613 857 3672 accuratissime
877 3613 991 3687 peracta
1014 3611 1076 3670 sive
1092 3612 1219 3670 locorum
1238 3607 1391 3668 collatione

114 3697 175 3754 sive
196 3697 405 3754 sententiarum
434 3694 637 3770 disquisitione
662 3694 824 3768 pervicaces
850 3692 981 3751 homines
1009 3693 1183 3751 obtrectandi
1211 3688 1391 3746 occasionem

112 3777 291 3852 arriperent;
306 3779 340 3835 ut
354 3776 422 3835 huic
440 3777 512 3834 sorte
522 3777 583 3850 jam
602 3776 708 3850 paratae
718 3773 870 3831 calumnie
886 3773 999 3831 obviam
1015 3773 1115 3844 iretur,
1132 3769 1254 3846 sapienti
1269 3769 1389 3826 consilio

112 3857 156 3913 uti
170 3857 341 3927 statuimus,
352 3856 428 3930 quod
438 3856 469 3913 in
481 3855 694 3928 emergentibus
708 3854 873 3926 hujusmodi
888 3854 1058 3928 periculosis
1071 3851 1199 3910 noxiisve
1213 3849 1389 3907 novitatibus

112 3936 307 4012 reprimendis
322 3937 421 4012 plures
435 3937 527 3994 nostri
546 3935 640 3995 sancti
657 3935 903 4004 Praedecessores,
918 3936 980 3991 tum
998 3935 1027 3990 et
1044 3929 1208 4006 gravissimi
1222 3930 1387 3998 antistites,

111 4033 146 4074 ac
157 4017 308 4090 generales
320 4017 523 4090 etiamsynocr
533 4017 588 4074 rite
597 4017 737 4089 cauteque
746 4013 921 4086 adhibitum,
930 4013 1093 4071 illustribus
1103 4009 1242 4086 exemplis
1252 4011 1388 4068 testatum

109 4098 402 4171 commendatumque
414 4096 611 4171 reliquissent.

146 4187 257 4244 Norant
277 4185 322 4243 illi
344 4187 491 4244 versutam
514 4184 684 4243 novatorum
705 4182 824 4242 lallandi
843 4183 949 4252 artem,
964 4179 1032 4256 qui,
1050 4177 1255 4239 catholicarum
1274 4178 1388 4238 aurium

144 4470 183 4535 (α)
199 4471 227 4524 S.
242 4469 373 4532 zosimus,
388 4468 465 4534 epist.
481 4482 511 4533 u,
526 4466 596 4535 apud
607 4467 692 4520 coust
