3136 5034
743 249 951 296 inauratus

741 461 915 536 CAPUT
942 461 958 536 l

522 657 572 709 DE
602 657 858 708 VENDlTlONE
890 658 939 708 ET
968 657 1179 708 EMPTIONE

256 817 397 880 Dicetur:
413 821 444 878 1ο
456 817 493 878 de
505 821 616 878 natura
634 811 821 876 venditionis
834 819 866 875 et
881 811 1063 894 emptionis;
1080 817 1113 876 ΞΟ
1127 812 1164 874 de
1174 815 1264 894 justo
1277 814 1397 894 pretio;
1414 821 1442 879 3ο
1454 817 1483 878 de

217 905 377 988 precipuis
389 903 604 967 venditionum
618 909 650 964 et
661 901 853 983 emptionmn
866 901 1030 982 speciebus.

727 1087 940 1150 ARTIGULUS
959 1088 972 1147 I

532 1244 569 1288 bu
594 1242 716 1287 NATURA
736 1242 930 1287 vnvntrtonts
955 1241 992 1286 ΒΤ
1014 1242 1174 1288 nuntiorum·

257 1378 327 1438 881.
351 1409 390 1418 -
409 1375 589 1436 Contractus
610 1369 796 1433 venditionis
816 1377 848 1433 et
868 1369 1033 1451 emptionis
1054 1369 1222 1434 definitur:
1239 1373 1381 1434 mutatio
1400 1371 1480 1453 pretii

219 1481 290 1526 oum
305 1465 491 1535 meree,·aut
507 1459 571 1523 vioe
591 1477 691 1534 versa;
711 1459 758 1521 vel
779 1465 951 1522 contractus
972 1477 1116 1522 onerosus
1136 1459 1229 1522 dandi
1247 1459 1481 1524 determination

218 1549 529 1704 Σιαξῒιιιᾞὲιαῧῖἓίιιιέιω
543 1566 597 1630 pro
611 1565 726 1622 meroe,
743 1553 798 1610 aut
812 1548 875 1610 vioe
889 1566 984 1610 versa.
1004 1585 1042 1593 -
1059 1547 1110 1610 Itu
1121 1549 1177 1610 Jus
1187 1557 1362 1630 atrumque,
1380 1549 1484 1610 Romo-

339 1793 562 1872 Principia.

259 1934 281 1993 l.
304 1929 455 1994 Eudora
481 1931 625 1992 Romano.
649 1928 791 1991 Venditio
822 1929 883 1990 solo
906 1925 1044 2008 partium
1065 1945 1215 1989 eonsensu
1242 1927 1404 2007 perficitm,
1425 1929 1484 1989 nisi

219 2025 319 2100 partes
332 2019 370 2082 de
383 2017 567 2081 oonlieieuda
581 2017 732 2098 scriptura
745 2015 938 2080 conveniant.
955 2014 1134 2078 Dominium
1148 2022 1255 2078 autem
1268 2017 1315 2078 rei
1330 2035 1387 2080 non
1401 2022 1484 2079 tran·
1546 2013 1548 2162 1

219 2108 260 2172 sit
274 2109 314 2170 ad
327 2115 511 2189 emptorem,
525 2105 587 2169 nisi
600 2105 680 2168 lacta
695 2105 870 2168 traditione.
892 2107 959 2167 lmo
974 2123 1030 2166 neo
1050 2103 1236 2166 transfertur
1257 2104 1430 2168 dominium
1444 2105 1485 2166 rei

218 2196 313 2260 etiam
326 2195 456 2277 emptori
475 2195 611 2270 tradita,
627 2195 721 2258 donee
736 2195 774 2257 ab
794 2201 928 2275 emptore
948 2192 1083 2274 pretium
1104 2191 1253 2267 solvatur,
1270 2195 1319 2256 vel
1335 2193 1483 2268 olleratur,
1546 2163 1548 2248 1

218 2291 273 2346 aut
287 2285 396 2346 saltem
410 2289 572 2364 praestetur
585 2283 632 2346 vel
647 2282 811 2364 fidejussio,
827 2283 873 2344 vel
888 2281 962 2344 fides
973 2280 1009 2342 de
1024 2277 1086 2342 illo.
1103 2280 1182 2343 Hine
1195 2289 1287 2344 antea
1300 2282 1431 2362 emptori
1436 2285 1484 2362 jus

218 2373 255 2434 ad
267 2389 333 2434 rem
349 2377 483 2446 tantum,
497 2390 560 2435 non
571 2389 642 2434 vero
656 2371 690 2433 in
704 2389 736 2432 re
748 2370 904 2450 competit.
916 2405 956 2415 -
969 2367 1004 2430 S.
1021 2369 1090 2451 Lip.
1106 2389 1139 2431 n.
1155 2374 1334 2435 veseima.

258 2461 296 2519 ΙΙ.
318 2459 374 2519 Ea
395 2459 472 2520 lore
493 2458 621 2519 Gallico.
640 2464 672 2520 l⁰
686 2457 835 2532 Qualibet
855 2456 990 2519 venditio
1005 2458 1067 2520 solo
1084 2458 1222 2538 partium
1235 2477 1383 2522 consensu
1397 2459 1485 2538 perfi-

219 2546 309 2620 citur,
326 2545 440 2626 absque
456 2545 520 2607 ulla
537 2545 625 2624 legali
643 2544 836 2607 formalitate.
857 2545 930 2606 Tria
948 2545 1045 2625 igitur
1059 2545 1256 2627 requiruntur
1265 2553 1295 2608 et
1308 2545 1483 2619 sufficiunt,
1546 2593 1547 2596 ,

219 2634 350 2699 seilicet:
365 2652 422 2708 res,
439 2633 585 2715 pretium,
599 2639 631 2696 et
644 2650 825 2708 oonseusus;
839 2633 1001 2715 scriptura,
1018 2633 1046 2696 si
1059 2653 1128 2716 quae
1140 2634 1284 2716 exigatur,
1297 2633 1427 2696 nonnisi
1445 2635 1484 2694 ad

219 2724 428 2806 probationem
450 2722 630 2803 requiritur.
652 2722 833 2786 Dominium
851 2741 922 2786 vero
946 2721 1054 2786 statim
1072 2728 1104 2785 et
1123 2729 1196 2786 ante
1217 2723 1260 2786 rei
1287 2721 1484 2786 traditionem

221 2812 416 2885 transfertur,
440 2811 501 2873 nisi
523 2817 633 2892 agatur
655 2811 803 2874 derebus
824 2831 893 2894 quae
909 2814 1002 2893 juxta
1024 2829 1205 2874 mensuram
1225 2813 1416 2886 venduntur,
1437 2818 1485 2872 aut

218 2900 335 2982 gustari
348 2900 460 2977 solent;
478 2906 552 2962 tuno
564 2899 651 2962 enim
663 2899 800 2963 venditio
812 2899 941 2981 perlecta
956 2906 1089 2974 nonest,
1107 2899 1169 2962 nisi
1184 2921 1231 2964 res
1244 2908 1426 2964 mensurata
1436 2907 1483 2960 aut

218 2991 340 3070 gustata
360 2987 464 3051 luerit.
490 2992 524 3050 2⁰
543 2991 621 3050 Cum
641 2988 776 3051 venditio
796 3007 953 3052 summam
970 2992 1029 3052 150
1044 2987 1082 3050 lr.
1102 2991 1239 3064 excedit,
1257 2990 1345 3052 utin
1363 2989 1425 3053 lom
1440 3007 1483 3050 er-

220 3085 305 3140 temo
339 3077 462 3158 probari
494 3075 609 3158 possit,
646 3076 794 3158 seriptum
829 3077 1042 3140 authenticum
1078 3077 1125 3141 vel
1164 3077 1328 3159 privatum
1362 3075 1484 3159 requirit
1544 3065 1545 3088 ¹

218 3167 293 3248 (ort.
311 3167 418 3246 tall).

339 3321 535 3398 Quaesita.

258 3464 328 3523 881.
341 3495 380 3504 -
391 3461 492 3533 Quart.
509 3464 542 3521 1ο
557 3458 606 3518 An
622 3457 758 3520 uenditor
773 3467 910 3520 teneatur
923 3459 970 3521 rei
983 3457 1115 3539 defectus
1127 3459 1348 3540 manifestare?

259 3548 350 3628 desp.
368 3565 381 3607 .·
402 3546 659 3628 distinqueodom
676 3555 737 3625 eat;
761 3546 892 3610 delectus
912 3547 997 3610 enim
1019 3555 1115 3610 sunt:
1133 3553 1163 3611 t⁰
1182 3548 1421 3622 substantiales,
1445 3545 1486 3606 vil
1542 3589 1543 3602 2

218 3634 416 3698 accidentales
432 3641 572 3711 tanturm
596 3638 628 3697 2⁰
644 3635 770 3710 ooeulti,
794 3636 840 3698 vel
857 3634 1029 3713 manifesti3
1046 3641 1078 3699 3⁰
1100 3636 1226 3718 insuper
1242 3638 1291 3700 vel
1310 3639 1349 3700 de
1368 3637 1408 3700 iis
1421 3653 1485 3698 reu·

218 3723 299 3786 ditor
312 3723 527 3802 interrogatur,
542 3722 588 3788 vel
602 3741 673 3786 non.
688 3723 767 3787 Hine

257 3814 333 3874 Ilico
358 3817 408 3874 1⁰:
425 3811 584 3887 venditor,
609 3813 743 3874 inomni
764 3832 848 3890 caso,
870 3818 993 3876 tenetur
1010 3813 1204 3877 manifestare
1224 3814 1335 3878 omnia
1353 3813 1431 3876 vilia
1449 3811 1484 3872 rei

220 3900 433 3964 substantialia
452 3905 518 3962 tam
539 3901 573 3962 in
594 3919 625 3964 se
648 3919 743 3981 quam
764 3901 888 3964 relative
907 3902 945 3964 ad
965 3901 1060 3965 finem
1080 3909 1191 3966 notum
1207 3903 1373 3984 emptoris,
1389 3921 1442 3965 seu
1457 3919 1484 3961 ea

219 3989 323 4051 omnia
343 4005 496 4070 quaeram
514 3987 607 4050 ubam
625 3988 758 4063 iaciunt,
775 3989 823 4052 vel
840 4007 908 4052 eam
924 3991 1064 4067 noxiam,
1082 3995 1136 4054 aut
1154 3991 1334 4054 notabiliter
1348 3991 1483 4054 inutilem

219 4075 366 4152 reddunt;
380 4095 465 4140 seous
480 4078 517 4141 de
530 4077 627 4158 pretio
643 4084 773 4141 tenetur.
788 4077 893 4140 —Ito
907 4099 945 4141 ea
959 4081 1044 4142 omni
1053 4081 1139 4142 Jore.
1540 4123 1541 4130 ,

259 4165 335 4228 Dico
351 4169 405 4228 2⁰:
421 4166 580 4242 Venditor‚
607 4167 827 4250 interspatia,
853 4171 977 4230 tenetur
996 4169 1101 4231 omnia
1123 4168 1199 4232 vitia
1219 4169 1339 4232 oceulta
1359 4167 1481 4232 manile·

218 4261 316 4330 stare,
335 4253 458 4317 etiamsi
476 4273 542 4317 rem
561 4254 685 4318 noxiam
706 4259 760 4318 aut
775 4256 918 4319 inutilem
940 4275 1002 4320 non
1019 4257 1163 4333 reddant;
1180 4275 1265 4320 seeus
1281 4257 1368 4320 enim
1389 4257 1479 4320 dolrm

217 4343 433 4405 committeret.
463 4343 591 4406 Proinde
618 4342 645 4405 si
665 4345 752 4407 dolus
766 4344 827 4408 luit
848 4365 921 4408 vera
934 4364 1026 4408 eausa
1045 4346 1226 4427 emptionis,
1249 4351 1427 4410 contractus
1442 4347 1485 4404 est

218 4428 431 4523 rescindibilis.
457 4429 489 4492 Si
510 4449 580 4493 vero
599 4432 687 4494 dolus
709 4433 804 4497 luerit
826 4435 962 4498 incidens
979 4441 1119 4510 tantum,
1136 4435 1181 4498 ita
1200 4440 1237 4497 ut
1257 4441 1390 4516 emptor,
1416 4431 1485 4494 vilio

218 4519 354 4589 cognito,
376 4513 470 4575 etiam
486 4517 625 4594 emisset,
648 4521 784 4585 sednon
807 4523 903 4599 tanti,
925 4523 1088 4588 restituere
1108 4523 1198 4588 debet
1222 4523 1364 4588 venditor
1387 4521 1485 4586 solum
