3216 5020
252 261 318 321 182
781 271 988 318 rnacvnros

290 391 323 449 ⁶2⁰
337 385 470 450 Motibus
484 383 750 464 concupiscentia,
767 389 835 464 post
850 383 977 447 rationis
992 384 1231 460 advertentiam,
1248 385 1346 448 resisti
1359 387 1497 450 debetsal-

249 482 313 539 tem
328 494 381 555 per
392 472 616 554 displicentiam
630 472 809 546 virtualem,
827 473 969 535 animum
985 472 1098 536 scilicet
1111 474 1148 536 ad
1161 473 1222 536 alia
1236 474 1436 550 distrahendo,
1452 495 1498 539 nec

248 563 359 626 suffieit
381 581 412 625 se
435 561 576 642 negative
600 580 653 623 seu
678 561 860 624 neutraliter
880 568 954 623 tunc
971 561 1097 636 habere,
1116 561 1238 624 etiamsi
1260 563 1421 644 pericnlum
1438 581 1496 626 eon·

248 671 354 715 sensns
368 653 472 714 abesse
481 649 633 713 videatur.
649 648 699 710 Ito
714 654 908 712 communiter
918 649 1057 731 theologi.

287 746 319 804 3⁰
339 739 500 803 Potissime
522 738 640 800 veroid
658 737 739 800 valet
757 739 856 818 quoad
874 745 979 810 motus
997 739 1249 820 concupiscentias
1268 739 1301 802 in
1318 759 1350 801 re
1368 758 1493 816 venerem

246 829 300 910 qui
315 848 354 891 ne
368 831 517 908 praetentu
530 827 656 907 quidem
667 825 756 888 lucta
770 833 801 888 et
813 825 949 890 exercitii
963 827 1091 890 virtutis
1106 827 1231 890 retineri
1243 827 1361 891 debent.

285 922 319 980 l⁰
333 917 423 981 Nulla
445 921 548 978 tamen
573 915 659 978 adest
680 914 824 994 obligatio
843 915 1017 978 carnalibus
1034 915 1173 978 motibus
1186 915 1314 997 positive
1335 917 1493 991 resistendi,

244 1024 317 1068 cum
330 1005 400 1068 talis
415 1003 591 1068 resistentia
612 1003 741 1066 subinde
765 1003 864 1083 magis
884 1003 951 1066 illos
971 1003 1097 1080 excitet;
1114 1004 1213 1067 multo
1227 1003 1331 1066 minus
1347 1004 1495 1067 necessaria

245 1100 290 1157 est
304 1093 480 1156 resistentia
495 1091 671 1154 materialis.

286 1186 318 1244 5⁰
341 1187 408 1246 Non
431 1182 522 1243 modo
547 1179 647 1261 quoad
668 1179 802 1242 carnales
826 1187 945 1256 motus,
967 1182 1019 1244 sed
1047 1181 1142 1244 etiam
1161 1183 1261 1262 quoad
1284 1188 1383 1244 motus
1407 1187 1497 1244 centra

240 1270 352 1334 Fidem
376 1274 405 1332 et
431 1269 599 1332 caritatem
615 1267 792 1332 resistentia
814 1288 897 1332 mere
917 1268 1068 1332 indirecta
1086 1287 1140 1351 per
1155 1269 1381 1333 distractionem
1398 1267 1497 1331 mentis

244 1359 428 1422 consulenda
446 1363 508 1434 est,
525 1357 724 1438 potiusquam
741 1356 854 1420 directa
876 1357 980 1440 eliqua
996 1358 1173 1422 resistentia
1190 1377 1244 1422 seu
1264 1357 1451 1440 oppugnatio.
1463 1390 1497 1401 -

241 1447 281 1510 S.
299 1445 396 1530 Alpe.
412 1468 444 1508 η.
460 1450 490 1510 o.

284 1540 317 1600 6⁰
329 1539 389 1600 Nec
403 1535 480 1597 item
494 1541 636 1597 tenemur
652 1535 690 1596 ad
704 1533 867 1615 positivam
882 1533 1090 1598 resistentiam
1104 1536 1250 1599 adversus
1267 1535 1429 1618 quamlibet
1441 1539 1497 1596 ten·

244 1624 409 1699 tationem,
425 1641 494 1705 quae
508 1623 563 1684 diu
577 1622 789 1702 protrahatur;
806 1623 863 1686 hoc
881 1622 966 1686 enim
982 1623 1076 1686 nimis
1089 1624 1272 1700 molestum,
1294 1629 1323 1686 et
1344 1620 1497 1686 mnumeris

244 1712 394 1793 scrupulis
408 1711 576 1775 obnoxium
593 1710 680 1775 soret.

285 1807 318 1864 7⁰
339 1801 466 1878 Quando
486 1799 566 1862 absit
581 1799 751 1880 periculum
767 1819 947 1874 consensus,
964 1801 998 1863 in
1015 1801 1151 1864 motibus
1170 1799 1415 1882 concupiscentia
1427 1814 1498 1859 mere

246 1889 387 1970 negative
410 1909 441 1952 se
459 1889 584 1963 babere,
597 1890 689 1969 juxta
703 1889 851 1951 venerem
867 1888 1066 1964 sententiam,
1085 1895 1242 1970 peccatum
1260 1895 1380 1953 tantum
1397 1885 1499 1949 veniale

245 1986 306 2055 est,
323 1977 394 2040 licet
416 1979 453 2040 de
476 1978 589 2057 objecto
610 1976 695 2056 gravi
710 1983 829 2057 agatur,
850 1995 905 2040 nec
923 1977 983 2040 alia
1000 1977 1081 2040 adsit
1100 1996 1191 2040 causa
1208 1997 1226 2040 a
1241 1977 1412 2041 resistentia
1421 1989 1499 2036 encu-

246 2085 327 2130 sans.
344 2103 383 2112 -—
396 2066 432 2128 S.
449 2065 543 2147 Alpb.
559 2085 589 2126 n.
604 2069 634 2128 9.

286 2157 432 2230 Qunnns:
451 2153 591 2230 Ouoeaom
603 2157 665 2214 sint
678 2154 813 2216 remedio
826 2165 932 2216 contro
941 2163 1039 2216 motus
1051 2155 1319 2238 concupiscentie?

284 2243 400 2325 Respa:
418 2246 461 2304 Ea
484 2243 668 2322 generatim,
693 2261 763 2322 quae
783 2261 890 2306 corum
912 2243 1013 2305 causis
1037 2250 1242 2325 opponuntur.
1270 2245 1346 2307 Hinc
1365 2241 1389 2304 si
1408 2255 1498 2321 prove·

245 2331 335 2393 niant
355 2350 392 2392 ex
410 2329 587 2412 phantasia,
603 2331 668 2394 haec
685 2332 899 2413 compescenda
914 2337 976 2407 est,
992 2339 1047 2394 ant
1065 2333 1102 2394 ad
1123 2331 1183 2394 alia
1198 2332 1411 2406 convertenda;
1428 2327 1452 2389 si
1467 2343 1500 2386 es

246 2418 371 2499 objectis
396 2419 546 2493 externis,
577 2423 632 2482 aut
657 2419 880 2494 occasionibus,
906 2420 970 2483 liaec
998 2419 1159 2500 fugienda,
1184 2421 1246 2484 nisi
1269 2425 1360 2502 juste
1384 2415 1500 2480 rationes

246 2512 350 2571 eontra
364 2509 503 2588 exigant,
518 2513 574 2570 aut
587 2508 626 2570 ab
638 2507 783 2571 omnibus
798 2508 921 2588 objectis
936 2508 1006 2590 quis
1020 2515 1195 2587 moveatur3
1213 2510 1240 2573 si
1252 2529 1293 2573 en
1301 2504 1499 2588 complexione,

247 2599 295 2660 vel
314 2597 482 2660 humorum
498 2596 702 2671 abundantia,
724 2595 916 2660 mortificatio
935 2596 1107 2660 adhibenda
1120 2603 1183 2675 est;
1201 2598 1228 2661 si
1249 2617 1290 2662 ex
1308 2598 1424 2668 timore,
1440 2590 1501 2654 vin-

245 2688 357 2750 cendus
371 2685 422 2748 bic
436 2693 496 2762 est,
513 2704 567 2748 seu
583 2685 745 2767 spernendi
759 2691 833 2748 sunt
847 2693 960 2749 motus.
975 2723 1014 2732 -
1036 2686 1071 2749 V.
1090 2686 1197 2759 Coeus,
1214 2709 1246 2748 n.
1261 2692 1314 2752 at.

755 2956 931 3032 CAPUT
964 2957 1002 3031 11

405 3173 451 3224 DE
477 3173 676 3238 GRAVITATE
702 3175 864 3244 PECCATI,
894 3175 1105 3228 PRAESERTIM
1131 3177 1177 3228 DE
1203 3177 1360 3229 PECCATO

679 3297 837 3349 MORTALI
863 3299 908 3348 ET
933 3297 1080 3349 VENIALI

288 3477 356 3538 lto.
376 3509 415 3519 -
430 3478 651 3539 Dnnmrronns
670 3475 811 3539 Gravitas
821 3471 944 3560 percuti
954 3483 1000 3541 est
1014 3477 1172 3559 quantitas
1192 3497 1246 3541 seu
1266 3493 1410 3541 mensura
1427 3465 1504 3566 mali:

247 3563 313 3638 tiae,
331 3581 392 3644 qua
403 3569 561 3645 peccatum
579 3569 625 3628 est
642 3567 741 3647 magis
755 3567 803 3629 vel
819 3567 926 3630 minus
938 3567 991 3630 Dei
1006 3565 1206 3644 offensivum,
1227 3573 1258 3630 et
1271 3565 1396 3648 proinde
1409 3561 1505 3640 majon

246 3653 294 3714 vel
307 3651 421 3714 minori
439 3671 530 3733 poena
544 3654 684 3734 dignum.

285 3740 444 3803 Peccatum
462 3743 591 3805 mortale
613 3748 660 3806 est
683 3744 882 3824 transgressio
905 3744 980 3825 legis
999 3743 1132 3824 graviter
1145 3743 1327 3825 obligantiS,
1345 3759 1398 3805 seu
1416 3731 1505 3818 grans

246 3827 361 3893 offensa
374 3829 445 3906 Dei,
461 3829 588 3910 privans
606 3831 743 3895 amicitia
756 3833 863 3896 divina
882 3840 913 3896 et
931 3832 1030 3912 gratia
1046 3832 1268 3909 sanctificante,
1285 3837 1316 3897 et
1334 3833 1504 3912 pcccawrem

241 3918 373 3981 reddens
387 3925 499 3982 aetcrna
512 3938 602 4001 prena
615 3919 755 4001 dignum.
1485 3997 1491 4010 ¹

288 4005 447 4069 Peccatum
469 4008 584 4071 veniale
611 4016 658 4072 cst
685 4010 869 4090 trangressio
893 4011 968 4092 legis
1002 4010 1110 4075 leviter
1135 4010 1315 4092 obligantis
1351 4025 1405 4070 seu
1440 4002 1507 4064 lens

249 4093 363 4158 offensa
377 4097 444 4172 Ilei,
466 4116 535 4178 qna
554 4116 609 4161 nec
623 4098 724 4178 privat
739 4098 876 4161 amicitia
890 4099 1011 4175 divina,
1027 4118 1083 4162 nec
1104 4099 1202 4180 gratia
1222 4095 1443 4166 sanctificante,
1460 4100 1507 4150 1100

246 4181 375 4262 proinde
388 4185 426 4247 ab
441 4191 555 4249 aeterna
564 4185 756 4249 beatitudine
764 4187 909 4250 excludit.

287 4272 432 4346 Quadam
455 4281 575 4355 peccata
592 4281 666 4338 sunt
685 4274 825 4338 mortalia
841 4295 879 4338 ex
894 4285 951 4339 tcto
966 4295 1073 4358 geone
1090 4297 1159 4356 suc,
1176 4277 1297 4359 quando
1311 4287 1417 4338 eornm
1436 4264 1509 4345 obje-

247 4363 332 4420 ctruu
348 4378 401 4422 seu
416 4364 555 4437 materia,
572 4383 610 4427 ex
624 4363 733 4445 scipsa,
744 4363 970 4445 praescindendo
981 4384 998 4427 a
1008 4365 1193 4429 conscientia
1203 4381 1336 4437 erronea,
1354 4353 1509 4436 semiplena

247 4447 438 4511 advertenda
459 4451 506 4513 vel
526 4451 700 4533 imperfecto
717 4471 887 4528 consensu,
903 4453 986 4516 intra
1009 4461 1110 4518 totum
1134 4471 1229 4517 sunm
1249 4469 1360 4534 genoe,
1384 4447 1509 4540 adeoque

305 4535 451 4599 omnibus
474 4539 539 4601 suis
564 4540 717 4620 speciebus
741 4541 951 4617 interioribus,
967 4549 998 4606 et
1023 4559 1225 4624 quaecumque
1248 4539 1430 4606 eudemum
1455 4532 1506 4596 srt.
