3216 5020
608 234 650 278 111
671 235 893 280 1111111111
1316 221 1385 282 169

150 343 242 425 Resp.
258 344 297 405 ad
317 349 370 406 1000
383 341 460 424 Nep.
470 363 529 427 per
548 363 593 421 se,
610 344 682 425 quia
704 350 831 408 ornatus
854 363 917 406 non
938 347 1071 426 graviter
1088 365 1125 408 ex
1141 353 1252 408 natura
1272 366 1328 410 sua
1348 349 1386 411 ad

110 432 273 494 libidinem
285 438 442 511 provocat,
459 433 533 514 quin
549 433 694 495 etiamad
709 439 808 495 status
820 434 956 496 decorem
971 453 1048 514 saepc
1059 433 1203 514 exigitur.

152 521 241 600 Resp.
258 523 297 583 ad
311 525 366 582 2¹¹³
377 519 453 602 Nep.
470 521 578 583 itidem
592 540 599 582 :
614 520 646 583 id
658 521 743 583 enirn
758 542 813 602 per
829 543 860 584 ee
873 522 1024 584 venialem
1042 523 1144 585 labem
1158 523 1289 584 minime
1302 543 1386 586 exec-

112 610 174 683 dit,
190 609 218 671 si
236 609 404 671 obvanam
424 609 579 689 gloriolam
600 611 781 693 captandam
799 610 853 672 fiat
867 631 874 672 :
887 611 971 673 omni
989 631 1059 674 vcro
1078 618 1197 692 peccato
1214 612 1341 684 carebit,
1360 613 1385 674 si

108 702 194 780 justa
213 717 303 760 causa
324 698 526 772 interveniat,
546 719 576 762 r.
591 718 649 778 gn,
664 698 797 762 deiectus
819 699 968 762 naturalis
988 701 1150 780 tegendus,
1167 707 1224 762 ctc.
1239 737 1278 746 -
1294 701 1383 782 Cous.

113 787 149 849 S.
171 787 275 849 ΤΙιονη.
294 791 323 849 2.
339 791 423 867 6.,1.
442 789 512 862 169,
528 797 588 849 ort.
607 793 621 850 1
642 797 672 849 et
687 791 717 850 1.

152 877 254 950 Quian.
270 879 302 938 3⁰
317 879 368 936 Aa
382 875 520 955 praviter
530 885 631 958 peccet
645 877 756 938 mulier
768 876 871 939 viriles
885 886 974 940 vestes
988 876 1135 940 cadamo?

152 964 244 1046 Resp.
261 963 338 1048 Nep.
352 983 413 1046 per
427 983 456 1026 se
468 983 481 1025 .·
494 965 526 1026 id
538 965 633 1038 enim,
649 963 675 1027 si
685 968 803 1046 justam
816 965 853 1028 ob
866 983 991 1028 causam
1007 967 1075 1040 fiat,
1089 967 1174 1029 omni
1190 967 1387 1046 culpa‘carcre

114 1059 227 1134 potest3
245 1053 272 1114 si
286 1053 323 1116 ob
336 1053 493 1115 levitatem
506 1053 553 1116 vel
564 1057 683 1135 jocum,
698 1053 815 1116 veniale
830 1073 892 1118 non
904 1056 1036 1130 excedit,
1051 1057 1174 1137 preciso
1186 1063 1290 1118 temen
1303 1074 1386 1118 scan-

152 1233 254 1305 Qunn.
269 1235 303 1292 10
315 1236 367 1292 Aa
382 1231 518 1311 praviter
529 1245 648 1312 peccent
663 1232 688 1292 ii
702 1233 754 1313 qui
769 1232 883 1293 larvati
895 1251 946 1294 aaa
952 1233 1109 1314 personati
1118 1233 1275 1294 incedant?

155 1319 244 1401 Resp.
258 1319 337 1400 Nep.
349 1339 408 1402 per
425 1339 469 1392 ae,
486 1320 575 1382 modo
594 1319 706 1383 scilicet
726 1339 775 1383 eos
798 1339 975 1400 congressus
994 1341 1057 1384 uon
1077 1323 1203 1396 adeant,
1222 1322 1387 1402 inquibus

116 1407 254 1488 proxima
265 1408 445 1490 pierumque
456 1408 597 1488 peccandi
610 1409 723 1471 occasio
737 1408 878 1472 occurrit.

155 1499 223 1559 ato.
239 1531 277 1542 -—
289 1499 391 1571 Quen.
406 1501 438 1559 5⁰
450 1498 502 1558 Aa
518 1496 604 1558 liceat
617 1497 823 1560 meretricibus
837 1498 883 1559 111
895 1498 1115 1560 concubinariis
1130 1497 1297 1579 famulari?

154 1585 243 1666 Resp.
260 1587 299 1648 ad
317 1591 371 1647 1000
382 1585 462 1666 Nep.
478 1592 547 1647 tum
566 1585 604 1648 ob
624 1586 816 1660 scandalum,
836 1593 906 1648 tum
924 1587 1018 1648 etiam
1037 1587 1075 1650 ob
1095 1587 1270 1648 maximum
1286 1587 1387 1667 lapsus

115 1673 295 1756 periculum.
313 1673 344 1735 Si
356 1674 410 1754 qui
422 1691 494 1735 vero
510 1693 597 1736 casus
614 1674 785 1755 excipiendi
802 1674 930 1738 fortasse
949 1675 1063 1750 forent,
1077 1676 1111 1738 bi
1132 1693 1169 1738 ex
1189 1693 1388 1755 personarum

115 1762 283 1845 adjunctiS,
301 1765 348 1824 rel
361 1762 549 1824 necessitatis
564 1764 660 1842 gradu
672 1763 860 1844 dijudicandi
873 1771 974 1826 erunt.

154 1852 244 1934 Itesp.
261 1852 385 1913 16100οῑ
404 1851 545 1914 Permitti
564 1851 689 1932 quidem
708 1858 822 1932 potest,
837 1851 864 1914 si
881 1852 1039 1915 dominon
1055 1860 1192 1915 servetur
1206 1851 1385 1914 concubina.

117 1945 205 2004 Sccus
225 1957 296 2003 vcro
319 1938 481 2002 difficulter
498 1940 536 2001 ob
556 1957 645 2020 grave
665 1939 849 2004 seductionis
867 1941 1053 2022 periculum,
1074 1941 1135 2003 nisi
1159 1947 1262 2003 11111111
1283 1959 1388 2020 graves

116 2031 239 2110 vigeant
253 2029 386 2091 rationes
404 2029 554 2110 ejusmodi
573 2028 699 2090 domino
716 2029 920 2106 inserviendi,
937 2031 984 2092 vel
1002 2029 1065 2092 nisi
1082 2029 1192 2092 feruuli
1205 2029 1388 2110 famulaeque

115 2118 284 2199 pietatevel
293 2117 383 2180 annis
395 2117 594 2198 provectiores
608 2117 836 2180 existimentur.
847 2119 968 2194 Paucis;
983 2119 1161 2200 questionis
1172 2120 1266 2200 hujus
1279 2118 1389 2180 solutio

115 2208 169 2269 rix
179 2207 262 2269 tradi
278 2213 389 2286 potest,
406 2207 458 2268 sed
470 2224 508 2268 ex
520 2205 614 2268 variis
631 2225 734 2268 rerum
747 2207 899 2288 adjunctis
916 2209 1044 2288 petenda
1061 2215 1117 2270 est.
1131 2243 1171 2254 —
1187 2206 1238 2269 Im
1258 2226 1390 2268 cotuma-

113 2298 208 2370 m'ter,
226 2302 330 2357 contra
343 2295 492 2373 Coccina,
508 2295 563 2376 qui
575 2295 692 2356 nullam
705 2296 845 2358 admittit
858 2296 1077 2377 exceptionem.
1214 2285 1228 2316 ⁹

155 2387 258 2460 Qomu.
276 2389 308 2446 6⁰
319 2386 370 2446 An
391 2385 479 2446 liceat
495 2382 605 2467 puella
622 2385 756 2466 accipere
769 2385 947 2448 munuscula
961 2384 999 2447 ab
1014 2385 1081 2463 illo,
1099 2405 1190 2468 aquo
1203 2396 1314 2468 praeter
1328 2405 1391 2447 ma-

117 2475 259 2535 centone·
268 2473 358 2556 finem
374 2475 542 2556 requei-itur
556 2483 584 2535 et
597 2471 736 2536 amatur?

154 2563 244 2643 Hesp.
259 2563 352 2637 Nep„
368 2561 442 2644 quia
457 2579 585 2624 munera
607 2571 755 2624 mutuum
775 2581 910 2626 amorem
930 2562 1065 2626 maxime
1081 2563 1216 2626 excitant
1230 2583 1263 2626 ae
1275 2563 1387 2625 forent.

117 2651 207 2726 Hinc,
222 2652 321 2732 quoad
336 2651 402 2712 ficri
415 2657 530 2731 potest,
545 2651 761 2732 imperandum
774 2651 880 2731 puellae
895 2658 931 2713 ut
943 2652 1092 2733 ejusmodi
1106 2653 1290 2714 mururscula
1302 2651 1389 2714 rosti-

118 2745 194 2814 tuat,
212 2739 258 2801 vel
273 2739 457 2819 pauperibus
472 2739 648 2814 distribuat,
665 2739 713 2800 vel
724 2739 859 2802 darnmis
872 2741 1079 2802 comburenda
1094 2741 1254 2802 111611.-
1267 2739 1303 2803 S.
1316 2741 1388 2822 Lt'p.

117 2848 146 2888 a.
162 2833 212 2892 76.
225 2864 264 2872 -
278 2829 427 2906 Lucania,
445 2828 468 2906 l.
485 2829 526 2902 ll,
543 2831 658 2891 11161.

536 2967 571 3020 ll.
587 2996 623 3006 -
640 2962 728 3021 Circa
739 2981 850 3038 pravos
864 2965 966 3022 libros.

156 3089 202 3148 Ex
220 3085 306 3146 omni
321 3084 532 3146 scandalorum
546 3102 652 3164 genere
666 3083 789 3146 nullum
802 3084 901 3164 magis
914 3085 1116 3146 execrandum
1128 3091 1189 3160 est,
1203 3105 1296 3168 quam
1310 3088 1388 3168 quod

118 3191 152 3236 ex
170 3173 278 3254 impiis
299 3180 330 3236 et
349 3173 498 3235 obscoenis
518 3172 606 3234 libris
624 3179 811 3254 procreatur.
832 3177 900 3236 llaec
922 3177 968 3235 est
990 3172 1138 3236 diabolica
1155 3175 1307 3250 inventio,
1325 3193 1388 3236 orn-

117 3263 206 3324 nium
222 3261 429 3324 efficacissima
448 3263 487 3324 ad
501 3261 621 3325 animes
640 3261 802 3324 turmatim
818 3261 853 3323 in
868 3261 1012 3341 gebennas
1029 3261 1211 3326 barathrum
1225 3265 1388 3327 detruden-

118 3351 179 3414 das.
197 3353 268 3412 llaec
281 3357 328 3428 est
344 3350 437 3432 pestis
451 3350 593 3413 omnium
610 3350 744 3412 maxime
756 3351 823 3412 dira
836 3355 867 3412 et
878 3351 1042 3426 immanis,
1058 3371 1126 3432 quae
1138 3371 1200 3416 non
1210 3371 1306 3414 unam
1320 3355 1387 3412 tau-

25 3475 26 3480 *
118 3445 185 3502 tum
195 3439 351 3519 regionem
359 3446 413 3501 aut
421 3439 726 3512 etateminficit‚sed
736 3441 774 3502 ad
786 3439 1039 3519 universalocajet
1047 3439 1386 3521 temporadiffunditur,

117 3529 281 3608 omniaque
295 3528 468 3591 innumeris
480 3529 608 3608 complet
624 3527 787 3607 stragibus.
798 3527 870 3604 Quis
885 3532 989 3590 autom
1003 3528 1117 3591 edicere
1130 3535 1229 3610 posset
1239 3527 1390 3590 horrenda

118 3617 196 3680 mala
211 3635 279 3697 quae
294 3616 443 3696 Religioni
457 3624 488 3679 et
498 3615 636 3678 moribus
649 3635 686 3677 ex
699 3616 802 3697 pravis
818 3616 906 3680 bbris
920 3617 1006 3680 velut
1024 3637 1062 3680 ex
1073 3618 1177 3681 lethali
1190 3618 1272 3680 fonte
1287 3621 1391 3678 exorta

118 3712 202 3780 suut,
216 3705 385 3786 etquidem
397 3724 494 3785 usque
509 3705 654 3768 adfinem
667 3705 776 3766 mundi
791 3705 983 3785 propaganda
995 3712 1087 3788 atque
1100 3705 1351 3786 multiplicanda?

157 3795 305 3873 Satagant
319 3793 415 3874 igitur
428 3801 459 3856 et
475 3793 579 3856 animo
595 3797 729 3856 mactent
743 3792 880 3856 ministri
898 3795 965 3868 Dei,
987 3795 1211 3859 concionatores
1231 3793 1345 3856 scilicet
1360 3797 1391 3854 et

119 3881 310 3956 Confessarii,
325 3888 360 3944 ut
372 3882 445 3945 totis
458 3882 576 3944 viribus
588 3881 661 3944 huic
672 3881 801 3944 torrenti
814 3881 991 3964 iniquitatis
1004 3903 1034 3946 se
1048 3889 1210 3964 opponant,
1220 3890 1252 3945 et
1261 3899 1391 3962 percun-

119 3974 163 4033 tes
176 3969 300 4032 animas
312 3989 328 4031 e
341 3969 481 4033 faucibus
496 3969 653 4033 infernalis
668 3970 771 4052 abyssi
786 3971 928 4054 eripiant.

156 4063 325 4139 Nunquam
337 4059 433 4139 igitur
446 4059 652 4140 permittenda
667 4064 714 4120 est
727 4057 826 4134 lectio,
839 4059 998 4141 impressio
1013 4067 1043 4122 et
1056 4059 1223 4138 divulgatio
1238 4059 1390 4122 librorum

120 4147 203 4210 Fidei
219 4153 249 4209 et
264 4147 402 4209 moribus
417 4147 542 4210 omuino
556 4146 797 4208 adversantium.

242 4277 438 4353 Quaesita.

159 4411 229 4468 att.
245 4441 284 4450 -—
298 4407 398 4536 Qunp.
417 4411 448 4468 10
463 4405 513 4467 Aa
530 4407 611 4486 typis
632 4407 777 4466 committi
793 4408 909 4487 possint
930 4405 1004 4465 libri
1018 4409 1072 4488 qui
1082 4411 1199 4488 partim
1215 4408 1298 4486 boui,
1316 4428 1394 4490 poor«

124 4499 174 4556 tim
197 4499 261 4556 sint
283 4495 373 4555 moli.
