3168 5002
16 4525 21 4596 t

435 214 722 262 anoaosrrrosusr
746 214 997 262 1111111111
1310 211 1352 270 35

77 323 180 392 1611116,
198 325 354 396 utcumque
375 324 429 380 iter
447 327 548 396 agant,
564 327 677 383 etiamsi
697 327 752 384 iter
766 328 961 384 necessarium
982 344 1038 384 non
1057 329 1109 398 sit,
1125 331 1153 388 et
1166 331 1280 390 etiamsi
1299 335 1354 391 iter

77 404 166 460 anius
180 403 241 460 diei
256 403 418 460 conficiant.

113 491 160 547 31.
179 493 244 548 Non
262 493 308 548 est
321 491 456 562 evidens,
478 494 555 566 quod
573 494 749 552 consuetudo
769 511 825 552 non
849 495 1015 560 comedendi
1037 512 1091 555 ova
1107 500 1136 554 et
1156 497 1302 558 lacticinia
1322 503 1352 558 in

80 569 307 644 Quadragesima
321 570 438 643 obliget.

116 657 163 714 33.
184 659 337 716 Restitutio
352 659 496 717 fructuum
512 661 548 717 ob
565 662 750 720 omissionem
770 664 908 720 Horarum
931 663 1058 737 suppleri
1079 667 1173 740 potest
1192 683 1243 742 per
1265 686 1352 741 quas-

81 755 207 875 campus
225 738 439 812 eleemosynas,
457 756 529 814 ques
548 741 633 799 antea
654 743 855 800 beneficiarius
876 743 910 800 de
931 743 1071 801 fructibus
1092 746 1139 804 sui
1163 747 1295 806 beneficii
1316 751 1354 808 le-

80 835 143 876 cerr

118 907 164 963 31.
183 909 215 964 11
229 905 276 964 die
289 907 455 966 Palmamm
470 909 592 967 recitans
607 909 738 969 Officium
753 910 889 985 paschale
904 911 1045 968 satisfecit
1058 916 1210 987 praecepto.

98 994 161 1129 ι35.
183 995 273 1132 paleo
293 995 395 1053 Officio
415 998 508 1070 potest
529 997 595 1070 quis
618 998 784 1055 satisfacere
798 997 908 1102 duplici
921 1002 1063 1072 praecepto
1081 1015 1132 1074 pro
1151 1002 1198 1058 die
1216 1005 1352 1076 praesenti

82 1089 98 1130 e
122 1090 186 1131 cras
199 1091 247 1131 mo

117 1161 162 1219 36.
184 1163 341 1234 Regulares
362 1165 509 1238 possunt
501 1181 531 1222 m
550 1166 611 1224 loro
625 1167 806 1224 conscientiae
825 1166 868 1222 uti
882 1167 1045 1240 privilegiis
1065 1169 1126 1225 suis
1146 1186 1210 1242 quse
1225 1174 1293 1228 sunt
1307 1189 1353 1228 ex-

81 1259 182 1316 presse
196 1245 328 1300 reuocate
339 1261 390 1319 per
404 1245 563 1304 Concilium
575 1245 782 1304 Tridentinum.

117 1330 374 1468 3ἔϋάῐ1ὲ111611116
395 1349 537 1390 conoessae
560 1333 766 1405 Regularibus,
788 1335 817 1390 et
835 1334 972 1392 revocatae
991 1352 1009 1392 e
1027 1335 1115 1393 Paulo
1131 1339 1164 1406 V
1182 1337 1267 1396 bodie
1286 1344 1353 1396 sunt

81 1427 132 1468 rev
197 1427 214 1468 e

117 1496 164 1556 38.
185 1499 350 1557 blandratum
372 1499 531 1558 Tridentini
551 1500 656 1557 iactum
675 1500 815 1557 sacerdoti
829 1499 1017 1572 (sacrificanti
1038 1519 1073 1558 ex
1094 1505 1266 1562 necessitate
1288 1522 1353 1563 cum

82 1579 202 1651 peccato
213 1578 341 1652 mortali)
356 1580 509 1639 confitendi
519 1581 746 1655 quamprimum,
758 1582 803 1637 est
817 1581 983 1650 consilium,
999 1597 1055 1638 non
1067 1586 1249 1656 praeceptum.

119 1665 166 1722 39.
186 1665 240 1724 Illa
253 1667 394 1741 particula
407 1667 638 1742 quamprimum
653 1666 833 1740 intelligitur,
851 1683 915 1724 cum
931 1668 1062 1726 secordes
1076 1684 1128 1725 suo
1145 1671 1270 1745 tempore
1288 1689 1355 1732 con-

82 1746 221 1805 titebitur.

116 1833 162 1891 10.
182 1837 235 1892 Est
245 1835 402 1910 probabilis
416 1837 526 1911 opinio,
540 1853 602 1910 quae
620 1835 690 1892 dicit
702 1852 768 1893 esse
780 1837 891 1892 tentum
905 1835 1016 1894 veniale
1029 1836 1159 1894 osculum
1174 1837 1304 1895 habitum
1320 1840 1355 1896 ob

84 1913 304 1974 delectationem
323 1917 467 1974 carnalem
490 1919 519 1973 et
537 1915 705 1974 sensibilem
726 1932 790 1988 qum
808 1931 844 1972 ex
862 1916 961 1973 osculo
981 1915 1082 1986 oritur,
1098 1917 1209 1974 secluso
1228 1919 1355 1992 periculo

85 2010 246 2052 consensus
259 1996 407 2054 ulterioris
423 1997 452 2052 et
463 1995 639 2070 pollutionis.

116 2082 167 2140 11.
187 2086 250 2142 Non
268 2084 312 2140 est
332 2083 503 2156 obligandus
526 2083 747 2141 concubinarius
772 2083 808 2140 ed
830 2083 1000 2156 eiiciendem
1020 2084 1222 2154 concubinam,
1243 2085 1269 2141 si
1294 2087 1355 2142 baec

85 2163 176 2220 nimis
189 2163 272 2220 utilis
282 2165 360 2222 esset
369 2164 405 2222 ad
416 2163 654 2221 oblectamentum
665 2163 874 2233 concubinarii,
887 2163 972 2235 vulgo
986 2163 1102 2237 reputo,
1113 2163 1196 2234 dum,
1207 2164 1357 2223 deficiente

87 2243 155 2311 illa,
172 2243 263 2302 nimis
276 2261 350 2317 aegre
366 2245 464 2316 ageret
475 2245 577 2315 uitam,
589 2245 619 2302 et
634 2245 699 2302 aliae
714 2243 806 2318 epulas
824 2243 909 2302 taedio
928 2259 1031 2316 magno
1048 2243 1282 2302 concubinarium
1297 2247 1357 2303 aiti-

86 2325 207 2395 cerent,
223 2327 254 2380 et
268 2324 324 2381 alia
335 2325 442 2382 tamula
454 2325 542 2382 nimis
557 2324 675 2382 diltlcile
689 2324 875 2382 inveniretur.

121 2408 173 2466 11.
193 2410 314 2468 Licitum
334 2413 375 2469 est
393 2412 536 2470 mutuanti
552 2412 662 2485 aliquid
678 2411 754 2468 ultre
768 2414 872 2469 sortem
887 2411 1015 2482 exigere,
1035 2412 1061 2468 si
1079 2427 1111 2468 se
1124 2411 1232 2484 obliget
1250 2412 1285 2470 ad
1301 2427 1357 2470 non

85 2489 273 2566 repetendam
286 2493 389 2549 sortem
404 2492 545 2565 usquead
559 2495 669 2550 certum
683 2494 807 2565 tempus.

121 2579 169 2636 13.
187 2583 323 2640 Annuum
343 2579 469 2652 legatum
485 2596 536 2655 pro
554 2580 651 2638 anima
669 2580 801 2637 relictum
823 2593 880 2636 non
898 2578 982 2636 duret
1001 2579 1065 2654 plus
1086 2595 1172 2653 quam
1191 2579 1357 2654 perdecem

86 2675 187 2718 annos.

120 2750 167 2806 11,
187 2748 287 2818 Quoad
306 2749 399 2806 torum
422 2748 618 2817 conscientiae,
640 2763 689 2804 reo
710 2748 850 2815 correcto,
871 2746 992 2819 ejusque
1011 2746 1190 2803 contumacia
1209 2749 1355 2814 cessante,

87 2833 202 2888 cessent
216 2845 358 2886 censurae.

114 2917 169 2974 15.
188 2917 266 2973 Libri
287 2914 424 2991 prohibiti
439 2913 532 2973 denec
545 2918 757 2989 aepurpennn
768 2913 890 2988 possunt
907 2911 1024 2969 retineri
1039 2913 1211 2985 usquedum
1228 2913 1356 2970 adhibita

88 2997 237 3069 diligentia
251 2997 440 3069 corrigantur.

124 3085 234 3142 Onnes
249 3084 404 3142 damnatae
418 3089 445 3140 et
458 3080 616 3158 prohibitae
629 3083 662 3140 ut
676 3081 827 3138 minimum
841 3083 977 3154 nuquam
992 3079 1177 3138 scandalosae.

649 3357 797 3415 NUlle

86 3543 315 3618 Psepositienes
332 3542 367 3600 65
380 3542 532 3600 damnatae
549 3539 587 3596 ab
601 3539 776 3597 Innocentio
795 3538 852 3606 XI,
870 3536 985 3593 decreto
1002 3535 1249 3610 Conprepeta'ona's
1267 3551 1356 3609 pene-

119 3623 197 3681 ratis
214 3629 327 3682 sanetae
345 3625 490 3683 nomana
511 3627 539 3678 et
556 3617 739 3678 universatis
756 3615 972 3691 Inquisitienis
991 3615 1197 3675 sanctissimus
1218 3615 1355 3674 Dominus

120 3701 549 3775 1161161,616.,1Μ611.1679.

512 3887 594 3945 Faria
607 3888 641 3956 V,
657 3883 703 3941 die
717 3882 734 3940 Ξ
747 3883 843 3942 martii
856 3880 937 3940 1679.

120 4068 149 4125 1.
170 4069 233 4126 Non
247 4067 291 4123 est
309 4063 466 4123 illicitum
457 4080 488 4120 m
507 4061 694 4120 sacrementis
709 4057 889 4116 conterendis
904 4057 985 4129 sequi
1004 4053 1165 4129 opinionem
1180 4053 1356 4148 probabilem

86 4149 119 4205 de
140 4146 240 4204 valore
259 4145 444 4214 sacramenti,
467 4141 566 4200 relicta
587 4141 705 4210 tutiore,
727 4139 784 4196 nisi
803 4139 832 4194 id
852 4136 926 4194 vetet
947 4136 1009 4204 lex,
1031 4132 1193 4202 conventio,
1212 4136 1262 4192 aut
1279 4137 1357 4210 peri-

86 4229 184 4286 culum
198 4227 294 4300 gravis
307 4225 403 4283 damni
415 4221 590 4282 incurrendi
614 4221 687 4277 ilinc
701 4218 844 4276 sententia
863 4215 1002 4290 probabili
1018 4213 1128 4270 tantum
1148 4215 1285 4272 utendum
1301 4230 1358 4272 nen

86 4309 176 4366 estin
191 4307 344 4365 collatione
355 4302 509 4379 Baptismi,
523 4302 639 4361 Ordinis
657 4297 857 4366 sacerdotalis,
873 4298 923 4354 aut
936 4292 1119 4370 episcopalis

119 4393 359 4453 ariomanita
385 4391 534 4462 existimo,
560 4387 686 4464 judicem
710 4403 795 4461 posse
821 4385 952 4459 judicare
974 4383 1055 4455 juxta
1079 4381 1241 4456 opinionem
1271 4383 1358 4440 etiem

86 4478 182 4535 minus
196 4474 385 4551 probabilem.
