3168 5002
447 243 737 289 rnorosrnrosuu
761 243 1012 290 nausauunuu
1321 231 1365 292 69

199 351 269 426 §a

125 439 174 498 5⁶2.
190 443 341 512 itemquae
357 441 467 508 innuit,
485 455 542 497 non
553 440 644 497 alium
662 440 781 498 titulum
796 441 1015 499 Ordinationum
1032 441 1137 514 luisse,
1150 457 1235 514 quam
1249 443 1368 518 deputa·

95 521 201 576 tionem
213 519 249 576 ad
263 520 379 593 aliquod
392 519 517 594 speciale
527 521 734 590 ministerium,
750 521 845 594 qualis
858 521 1023 597 prescripta
1043 523 1088 579 cst
1100 521 1130 578 in
1145 522 1271 579 Concilio
1285 524 1368 582 Chal-

96 600 265 669 cedonensi;
286 600 463 672 subjungens
483 598 517 674 lg
531 600 575 672 6),
598 601 735 674 quamdiu
756 601 884 659 Ecclesia
902 619 968 659 sese
983 602 1030 658 his
1049 602 1198 676 principiis
1212 604 1242 660 in
1254 603 1367 661 delectu

95 696 243 739 sacrorum
266 680 464 736 ministrorum
483 681 683 751 conformavit,
707 681 937 739 ecclesiasticum
957 681 1085 739 ordinem
1108 683 1256 752 floruisse3
1268 700 1367 740 verum

96 761 194 818 beatos
207 760 275 818 illos
288 760 352 817 dies
366 759 534 830 transiisse,
549 777 679 834 novaque
696 761 837 835 principia
852 761 976 818 subinde
989 762 1166 833 introducta,
1182 763 1286 836 quibus
1305 779 1368 821 cor·

17 911 18 914 Ἴ
97 842 180 915 rupta
193 841 251 898 luit
261 840 417 914 disciplina
431 840 462 896 iu
474 839 588 898 delectu
599 842 798 898 ministrorum
814 841 981 900 sanctuarii.

203 978 223 1052 5
239 978 268 1034 7.

17 1063 18 1072 ’
133 1065 178 1122 53.
193 1066 281 1133 Imm,
297 1065 373 1137 quod
394 1065 471 1121 inter
489 1065 549 1122 haec
563 1065 627 1140 ipsa
642 1065 833 1140 corruptionis
853 1066 994 1141 principia
1013 1066 1113 1136 refert,
1130 1067 1204 1140 quod
1224 1083 1369 1126 recessum

100 1146 166 1202 sita
182 1145 281 1202 vetere
293 1145 442 1215 instituto,
460 1161 530 1218 quo,
546 1148 578 1202 ut
595 1147 637 1202 ait
651 1146 683 1220 (ξ
699 1145 739 1221 tlt,
752 1147 890 1216 Ecclesia,
907 1146 1046 1204 insistens
1063 1147 1207 1221 Apostolis
1220 1147 1369 1219 vestigiis,

100 1225 244 1282 neminem
262 1225 298 1281 ad
312 1225 509 1283 Sacerdotium
526 1225 734 1283 admittendum
753 1229 910 1297 statuerat,
930 1226 988 1283 nisi
1008 1227 1057 1300 qui
1079 1229 1276 1284 conservasset
1292 1227 1371 1285 inno

101 1307 223 1364 centiam
238 1306 448 1380 baptismalem.

136 1445 284 1514 Quatenus
300 1445 409 1514 innuit,
425 1444 586 1518 corruptam
599 1444 690 1502 luisse
697 1443 882 1518 disciplinam
891 1460 942 1517 per
951 1444 1067 1501 decreta
1079 1446 1108 1502 et
1120 1445 1272 1502 instituta:

136 1524 162 1582 l.
178 1525 247 1582 Sive
257 1525 363 1598 quibus
377 1524 578 1582 Ordinationes
593 1542 643 1598 per
656 1525 761 1581 saltum
776 1525 872 1581 vetitae
885 1527 965 1594 sunt3

135 1603 162 1660 2.
177 1605 243 1662 Sive
254 1605 361 1678 quibus
376 1621 426 1678 pro
439 1605 633 1662 Ecclesierum
643 1603 816 1662 necessitate
828 1606 857 1661 et
876 1605 1077 1661 commoditate
1095 1603 1220 1678 probate
1237 1605 1304 1661 sunt
1322 1604 1375 1662 Or·

102 1683 264 1742 tinctiones
277 1685 341 1742 sine
351 1685 436 1742 titulo
450 1685 586 1759 specialis
597 1683 697 1753 officii,
713 1684 793 1741 uelut
807 1683 957 1758 speciatim
968 1701 986 1740 a
999 1684 1165 1742 Tridentino
1182 1685 1322 1741 ordinatio
1337 1683 1372 1740 ad

103 1764 219 1822 titulum
231 1766 411 1840 patrimonii,
430 1765 510 1822 salva
528 1766 690 1822 obedientia
714 1781 770 1838 qua
791 1765 834 1823 sic
859 1763 983 1821 ordinati
1002 1763 1195 1822 Ecclesiarum
1220 1762 1375 1822 necessita-

103 1845 179 1904 tibus
206 1847 352 1903 deservire
372 1846 477 1903 debent
498 1846 536 1902 iis
559 1846 699 1902 obeundis
722 1845 828 1902 olliciis
849 1843 954 1918 quibus
973 1859 1024 1918 pro
1046 1844 1109 1902 loco
1130 1860 1163 1900 ac
1188 1846 1315 1920 tempore
1338 1844 1374 1902 ab

103 1926 242 2000 Episcopo
257 1925 366 1982 admoti
375 1925 492 1996 luerint,
508 1923 746 1998 quemadmodum
758 1925 794 1981 ab
809 1923 974 1998 apostolicis
989 1923 1165 1998 temporibus
1181 1924 1211 1980 in
1231 1923 1376 1998 primitiva

103 2004 231 2063 Ecclesia
245 2005 485 2074 ficricousuevit;
748 2045 750 2051 ,

138 2085 167 2142 3.
181 2087 250 2143 Sive
265 2085 370 2158 quibus
381 2087 445 2160 jure
456 2085 592 2142 canonico
605 2085 679 2143 lacta
691 2087 738 2141 cst
751 2085 904 2142 criminum
917 2083 1079 2153 distinctio,
1096 2100 1159 2156 quae
1175 2082 1374 2156 delinquentes

105 2165 229 2222 reddunt
242 2167 430 2238 irregulares:
444 2167 527 2238 quasi
542 2182 592 2239 per
612 2164 686 2222 hanc
700 2165 914 2222 distinctionem
929 2165 1057 2222 Ecclesia
1076 2165 1257 2221 recesserita
1270 2163 1375 2237 spiritu

104 2245 253 2320 Apostoli,
268 2262 323 2302 nou
333 2245 510 2303 excludendo
523 2245 696 2318 generaliter
711 2248 739 2302 et
754 2245 924 2302 indistincte
944 2245 980 2301 ab
993 2244 1190 2302 ecclesiastico
1212 2242 1374 2300 ministerio

104 2341 208 2381 omnes
220 2341 411 2399 quoscumque
422 2326 470 2399 qui
484 2325 686 2400 baptismalem
696 2325 888 2382 innocentiam
902 2339 958 2381 non
969 2325 1206 2382 conservassent:

179 2485 350 2544 necessitate
361 2488 391 2543 et
404 2486 605 2544 commoditate
619 2485 728 2542 inducti
748 2485 960 2559 perturbativa,
978 2485 1009 2541 in
1028 2483 1211 2560 disciplinam
1226 2499 1277 2558 per
1294 2498 1380 2542 cano-

173 2581 228 2622 nes
238 2569 267 2623 et
279 2566 427 2640 speciatim
438 2582 490 2641 per
498 2566 657 2623 Tridentini
669 2566 782 2623 decreta
794 2565 941 2640 probatam
956 2565 1108 2639 injuriosa.

213 2703 293 2777 §ra

142 2790 187 2848 cl.
202 2793 290 2862 Item,
303 2807 368 2864 quse
380 2791 462 2848 velut
471 2793 584 2866 turpem
601 2791 725 2847 abusum
739 2793 820 2847 notat
832 2806 958 2861 unquam
975 2789 1153 2864 praetendere
1168 2788 1380 2861 eleemosynam

111 2887 161 2943 pro
172 2871 352 2928 celebrandis
366 2871 465 2928 llissis
479 2872 508 2928 et
521 2871 712 2929 Sacramentis
727 2869 980 2939 administrandis,
998 2869 1082 2926 sicuti
1098 2870 1127 2926 et
1139 2869 1269 2941 accipere
1285 2883 1382 2942 quem·

110 2950 179 3007 libet
191 2954 361 3026 proventum
375 2951 485 3008 dictum
502 2949 599 3019 stota,
618 2951 647 3006 et
661 2949 819 3022 generatim
836 2949 1035 3024 quodcumque
1051 2948 1228 3022 stipendium
1243 2951 1273 3006 et
1294 2947 1382 3006 hono-

111 3030 217 3112 rarium
246 3032 321 3103 quod
353 3031 555 3103 suffragiorum
576 3032 627 3088 aut
659 3029 814 3103 cuiuslibet
842 3029 1017 3104 parochialis
1045 3029 1202 3086 functionis
1231 3029 1382 3086 occasione

113 3111 241 3179 oliertur;

146 3191 234 3259 Quasi
248 3191 342 3266 turpis
356 3191 464 3248 abusus
478 3191 598 3247 crimine
612 3191 729 3248 notandi
742 3191 842 3248 essent
854 3189 981 3246 ministri
993 3188 1144 3257 Ecclesia,
1162 3188 1211 3260 qui
1225 3187 1381 3245 secundum

113 3273 255 3344 receptum
273 3273 303 3327 et
322 3271 471 3345 probatum
487 3270 625 3328 Ecclesiae
643 3287 751 3328 morem
769 3273 799 3328 et
816 3270 983 3326 institutum
997 3270 1120 3326 utuntur
1128 3266 1382 3342 jurepromulgato

112 3351 148 3407 ab
159 3351 296 3426 Apostolo
309 3351 467 3426 accipiendi
478 3350 647 3424 temporalia
658 3351 693 3407 ab
707 3351 754 3407 his
768 3350 874 3423 quibus
887 3349 1051 3423 spiritualia
1062 3349 1282 3405 ministrantur:

146 3431 240 3500 Falsa,
255 3432 418 3500 temeraria,
427 3431 616 3488 ecclesiastici
632 3447 665 3488 ac
679 3430 833 3504 pastoralis
845 3429 920 3503 juris
933 3429 1043 3500 laesiva,
1056 3429 1087 3484 in
1096 3429 1254 3486 Ecclesiam
1264 3427 1383 3500 ejusque

181 3511 331 3570 ministros
345 3511 494 3584 iniuriosa.

220 3639 240 3715 ς
260 3639 306 3699 ιι.

147 3727 192 3784 55.
212 3729 300 3800 Item,
320 3743 383 3800 quae
401 3726 587 3786 vehementer
603 3727 701 3800 optare
724 3740 755 3782 se
774 3723 931 3799 profitetur,
947 3726 981 3782 ut
997 3723 1095 3797 aliqua
1114 3724 1186 3781 ratio
1208 3720 1386 3779 inveniretur

115 3807 251 3865 minutuli
264 3807 335 3865 cleri
351 3806 420 3882 [quo
435 3807 551 3864 nomine
566 3806 734 3864 interiorum
753 3805 886 3863 ordinum
902 3804 1022 3862 clericos
1038 3801 1216 3876 designatis
1235 3799 1385 3867 menum

115 3885 192 3946 libus
207 3890 236 3946 et
248 3887 414 3959 Collegiatis
427 3887 626 3956 submovendi,
641 3885 815 3960 providendo
832 3885 917 3943 aliter
930 3883 1046 3960 [nempe
1058 3901 1109 3960 per
1125 3883 1227 3958 probos
1242 3883 1271 3936 et
1288 3895 1385 3954 prove-

116 3968 213 4024 ctioris
227 3968 320 4025 estatis
334 3967 433 4038 laicos,
447 3982 570 4038 congruo
583 3966 730 4038 assignato
743 3963 899 4042 stipendio)
912 3965 1073 4023 ministerio
1092 3959 1267 4020 inserviendi
1286 3959 1385 4018 Missis

116 4047 220 4126 etaliis
235 4049 354 4118 olticiis,
369 4047 450 4106 velut
462 4045 609 4119 acolythi,
625 4049 691 4116 etc,
706 4046 817 4103 utolim
828 4091 835 4117 ,
847 4045 958 4118 inquit,
978 4045 1042 4102 lieri
1052 4041 1175 4110 solebat,
1191 4041 1304 4112 quando
1321 4041 1385 4113 ejus

116 4127 228 4198 genem
243 4127 338 4184 officia
359 4143 416 4184 non
436 4125 473 4183 ad
492 4143 600 4183 meram
622 4127 749 4200 speciem
769 4141 820 4200 pro
838 4125 995 4199 majoribus
1015 4121 1169 4182 Ordinibus
1192 4120 1385 4195 suscipiendis
1451 4151 1455 4162 ·

117 4208 230 4266 redacta
244 4209 342 4264 erant:

149 4289 301 4358 Quatenus
312 4287 495 4361 reprehendit
507 4287 685 4354 institutum,
701 4299 757 4358 quo
777 4287 904 4354 cavetur,
927 4286 961 4341 ut
978 4283 1136 4339 minorum
1156 4281 1302 4339 ordinum
1315 4279 1388 4352 fuo-

17 4425 19 4448 ,
118 4366 228 4424 Mones
247 4383 303 4441 pec
326 4383 376 4424 eoa
400 4373 522 4424 tontum
543 4369 728 4440 praetentae·
749 4369 999 4430 acerceoutnroe,
1013 4361 1067 4435 qui
1089 4359 1126 4417 io
1146 4359 1210 4418 iltis
1228 4357 1387 4417 constituti

117 4447 301 4520 edmrtptioc
327 4453 399 4504 aaut
427 4445 549 4522 (concil.
573 4459 652 4519 prov.
682 4444 798 4502 llediol.
823 4443 890 4519 llll3
916 4443 1003 4516 idque
1026 4441 1061 4500 ad
1082 4433 1207 4500 menam
1227 4437 1387 4499 Tridentini

119 4524 325 4600 laessxlilll,
340 4543 366 4584 c.
380 4525 463 4601 xviri,
477 4531 703 4584 utaooctocum
717 4523 870 4582 molinum
885 4540 905 4580 o
929 4521 1099 4582 mocooatu
1121 4523 1161 4581 od
1185 4520 1385 4580 Ostioriatom
1483 4578 1488 4591 ,
