3202 5020
607 275 650 319 ua
675 274 913 319 couscruurrs
1332 264 1396 322 ηδ

117 387 302 470 prateritas,
318 385 544 466 prohibendum
561 391 624 459 est,
642 403 681 446 ne
695 384 828 466 amplius
842 385 975 465 cogitent
988 386 1025 448 de
1042 386 1138 466 culpis
1149 387 1221 450 vitae
1234 393 1394 465 anteactae,

119 495 174 540 nec
196 477 234 539 de
257 474 296 536 iis
318 475 447 538 verbum
469 474 583 537 faciant
604 474 640 536 in
658 472 858 550 cordessione,
872 474 934 536 nisi
948 477 1053 556 jurare
1071 476 1212 556 possint:
1233 483 1263 542 {⁰
1280 484 1399 556 peccata

19 643 21 652 ,
119 564 263 627 mortalia
276 583 308 626 se
321 570 523 644 perpetrasse;
540 568 572 626 9⁰
586 582 617 626 se
632 581 794 643 nunquam
806 582 841 625 ea
850 563 998 626 confessos
1011 583 1090 639 esse,
1102 566 1272 644 praesertim
1286 566 1313 628 si
1327 585 1396 630 con-

119 653 283 716 sessionem
297 652 466 732 generalem
476 655 543 735 jam
556 651 738 732 peregerint.
755 685 794 696 -
810 652 846 715 S.
863 652 933 734 Lip.
949 673 980 715 a.
1002 657 1050 716 l6.

158 745 252 804 Porro
264 741 434 821 scrupulosi
447 748 478 804 et
490 740 645 814 timorati,
657 740 693 802 de
703 741 865 820 preteritis
877 740 1117 805 confessionibus
1132 742 1232 820 anxii,
1246 743 1290 806 sic
1301 743 1395 806 inter-

121 830 247 910 rogandi
263 837 338 892 sunt
353 851 362 892 ε
379 835 409 892 l⁰
420 835 503 893 Num
522 829 625 892 celasti
641 827 770 891 scienter
789 836 947 910 peccatum
965 833 1079 910 gravo?
1093 837 1125 894 2⁰
1142 833 1193 895 An
1208 833 1395 913 proponebas

19 943 20 946 ¹
122 926 243 1001 peccata
261 921 388 980 iterare?
406 918 438 982 Si
461 917 601 1000 negativo
620 916 744 998 utrique
763 918 962 998 postulationi
979 921 1195 1000 respondeant,
1212 921 1312 984 valida
1325 940 1394 1002 pro-

19 1029 20 1032 *
123 1007 296 1071 nuntianda
309 1014 356 1071 est
369 1025 476 1070 eorum
488 1006 644 1070 confessio.

470 1193 513 1262 V.
527 1232 572 1243 -
590 1195 728 1282 Repete
741 1215 808 1280 pro
827 1196 1046 1284 scrupulosis.

161 1359 213 1419 ts.
230 1377 269 1400 —
285 1361 317 1418 1⁰
331 1357 367 1418 ln
382 1355 473 1418 rebus
493 1355 660 1418 moralibus
681 1373 744 1418 non
765 1363 812 1418 est
833 1355 983 1419 certitudo
1002 1357 1037 1419 in
1055 1357 1200 1420 omnibus
1220 1359 1393 1439 quaerenda.

125 1447 186 1506 Hoc
198 1462 252 1524 pro
267 1442 413 1506 omnibus
428 1444 522 1519 valet;
540 1445 590 1506 sed
605 1444 780 1524 scrupuloso
795 1443 945 1525 precipue
959 1445 1174 1525 applicandum
1184 1453 1239 1508 est.

165 1537 196 1595 2⁰
216 1532 395 1598 Obedientia
409 1551 532 1596 summa
550 1539 581 1594 ct
597 1551 673 1596 caeca
686 1532 873 1596 confessario
887 1535 1059 1614 praestanda
1073 1541 1133 1611 est,
1150 1541 1266 1598 etcum
1286 1554 1398 1616 magna

19 1651 25 1680 t
123 1619 302 1684 humilitate
315 1629 346 1685 et
360 1620 471 1684 fiducia
484 1621 517 1683 iu
535 1620 680 1684 omnibus
693 1622 929 1702 procedendum.

163 1713 195 1774 30
214 1709 365 1785 Dubium,
377 1711 458 1790 quod
468 1710 502 1772 in
513 1709 581 1772 aliis
592 1709 773 1773 rationabile
783 1710 881 1773 videri
894 1718 1005 1791 posset,
1020 1711 1055 1774 in
1070 1713 1254 1792 scrupulosis
1269 1712 1396 1776 omnino

125 1800 332 1879 spernendum
346 1805 402 1861 est.

161 1891 195 1950 40
215 1887 352 1950 Licitum
372 1893 433 1962 est,
450 1888 514 1950 imo
531 1905 609 1968 saepe
626 1887 857 1968 obligatorium,
873 1893 903 1950 et
924 1886 1082 1951 interdum
1102 1890 1160 1952 sub
1175 1890 1275 1969 gravi,
1292 1891 1397 1952 adrer-

125 1993 176 2037 sus
191 1977 349 2057 scruprdos
361 1977 521 2040 decertare.
537 2011 579 2022 -
592 1976 629 2040 S.
645 1977 714 2057 Lip.
728 1997 759 2036 n.
776 1981 825 2039 l'l.

163 2068 195 2128 5⁰
215 2069 383 2145 Nunquam
397 2065 537 2128 iteranda
551 2065 712 2141 confessio,
725 2065 785 2127 nisi
796 2069 873 2128 certo
886 2065 1029 2146 sacrilega
1042 2065 1151 2143 fuerit,
1168 2085 1222 2129 nec
1235 2074 1397 2148 postrema

125 2153 321 2217 confessionis
336 2172 464 2217 examen
478 2173 617 2235 unquam
632 2154 846 2216 innovandum
861 2161 921 2230 est,
938 2153 1061 2217 etiamsi
1079 2155 1211 2218 dubium
1229 2157 1266 2219 de
1279 2163 1397 2236 peccato

124 2241 212 2320 gravi
226 2241 339 2304 omisso
350 2243 483 2306 suboriri
496 2243 646 2306 rideatur.
1484 2240 1487 2248 ’

164 2335 198 2392 60
219 2330 357 2410 Scrupuli
371 2333 587 2395 contemnendi
601 2338 690 2409 sunt;
708 2349 762 2395 nec
776 2349 915 2412 unquam
934 2351 1038 2394 secum
1052 2334 1088 2395 de
1105 2333 1155 2395 his
1174 2333 1397 2413 disputandum

122 2437 144 2481 a
158 2419 343 2498 scrupulosis
353 2426 409 2482 est.

458 2559 519 2626 Vl.
531 2560 723 2649 -Repulae
740 2579 805 2647 pro
825 2559 1060 2646 Confessocc'c's.

165 2733 196 2789 1⁰
216 2729 376 2790 Scrutatur
397 2727 619 2802 confessarius,
643 2748 684 2792 an
702 2731 855 2810 poenitens
877 2730 918 2792 sit
943 2749 1012 2793 vere
1035 2731 1280 2810 scrupulosus...,
1303 2750 1343 2793 an
1363 2731 1398 2794 in

127 2815 322 2893 omnibus...,
339 2823 527 2898 etquenam
542 2817 584 2879 sit
596 2819 811 2899 scrupulorum
822 2818 916 2898 origo.

168 2908 199 2965 2⁰
218 2905 264 2967 Sit
282 2905 418 2986 patiens,
434 2905 586 2986 benignus
609 2913 639 2969 et
661 2906 759 2969 fortis.
785 2908 833 2970 Ad
851 2906 956 2986 ipsum
975 2913 1113 2987 spectant
1133 2907 1197 2970 haec
1215 2909 1351 2989 Apostoli
1371 2912 1397 2972 11

128 2991 207 3056 Tim.
228 3013 273 3068 Π,
290 2999 309 3056 2
326 3015 333 3056 :
350 2995 436 3056 Iasta
448 3004 626 3078 opportune,
642 2996 828 3078 importunc;
842 3015 949 3077 arque,
969 2998 1105 3075 obsecro,
1124 2997 1245 3080 increpa
1263 2999 1297 3060 in
1317 3001 1399 3060 omni
1490 3036 1492 3042 π

122 3083 275 3162 patientia
287 3095 315 3146 ct
331 3083 478 3146 doctrina.

166 3173 197 3236 30
218 3172 390 3235 Postulanti
405 3175 585 3254 respondeat
597 3174 712 3254 absque
729 3173 924 3237 haesitatione
943 3181 974 3237 et
996 3192 1067 3236 cum
1086 3173 1229 3256 imperio;
1247 3176 1398 3257 responsis

125 3277 189 3322 non
203 3259 291 3324 facile
307 3261 587 3342 adjiciatrationes3
600 3281 655 3326 nec
664 3267 731 3344 jam
745 3260 879 3326 confessa
893 3269 1013 3343 peccata
1027 3263 1140 3342 pluries
1156 3264 1250 3346 repeti
1264 3265 1356 3326 sinat.

166 3354 199 3412 l0
219 3352 421 3413 Commendet
435 3351 612 3432 scrupuloso
623 3369 768 3432 magnam
777 3351 812 3413 in
826 3351 964 3414 bonitate
976 3351 1030 3413 Dei
1044 3351 1198 3428 fiduciam,
1209 3352 1400 3432 frequentem

124 3439 314 3514 orationem,
330 3439 386 3502 otii
400 3439 521 3519 fugam,
538 3441 689 3504 examinis
703 3440 905 3514 brevitatem,
922 3440 1019 3503 cordis
1032 3439 1253 3504 humilitatem.

167 3531 198 3592 50
218 3532 298 3591 Cum
322 3529 513 3608 scrupuloso,
537 3529 744 3609 generalibus,
765 3547 827 3590 non
854 3527 1058 3608 peculiaribus
1077 3535 1185 3592 utatur
1203 3528 1330 3608 regulis;
1350 3527 1400 3590 bis

122 3615 211 3679 enim
226 3617 423 3697 scrupulosus
437 3616 530 3698 dirigi
543 3635 605 3680 non
620 3623 735 3698 potest,
751 3615 824 3697 quia
838 3616 877 3679 ad
891 3634 940 3688 eas
955 3616 1147 3696 applicandas
1162 3617 1284 3697 ineptus
1296 3623 1401 3678 est.-

130 3705 165 3766 V.
184 3705 293 3782 Casus,
308 3725 340 3768 n.
356 3710 407 3770 ta.

636 3886 850 3950 ARTICULUS
869 3887 895 3946 11

547 4049 591 4094 bu
621 4048 860 4094 consortum
889 4049 982 4094 Luxu
1034 4055 1040 4070 ·

169 4195 220 4255 ta.
234 4227 276 4238 ·-
287 4191 478 4256 Conscientia
493 4191 564 4254 laco
578 4211 613 4255 ea
626 4193 750 4269 dicitur,
766 4211 835 4275 quae
849 4211 885 4256 ex
900 4193 1006 4258 leviori
1024 4190 1140 4253 ratione
1157 4188 1204 4266 id,
1219 4192 1301 4271 quod
1314 4191 1401 4255 illici-

125 4287 198 4342 tum
219 4289 280 4357 est,
301 4281 388 4346 licere
408 4281 540 4364 judicat;
558 4281 605 4344 vel
619 4281 736 4344 veniale
754 4288 881 4345 tantum
900 4288 1057 4363 peccatum
1077 4277 1121 4341 ibi
1141 4279 1269 4359 reperit,
1286 4279 1340 4342 ubi
1354 4287 1401 4343 est

123 4371 257 4433 mortale
273 4391 280 4432 :
296 4389 332 4433 ea
343 4370 482 4434 videlicet
496 4375 558 4445 est,
574 4387 642 4450 qua
656 4369 770 4451 absque
785 4370 949 4434 sufficienti
966 4367 1084 4430 ratione
1094 4367 1248 4449 judicium
1265 4367 1300 4431 in
1318 4368 1400 4434 fato-

19 4539 21 4560 ἱ
123 4475 196 4520 rem
217 4459 368 4523 libertatis
387 4457 517 4522 inflectit
534 4457 581 4522 vel
599 4459 636 4522 ad
656 4458 752 4539 legem
775 4459 951 4535 vitandam,
972 4456 1069 4522 velad
1085 4455 1286 4523 minuendam
1307 4459 1401 4537 culpa

19 4581 20 4588 ,
123 4547 322 4627 gravitatem.
