3136 5034
183 211 252 272 536
714 215 922 262 rnacrurus

223 335 313 416 Rerp.
325 353 337 395 .·
351 333 464 413 Regula
478 330 602 413 precisa
615 327 814 392 determinari
830 346 891 390 non
912 335 1026 410 potest,
1050 329 1102 392 sed
1122 326 1232 390 decisio
1244 327 1463 408 plerumquea

185 423 277 488 variis
288 420 526 486 circumstantiis
539 419 664 499 pendet3
680 416 753 480 hinc
764 422 901 479 auctores
915 415 1463 493 inhocdissentiunt;aliie11imdi·
1561 485 1562 488 Ἴ

184 519 259 575 cunt
270 510 403 593 pretium
417 510 584 572 decrescere
601 525 699 586 usque
715 505 753 568 ad
766 511 911 586 quartam
929 513 1064 586 partem,
1081 504 1133 570 alii
1148 505 1301 585 usquead
1317 504 1461 578 tertiam,

182 600 236 664 alii
249 599 360 664 melius
371 599 408 660 ad
421 596 585 659 arbitrium
599 595 800 676 prudentum.
812 629 852 640 —
874 593 946 656 Vide
961 593 997 659 S.
1010 595 1093 674 Lip„
1109 614 1140 655 o.
1158 597 1228 656 812.

223 693 293 753 905.
312 723 351 732 -
374 689 475 762 Quian.
501 689 534 748 2⁰
552 687 603 746 Ao
624 685 665 744 sit
686 683 802 744 licitam
818 693 941 764 pactam
959 702 1021 744 rem
1042 681 1212 746 redimendi
1231 681 1273 742 ad
1295 683 1462 744 arbitrium

183 799 227 839 em
251 777 346 838 toria?

223 799 312 949 bap.
327 864 453 945 Affirm.
465 862 669 945 probabilius,
684 861 851 924 dummodo
865 860 946 923 adsit
959 879 1051 924 verus
1064 861 1188 924 animus
1204 861 1333 923 emendi
1345 868 1377 923 et
1389 880 1461 923 ven-

184 954 290 1030 dendi,
305 960 483 1035 emptorque
496 954 596 1031 majus
607 950 742 1032 pretium
756 949 854 1012 solvat
866 951 956 1028 Juxta
969 949 1070 1012 oneris
1085 948 1177 1011 istius
1189 948 1452 1024 estimationem,

184 1051 215 1106 et
229 1061 291 1105 non
306 1042 456 1121 obligetur
467 1039 608 1103 venditor
620 1037 769 1102 redimere
785 1038 883 1118 pretio
899 1038 1007 1119 majori
1019 1055 1114 1118 quam
1128 1037 1251 1118 recepit.
1265 1075 1307 1084 —
1320 1037 1357 1100 S.
1372 1037 1457 1119 lio,

184 1131 260 1192 ibid.
273 1167 312 1176 -
324 1131 425 1211 Lupo,
442 1129 472 1190 d.
486 1147 576 1202 xxm,
591 1149 623 1188 a.
637 1133 708 1191 200.

224 1224 294 1284 906.
307 1255 346 1264 -
360 1221 463 1294 Quane.
479 1221 512 1281 3⁰
531 1215 610 1292 (laid
624 1213 809 1278 sentiendam
822 1216 864 1276 sit
877 1215 913 1276 cle
925 1215 1088 1290 mobatrai

225 1309 314 1389 Resp.
330 1327 342 1368 .·
360 1310 416 1369 Est
437 1310 609 1368 contractus
627 1325 684 1387 per
703 1324 732 1366 se
756 1303 934 1378 usurarius,
955 1305 1088 1393 adeoque
1108 1303 1234 1366 illicitus
1255 1311 1290 1367 et
1310 1303 1456 1386 injustus.

186 1397 265 1460 Hinc
282 1396 321 1458 ab
341 1395 517 1458 Innocentio
536 1396 576 1458 XI
595 1393 781 1474 proscriptus
800 1398 846 1454 est
864 1391 899 1454 in
917 1393 1113 1455 damnatione
1126 1411 1219 1475 prop.
1236 1398 1309 1468 40³,
1331 1411 1401 1474 qua
1417 1393 1459 1455 sic

183 1490 281 1568 jacet:
300 1483 481 1548 Contractus
499 1483 640 1544 mobatra
659 1483 757 1544 licitae
773 1492 830 1560 est,
853 1484 945 1542 etiam
962 1490 1096 1563 respecto
1115 1481 1245 1563 ejusdem
1260 1501 1420 1564 persona,
1437 1493 1463 1543 et
1563 1525 1564 1536 .

186 1595 252 1637 cum
266 1583 421 1636 contractu
435 1570 702 1633 retrovenditionis
710 1570 827 1653 praeoie
840 1569 918 1630 inito
934 1589 1001 1632 cam
1016 1571 1183 1632 intentione
1198 1571 1287 1632 lueri.
1304 1571 1397 1636 Ratio
1413 1590 1466 1634 au·

187 1670 249 1730 tem
262 1659 469 1724 damnationis
482 1667 544 1733 est,
558 1660 632 1740 quia
645 1660 679 1721 in
698 1678 732 1722 eo
746 1664 903 1721 contractu
922 1677 1018 1722 usura
1035 1658 1160 1740 palliata
1173 1659 1264 1734 latet;
1287 1659 1315 1722 si
1328 1678 1400 1722 vau
1416 1678 1465 1722 res

187 1751 253 1814 sine
266 1750 328 1812 ullo
345 1749 458 1829 praevio
471 1756 556 1828 pacto
575 1749 809 1810 retrovendatur
829 1746 924 1808 etiam
936 1747 1033 1828 pretio
1053 1746 1161 1810 infimo
1173 1747 1274 1810 eidem
1288 1748 1460 1824 venditori,

186 1844 323 1912 nonest,
338 1858 394 1920 per
407 1857 451 1912 se,
469 1836 625 1899 illicitum.

226 1931 293 1990 Non
313 1932 359 1989 est
381 1933 485 1988 tamen
508 1925 702 1988 damnandus
723 1925 773 1988 ille
792 1932 980 2002 contractus,
1002 1925 1028 1987 si
1050 1925 1171 1987 lucrum
1189 1925 1262 1988 inde
1284 1933 1460 2007 perceptum

186 2021 289 2080 taram
303 2016 428 2096 legalem
443 2033 496 2096 pro
511 2021 621 2077 mutuo
640 2032 702 2078 non
720 2015 859 2090 excedat,
876 2013 949 2096 quia
969 2020 1044 2077 tunc
1065 2013 1098 2075 in
1112 2013 1291 2094 legitimum
1310 2021 1459 2078 mutuum
1564 2041 1565 2044 ¹

185 2103 341 2168 recideret.
355 2140 394 2149 —
415 2104 449 2167 V.
468 2102 574 2183 Caras,
590 2123 622 2164 a.
636 2107 706 2166 945.

225 2192 361 2256 Occurrit
379 2211 483 2256 recens
504 2192 645 2274 quedam
663 2193 842 2255 mercatoria
858 2191 1006 2272 operatio,
1023 2209 1093 2272 qua
1111 2192 1148 2254 ad
1166 2193 1460 2256 retrovenditionem

185 2281 330 2356 refertum
352 2281 465 2344 dicitur
487 2281 594 2342 relatio
616 2281 762 2362 (repert).
781 2280 930 2344 Consistit
949 2280 1104 2361 imprimis
1122 2280 1157 2342 in
1176 2281 1345 2344 vendendis
1364 2283 1460 2362 pretio

186 2370 320 2432 currenti
336 2371 392 2450 (aa
406 2370 574 2452 complent)
588 2368 690 2431 titulis
711 2369 829 2449 (titres,
848 2369 982 2450 nabars)
996 2367 1258 2450 quibuscumque,
1276 2370 1332 2450 qui
1349 2371 1463 2434 infore

186 2456 358 2536 argentario
372 2457 419 2536 (la
435 2457 555 2538 bourie)
567 2463 717 2533 veneunt,
733 2456 903 2540 iisdemque
917 2456 1024 2520 statim
1038 2456 1223 2520 redimendis
1235 2459 1273 2520 ad
1288 2460 1463 2522 terminum

186 2545 220 2625 (ἀ
240 2543 346 2624 terme)
367 2543 468 2605 altiori
486 2562 521 2606 ac
540 2543 741 2607 determinato
759 2544 868 2625 pretio.
884 2548 962 2608 Cum
981 2545 1078 2626 igitur
1096 2545 1180 2626 prior
1200 2545 1330 2608 venditio
1344 2545 1459 2610 fictitia

186 2631 238 2706 sit,
254 2635 360 2711 utpote
374 2634 535 2713 conjuncta
549 2649 620 2694 cum
639 2633 912 2708 retrovenditione‚
932 2637 996 2697 tota
1012 2635 1076 2698 haec
1089 2635 1219 2715 operatio
1232 2634 1351 2697 videtur
1366 2654 1458 2698 revo-

187 2721 283 2784 canda
302 2720 341 2783 ad
362 2726 553 2783 contractum
575 2719 692 2796 mutui,
717 2724 804 2802 cujus
826 2723 999 2786 auctarium
1020 2741 1112 2803 supra
1133 2730 1244 2786 sortem
1263 2723 1304 2786 sit
1323 2723 1460 2804 ipsemet

188 2828 326 2872 excessus
340 2809 456 2872 altioris
471 2828 504 2872 ac
522 2809 720 2872 determinati
736 2810 828 2892 pretii
845 2811 887 2872 ad
906 2815 1063 2874 lominum
1078 2813 1231 2887 solvendi,
1245 2831 1336 2894 supra
1350 2813 1464 2877 rendi·
1565 2819 1566 2884 ζ

188 2897 281 2960 tionis
305 2919 346 2958 aa
365 2907 518 2981 comploret
536 2897 680 2979 pretium.
702 2899 831 2962 Proinde
851 2900 915 2964 haec
933 2899 1202 2964 retrovenditionis
1223 2902 1336 2982 species
1355 2923 1418 2985 per
1433 2924 1463 2966 re

188 2985 363 3048 damnanda
382 3005 444 3049 non
463 2987 596 3062 videtur,
615 2988 782 3050 dummodo
803 2989 965 3069 pradictus
980 3008 1121 3052 excessus
1140 3009 1202 3053 non
1223 2995 1344 3072 superet
1358 2999 1464 3056 tanam

188 3074 324 3154 legalem.
340 3075 435 3139 Facile
453 3082 557 3138 tamen
571 3094 673 3139 usurae
690 3076 791 3138 labem
809 3077 992 3153 incurreret,
1008 3084 1099 3160 atque
1112 3079 1285 3141 mobatrarn
1300 3081 1464 3158 redoleret,

189 3162 251 3226 nisi
267 3161 316 3224 his
330 3163 426 3244 justis
445 3163 705 3244 constringeretur
725 3165 889 3228 limitibus,
904 3202 943 3212 —
964 3167 1014 3228 lta
1027 3165 1233 3250 probabilius.
1258 3173 1340 3234 Sunt
1358 3176 1466 3234 tamen

190 3251 244 3332 qui
257 3270 321 3314 non
331 3251 574 3333 improbabiliter
587 3253 644 3315 hos
658 3253 773 3316 limites
785 3253 883 3335 magis
897 3256 1044 3318 relaxant.
1056 3291 1097 3302 -
1118 3256 1152 3318 V.
1171 3255 1278 3337 Casas,
1296 3281 1328 3322 n.
1344 3263 1416 3323 atr.

328 3430 345 3521 ᾗ
365 3431 411 3498 ll.
438 3433 484 3498 Do
501 3432 694 3500 venditione
711 3433 773 3501 aab
793 3433 908 3517 basto,
928 3455 986 3503 serr
997 3455 1061 3522 per
1081 3435 1322 3512 licitationem.

230 3592 300 3652 907.
311 3625 351 3636 —
363 3591 506 3654 Venditio
519 3591 573 3654 aab
587 3591 674 3654 basta
686 3598 732 3654 est
744 3612 779 3656 ea
793 3613 861 3674 quae
870 3593 906 3656 fit
919 3613 972 3676 per
981 3613 1160 3675 preconem,
1175 3605 1206 3660 et
1220 3597 1254 3660 in
1268 3619 1331 3681 qua
1344 3599 1469 3664 ultimae

190 3675 351 3740 licitationi
366 3697 414 3740 res
428 3679 624 3743 adscribitur.

231 3765 328 3828 Licita
338 3772 399 3842 est,
417 3766 481 3830 sive
500 3768 569 3844 dat,
583 3769 791 3834 consentiente
805 3770 870 3834 sive
883 3769 983 3836 inrito
999 3774 1139 3852 domino,
1156 3795 1209 3838 seu
1229 3795 1284 3857 per
1297 3779 1470 3842 auctorita-

192 3861 255 3916 tem
264 3854 429 3936 publicam,
442 3856 593 3920 siveinira
601 3856 746 3921 intimum
758 3858 894 3939 pretium
905 3867 1038 3938 ematur,
1046 3870 1101 3926 aut
1111 3882 1202 3945 supra
1215 3883 1378 3930 summum
1391 3887 1469 3931 ven·

194 3942 300 4006 datur:
312 3945 386 4025 quia
394 3949 523 4026 potestas
530 3947 651 4028 publica
659 3947 805 4028 approbat
814 3953 849 4010 ut
853 3951 976 4031 Justum
986 3951 1120 4032 pretium
1128 3952 1247 4035 publice
1257 3956 1469 4019 constitutum

194 4038 417 4113 exemptarum
431 4053 588 4097 concursu.
605 4035 683 4098 Hinc
699 4035 726 4098 si
740 4043 890 4117 emptores
905 4047 1102 4117 concurrant,
1119 4059 1167 4104 res
1181 4041 1218 4106 tit
1231 4044 1466 4115 aestirnahitior;

194 4118 220 4182 si
232 4138 295 4183 non
306 4130 501 4198 concurrant,
516 4123 605 4187 vilior
618 4124 760 4188 habetur.
772 4160 814 4172 -
827 4126 864 4188 S.
880 4125 950 4210 Lip.
966 4149 998 4190 o.
1010 4133 1072 4193 808
1088 4129 1180 4210 (Col.
1194 4131 1265 4208 cio,
1280 4145 1342 4196 ort.
1361 4137 1463 4208 1686).

312 4268 506 4345 Quaestio.

210 4397 298 4490 ,⁹⁰8·
314 4431 353 4442 -
368 4400 470 4472 Quae.
486 4403 519 4460 i⁰
532 4399 583 4460 Ao
601 4398 740 4462 venditor
753 4401 848 4482 possit
864 4421 926 4466 rem
940 4421 1025 4467 eam
1042 4405 1211 4486 retrabere,
1231 4411 1351 4490 incepta
1366 4409 1465 4472 licita-

191 4485 287 4548 tione‚
300 4485 328 4540 ri
338 4485 436 4544 minare
445 4488 578 4565 proiciam
590 4489 761 4567 offeratur?
