3136 5034
207 247 277 309 tta
742 255 952 301 anscausus

209 378 278 436 tum
289 369 413 445 Gallico,
428 367 604 431 donationes
617 367 700 430 inter
714 366 800 428 vivos
813 372 844 429 et
858 384 912 448 per
925 369 1119 441 memento,
1131 365 1165 428 in
1175 364 1288 445 quibus
1298 364 1488 429 conditiones

208 471 310 544 turpes
326 477 380 541 pro
393 476 456 522 non
468 456 593 538 adjectis
607 456 771 519 habentur.
786 491 825 502 —
840 454 914 518 God.
931 459 1002 532 civ„
1018 458 1089 518 900.
1107 490 1146 499 -
1165 454 1248 516 Idem
1263 453 1438 516 dicendum
1454 455 1488 518 de
1562 457 1563 470 ¹

209 549 382 614 conditione
396 545 481 628 turpi
493 550 547 609 aut
557 544 741 626 impossibili
753 541 952 606 matrimonio
966 543 1098 624 adjecta,
1114 543 1205 606 modo
1219 541 1408 605 substantie
1420 561 1485 608 con-

207 645 324 701 tractus
338 635 491 699 contraria
504 652 567 697 non
580 633 631 696 sit.
648 669 688 680 —-
701 633 753 695 Ita
765 653 803 695 ec
816 635 892 696 dure
904 633 1059 695 canonico.

248 731 280 790 3⁰
301 725 440 789 Conditio
460 725 497 786 de
515 723 663 806 proesecti
680 729 710 784 et
725 725 885 804 preterito
913 739 975 784 non
997 721 1155 802 suspendit
1175 721 1413 802 obligationem,
1438 725 1485 785 sed

207 816 292 878 illam
310 813 415 876 statim
432 813 480 875 vel
494 811 632 887 adducit,
647 817 702 875 aut
718 829 780 874 non
798 810 933 884 inducit,
950 809 1024 891 quia
1038 810 1086 873 vel
1101 810 1239 885 exsistit,
1256 811 1305 874 vel
1317 828 1401 888 nou;
1420 830 1484 892 pro

206 904 278 968 inde
292 903 342 966 bic
356 909 386 965 et
400 919 484 964 nunc
497 901 545 964 vel
556 906 729 964 contractus
739 900 859 963 validus
873 905 935 975 est,
952 900 1000 962 vel
1013 899 1127 962 nullus

247 999 280 1056 10
297 990 439 1056 conditio
460 1008 524 1053 non
545 995 668 1052 tautum
691 989 920 1070 aequivalenter,
942 988 1045 1050 sedin
1066 989 1186 1071 propria
1205 989 1303 1052 forma
1324 989 1486 1070 adimpleri

208 1081 306 1144 debet.
333 1079 500 1161 Excipiunt
522 1078 619 1159 aliqui
646 1077 865 1152 conditionem,
889 1077 917 1139 si
940 1080 1091 1159 nupseris,
1119 1095 1212 1158 quam
1234 1079 1359 1159 impleri
1381 1078 1486 1142 dicunt

207 1190 260 1252 per
282 1169 457 1250 ingressum
480 1165 516 1230 in
536 1167 740 1248 Religionem
764 1183 849 1229 secus
868 1165 952 1228 enim
973 1165 1107 1229 conditio
1128 1166 1227 1246 turpis
1250 1170 1341 1229 esset.
1356 1203 1397 1212 -
1416 1167 1486 1230 Vide

207 1259 245 1324 S.
265 1259 389 1341 Lippa.
401 1261 471 1322 930.
483 1256 610 1336 Excipe,
623 1255 650 1319 si
661 1255 794 1319 conditio
808 1261 887 1318 esset
898 1254 1102 1318 determinata
1111 1256 1149 1318 ad
1161 1255 1299 1335 aliquam
1311 1274 1482 1338 personam,

207 1369 238 1411 v.
260 1366 320 1428 gr.,
343 1347 368 1409 si
389 1345 533 1427 nupseris
551 1345 667 1424 Puuto;
681 1343 754 1426 quia
762 1347 847 1425 justa
864 1350 895 1406 et
909 1342 1035 1407 honesta
1049 1343 1128 1406 ratio
1144 1351 1216 1406 tuuc
1230 1345 1338 1407 adesse
1353 1351 1460 1424 potest.

247 1441 278 1500 50
296 1434 492 1499 conditiones
506 1435 712 1517 potestativa,
735 1451 788 1496 seu
811 1452 880 1514 quae
900 1452 918 1495 a
940 1433 1098 1496 voluntate
1116 1432 1210 1495 unius
1232 1433 1482 1496 contrahentium

208 1526 357 1606 pendent,
379 1521 551 1605 adimplete
569 1528 732 1586 censentur
751 1539 815 1586 non
836 1522 935 1584 solum
954 1539 1025 1584 cum
1048 1520 1080 1583 id
1102 1527 1265 1601 praestatur
1285 1523 1370 1603 quod
1388 1523 1482 1585 instar

209 1612 391 1677 conditionis
418 1611 594 1694 injunctum
619 1611 695 1688 luit,
719 1611 756 1674 de
780 1629 841 1692 quo
867 1610 952 1673 nulla
976 1628 1040 1672 esse
1061 1616 1162 1690 potest
1184 1612 1407 1684 controversia,
1433 1613 1483 1674 sed

209 1702 332 1765 etiamsi
344 1702 377 1764 id
394 1701 494 1782 reipsa
507 1719 569 1764 uon
583 1707 756 1781 prestetur,
773 1701 895 1781 quando
909 1699 974 1774 ille,
993 1699 1047 1780 qui
1059 1717 1090 1761 se
1102 1698 1266 1778 obligavit,
1281 1701 1329 1762 ael
1342 1706 1372 1762 10
1385 1699 1485 1779 impe

209 1790 290 1854 divit
306 1790 474 1871 quominus
488 1789 621 1852 conditio
640 1789 873 1870 adimpleretur;
890 1788 937 1852 vel
955 1792 987 1851 2⁰
1005 1787 1044 1850 ab
1063 1788 1157 1850 altero
1175 1787 1346 1868 impeditus
1362 1794 1422 1865 est,
1444 1807 1486 1850 ne

209 1879 378 1943 conditioni
392 1877 584 1942 satisfaceret.
599 1913 638 1923 -
658 1877 693 1940 V.
712 1876 823 1958 Casus,
837 1897 868 1939 n.
888 1880 946 1941 787
959 1887 1062 1958 etseq.

627 2141 776 2227 PARS
810 2140 1070 2227 SECUNDA

544 2327 594 2383 nu
613 2326 930 2384 oournrorrnus
950 2327 991 2382 ru
1010 2323 1153 2382 seuera

250 2505 294 2565 Ac
303 2509 335 2566 10
349 2503 385 2565 de
399 2501 604 2565 contractibus
614 2502 772 2583 gratuitis;
785 2537 826 2548 -
839 2506 872 2565 10
883 2503 920 2565 de
934 2502 1141 2566 contractibus
1156 2502 1295 2566 onerosis.

734 2715 913 2802 steilo
941 2717 959 2799 l

531 2885 582 2935 DE
607 2885 920 2936 CONTRACTIBUS
945 2885 1166 2936 GRATUITIS

248 3040 426 3103 Nimirum:
446 3046 478 3103 10
495 3041 531 3104 de
549 2998 766 3122 promissione3
783 3045 816 3104 2⁰
831 3041 868 3103 de
887 3040 1119 3117 donationibus;
1136 3046 1169 3105 30
1189 3040 1227 3103 de
1244 3041 1442 3104 commodato
1459 3048 1487 3104 et

208 3129 452 3283 gfffldtirdde
465 3130 595 3211 positivo
608 3135 638 3193 et
651 3135 806 3210 sequestro
817 3150 823 3206 ;
838 3133 870 3193 5⁰
882 3130 919 3192 de
930 3131 1074 3193 mandato
1085 3137 1117 3194 et
1129 3129 1266 3211 gestione
1276 3130 1485 3211 negotiorum

737 3373 914 3452 CAPUT
941 3375 958 3450 l

664 3572 715 3622 nn
741 3570 1025 3623 uuomssroun

249 3733 320 3795 ter.
336 3767 376 3777 -
393 3733 557 3797 Promissio
576 3740 622 3797 est
639 3739 827 3810 contractus,
841 3751 902 3815 quo
916 3734 985 3816 quis
1000 3735 1092 3797 libere
1106 3737 1136 3798 et
1151 3741 1319 3815 spontanee
1333 3750 1399 3796 sese
1413 3731 1493 3795 obli-

210 3827 262 3899 gat
275 3821 314 3882 ad
327 3819 445 3901 abqadd
459 3823 593 3903 gratuito
605 3823 816 3904 prestandum
828 3824 876 3886 vel
888 3823 1097 3886 omittendum
1110 3823 1144 3886 in
1156 3821 1283 3886 alterium
1297 3821 1449 3886 favorem.

248 3907 444 3972 conditiones
462 3911 501 3973 ad
519 3911 736 3992 obligationem
751 3911 964 3992 promissionis
987 3911 1237 3993 requisitae-suut
1259 3931 1267 3974 :
1289 3917 1323 3976 10
1345 3915 1387 3977 Ut
1408 3909 1493 3974 adsit

211 3996 353 4061 voluntas
366 4016 397 4061 se
411 3998 582 4081 obligandi,
599 3999 708 4062 saltem
723 3999 866 4064 virtualis
878 4008 909 4063 et
927 3999 1076 4081 implicita
1087 4050 1094 4077 ,
1106 4019 1200 4083 quam
1219 4008 1362 4065 censetur
1377 3999 1492 4063 habere

212 4083 353 4167 quisquis
367 4087 444 4151 serio
456 4088 524 4152 vult
536 4088 731 4169 promittere,
747 4089 805 4152 etsi
818 4090 858 4152 ad
868 4089 1084 4170 obligationem
1098 4107 1161 4153 non
1172 4090 1322 4153 advertat.

250 4177 282 4236 2⁰
296 4178 337 4239 Ut
353 4193 518 4241 consensus
535 4178 673 4260 ejusdem
691 4177 901 4258 promittentis
921 4178 1009 4260 plene
1027 4177 1067 4240 sit
1085 4179 1162 4243 liber
1182 4185 1212 4242 et
1231 4186 1439 4260 spontaneus,
1460 4191 1494 4238 ac
1564 4237 1565 4258 ἓ

212 4262 339 4342 proinde
352 4263 435 4328 absit
450 4265 550 4329 omnis
571 4284 654 4329 error
672 4273 703 4329 et
722 4265 809 4329 dolus
829 4266 908 4330 circa
926 4266 1134 4332 substantiam
1153 4275 1184 4332 et
1203 4285 1328 4331 causam
1348 4267 1495 4338 finalem,
1564 4259 1565 4282 ³

214 4350 376 4433 omnisque
389 4355 503 4418 coactio
516 4355 563 4420 vel
579 4359 679 4419 metus
693 4355 839 4436 injustus.

251 4441 283 4498 30
301 4444 339 4502 Ut
364 4439 431 4519 ipsa
458 4442 620 4522 promissio
643 4443 685 4506 sit
707 4445 842 4508 exterius
861 4447 1070 4525 manifestata,
1094 4455 1125 4513 et
1144 4453 1311 4529 acceptam
1335 4445 1498 4528 siquidem

217 4537 306 4582 omne
320 4529 444 4600 pactum
458 4527 546 4590 debet
559 4536 695 4595 constare
711 4537 820 4597 mutuo
832 4553 979 4600 consensu
996 4538 1129 4600 duorum
1146 4537 1193 4600 vel
1207 4535 1344 4618 plurium
1359 4535 1394 4598 in
1407 4534 1497 4598 idem
