3216 5020
653 293 696 336 on
717 291 938 338 rrarcrraos
1367 273 1432 338 115

153 425 251 488 prope
278 403 432 468 continuis
452 402 663 483 exagitantur3
677 421 732 466 nec
754 402 841 465 facile
862 401 1047 465 credendum
1063 409 1124 478 est,
1141 421 1191 465 eas
1205 421 1340 483 peccasse
1355 421 1431 484 prae·

155 495 267 558 sertim
279 493 423 574 graviter,
439 491 584 573 quamvis
598 498 708 572 putent
731 509 762 554 se
783 491 844 554 illis
868 509 1050 554 consensum
1071 491 1254 572 praebuisse;
1276 492 1355 554 sicut
1378 509 1432 555 nec

153 583 278 648 raimius
296 583 391 645 timor
413 582 451 643 de
469 581 602 660 periculo
621 580 730 642 salutis
749 598 820 642 cum
839 580 1047 660 desperatione
1067 580 1187 661 proprie
1205 581 1286 642 dicta
1306 579 1431 644 condin-

153 673 277 736 dendus
292 678 349 734 est.
363 707 402 716 -
414 670 507 732 Ethai
513 701 523 748 t
537 676 594 732 etc.

658 912 835 987 CAPUT
867 913 930 987 111

635 1107 689 1156 DE
719 1107 956 1156 CARITATE

195 1291 267 1350 alr.
282 1285 456 1350 -Caritas
470 1294 518 1350 est
534 1285 632 1348 virtus
652 1305 714 1366 qua
736 1285 893 1364 diligimus
912 1288 1009 1348 Deum
1026 1292 1174 1366 tanquam
1193 1303 1355 1348 summum
1375 1285 1429 1350 ho-

150 1393 234 1440 num
246 1381 367 1456 propter
381 1376 531 1456 seipsum,
545 1382 577 1436 et
588 1375 766 1455 proximum
780 1381 901 1454 propter
917 1377 1024 1436 Deum
1037 1411 1076 1418 —
1091 1375 1208 1438 Caritas
1227 1381 1273 1437 est
1286 1374 1429 1438 omnium

152 1463 308 1527 virtutum
332 1461 601 1546 prestantissima,
629 1463 702 1544 quia
728 1467 825 1526 Deum
844 1463 934 1528 modo
956 1461 1176 1544 perlectisSImo
1196 1463 1332 1543 attingit.
1352 1461 1430 1526 Hinc

150 1554 166 1614 I
189 1555 254 1615 Cor.
275 1571 347 1628 1111,
365 1558 402 1616 13
415 1572 422 1614 ;
436 1551 526 1613 Nunc
545 1561 667 1614 innitent
679 1551 784 1630 Fides,
806 1551 901 1633 Spes,
920 1549 1056 1625 Caritas,
1077 1552 1138 1612 tria
1159 1549 1239 1628 licen·
1258 1551 1358 1633 ntajcr
1375 1571 1429 1612 aa·

151 1641 333 1703 tentorum
350 1650 393 1703 est
409 1640 543 1703 Caritas.
1194 1639 1197 1646 ⁴

194 1729 352 1810 Ohjeatum
365 1729 495 1808 [annale
509 1727 650 1792 Caritatis
662 1735 710 1791 est
721 1728 842 1791 bonitas
855 1728 973 1796 (lirina,
988 1727 1148 1790 Materiale
1160 1746 1230 1792 rero
1244 1727 1428 1808 primarium

148 1821 247 1892 Deus,
263 1817 480 1882 secundarium
494 1816 664 1898 proximus.
678 1853 718 1862 -
732 1815 768 1878 S.
785 1817 855 1898 Lip.
872 1837 904 1878 n.
920 1821 959 1880 la
974 1827 1078 1900 etseq.

195 1906 425 1986 Distinguitur:
441 1913 473 1970 1⁰
489 1907 585 1968 Amor
603 1905 657 1968 Ilei
678 1905 823 1967 intensive
839 1906 886 1968 rel
903 1907 1102 1988 appretiatiae
1117 1923 1273 1982 summus;
1287 1910 1320 1967 10
1332 1907 1427 1966 Amor

148 1994 381 2070 beneuolentiae,
399 1995 625 2078 quiprcpriutn'
643 1994 749 2056 bonum
767 1995 865 2056 amati
884 1995 1024 2076 respicit,
1043 2014 1128 2057 amor
1143 1995 1298 2073 amititia,
1317 1994 1372 2076 qai
1385 2002 1428 2055 est

147 2103 237 2145 aanor
253 2083 467 2146 benevolentiae
480 2093 618 2162 mutnus,·
634 2093 662 2144 et
684 2103 770 2144 antor
788 2086 1045 2165 concupiscentia,
1062 2085 1116 2165 qui
1135 2083 1263 2146 intendit
1273 2083 1427 2165 primario

146 2171 433 2255 bonurn-proprium
445 2175 585 2236 amantis.

193 2260 355 2343 alpensium
370 2267 401 2324 10
415 2262 452 2324 de
463 2278 566 2323 amore
577 2260 629 2324 Dei
642 2281 649 2336 ;
663 2264 748 2323 -10
760 2259 797 2322 dc
809 2279 912 2323 amore
926 2261 1069 2340 proximi.

640 2411 893 2526 ARTICUIUS
921 2466 934 2526 l

670 2619 709 2662 DE
729 2618 831 2663 AMORE
851 2619 901 2663 DEI

191 2759 223 2816 10
238 2756 333 2816 Datur
352 2760 537 2835 praeceptum
560 2753 685 2833 speciale
702 2753 847 2833 diligendi
866 2758 963 2817 Deum
989 2774 1080 2836 super
1099 2757 1204 2818 onmia
1223 2762 1293 2818 tum
1316 2756 1428 2820 affectu

143 2843 272 2906 interno
285 2861 338 2922 per
351 2861 455 2905 veram
469 2842 567 2905 cordis
579 2841 789 2917 dilectionem,
804 2847 872 2904 tum
884 2843 979 2905 etiarn
991 2863 1078 2924 opere
1092 2851 1228 2908 externo.
1243 2881 1284 2891 —
1302 2849 1426 2909 Constat

142 2949 188 2994 ex
208 2931 311 2993 verbis
328 2930 459 3006 Christi,
481 2931 590 2994 Matth.
612 2949 691 3006 xxrr,
712 2935 769 2994 37:
784 2929 901 3012 Dilipes
923 2931 1085 2994 dominam
1099 2933 1193 2994 Oeam
1213 2942 1295 2996 taam
1314 2954 1352 2996 en
1366 2943 1425 2997 toto

141 3018 237 3082 corde
250 3028 356 3097 tuo...;
371 3019 426 3081 lica
439 3028 483 3082 est
493 3023 658 3082 monimum
672 3028 702 3080 et
709 3023 847 3100 primum
861 3020 1048 3082 mandatam.

188 3113 223 3171 2⁰
249 3111 436 3190 Praeceptum
460 3107 532 3184 hoc,
562 3115 654 3189 prout
679 3105 915 3182 affirmativum,
939 3108 1052 3188 obligat
1077 3109 1114 3172 ad
1137 3115 1233 3174 Deum
1255 3113 1424 3176 amandum

143 3215 240 3277 super
262 3197 366 3274 omnia
390 3197 608 3282 appretiative,
629 3201 665 3259 ut
691 3202 772 3278 patet
796 3197 915 3277 exlege
941 3197 1090 3271 naturali,
1113 3217 1176 3262 non
1197 3208 1301 3263 auam
1323 3219 1425 3263 neces-

142 3285 231 3348 sario
252 3286 412 3363 intensive,
434 3285 508 3366 quia
529 3285 662 3349 essentia
679 3285 823 3348 Caritatis
844 3283 878 3347 in
897 3285 1042 3366 gradibus
1059 3305 1121 3348 non
1141 3289 1290 3352 consistit.
1310 3325 1349 3334 —
1374 3289 1424 3351 Ita

142 3379 357 3436 communiter.

271 3527 465 3604 Quaesitis.

188 3669 258 3728 118.
268 3701 309 3710 -
321 3667 422 3739 Quare.
439 3671 471 3728 10
484 3665 535 3726 An
551 3673 702 3726 teneamur
717 3663 759 3726 od
771 3663 920 3745 apenduin
934 3684 1048 3746 seraper
1061 3687 1098 3728 ea
1112 3669 1220 3730 motivo
1235 3667 1404 3729 Caritatis?

187 3753 278 3835 Resp.
294 3752 387 3835 Nep„
398 3756 490 3834 juxta
508 3753 635 3816 dictade
649 3755 719 3816 Act.
737 3753 832 3830 liam,
850 3773 880 3814 n.
898 3757 948 3816 31.
963 3753 1121 3834 Siquidem
1132 3756 1224 3818 etiam
1243 3760 1329 3817 actus
1347 3756 1422 3818 alia·

54 3881 60 3890 ·
140 3859 220 3904 rum
231 3842 387 3904 virtutum
399 3842 559 3905 suntboni
571 3849 602 3904 et
616 3841 778 3904 meritorii.
793 3844 919 3904 Constat
936 3842 1031 3905 etiam
1049 3863 1087 3906 ex
1105 3843 1308 3925 propositione
1330 3843 1420 3907 80111)

138 3929 319 3992 Alexandro
331 3933 400 3992 VIII
411 3930 567 3993 damnata.

187 4022 289 4094 Quart.
307 4023 341 4081 2⁰
358 4019 552 4094 Ouandonam
566 4029 672 4099 arpent
683 4030 873 4101 praeceptum
886 4019 1062 4082 Caritatis?

186 4107 279 4188 Resp.
290 4128 303 4170 :
317 4107 437 4187 Obligat
455 4114 525 4170 tum
541 4127 597 4188 per
616 4127 662 4182 se,
683 4114 752 4170 tum
770 4109 1000 4188 peraestuans,
1023 4109 1103 4171 sicut
1121 4111 1303 4190 preceptum
1319 4108 1417 4174 Fidei.

140 4196 251 4260 Recole
269 4195 353 4259 dicta
369 4195 510 4276 superius
529 4195 564 4257 de
582 4205 731 4278 praecepta
753 4195 859 4266 Fidei,
880 4217 911 4258 n.
932 4201 1002 4261 188.
1023 4197 1251 4259 Constatetiam
1263 4217 1300 4260 ex
1312 4215 1418 4280 propc-

140 4283 313 4348 sitionihus
338 4289 370 4347 a·
392 4291 425 4347 et
444 4289 477 4347 6¹
498 4284 536 4347 ah
556 4287 657 4348 Innoc.
679 4285 719 4346 Xl
740 4285 912 4359 damnatis,
934 4301 1066 4366 quanam
1092 4283 1174 4364 prior
1196 4285 1239 4347 sic
1256 4289 1352 4366 jacet:
1368 4288 1419 4349 An

134 4383 245 4458 petrei
266 4371 441 4435 mortaliter
463 4373 517 4454 qui
537 4382 633 4433 achim
656 4371 822 4434 dilectionis
842 4374 900 4435 Dei
914 4373 1002 4434 saniei
1020 4381 1136 4433 tantan
1151 4374 1183 4434 in
1204 4377 1267 4436 uita
1283 4375 1419 4452 eliceret,

139 4461 343 4526 emdemnare
366 4481 427 4523 non
447 4461 600 4523 audemus.
625 4460 775 4524 Posterior
797 4479 884 4524 vcro:
901 4459 1066 4522 Probabile
1086 4471 1145 4536 est,
1161 4481 1198 4525 ne
1215 4465 1339 4546 sinpnlis
1354 4469 1422 4548 qui·

141 4551 213 4614 deni
239 4552 376 4632 riporose
404 4549 635 4632 quinquenniis,
660 4569 716 4633 par
738 4568 786 4627 se,
816 4549 953 4630 obliquae
971 4561 1153 4633 preceptum
1176 4551 1324 4616 Caritatis
1348 4571 1421 4634 erpa
