3202 5020
175 153 219 214 88
308 166 432 210 saules
459 163 731 210 annonaboaica
756 163 1048 208 euoeosluioucn
1073 163 1324 210 DAMNATARUM

175 277 211 336 ab
225 277 302 332 omni
315 275 476 348 Juventutis
491 274 677 332 instituendae
690 274 902 346 educandaequc
917 290 985 331 cura
997 275 1026 331 et
1040 274 1134 331 officio
1146 292 1212 332 esse
1223 276 1418 333 amovendum.

211 365 241 422 8⁰
258 365 394 420 Ecclesiae
408 363 487 436 leges
502 381 558 420 non
569 363 698 435 obligare
710 365 740 419 iu
755 363 942 431 conscientia,
956 363 1014 419 nisi
1029 379 1094 420 cum
1109 364 1325 438 promulgantur
1339 382 1356 422 e
1370 366 1452 423 cirili

176 447 331 521 potestate;
346 446 459 502 -ecta
480 445 509 500 et
529 444 642 500 decreta
656 447 849 501 Romanorum
864 443 1032 500 Pontificum
1054 444 1090 500 ad
1107 444 1284 516 Religionem
1308 447 1336 501 et
1356 447 1454 503 Eccle·
1572 491 1573 516 ,

177 529 249 583 siam
263 525 421 599 spectantia
433 524 564 596 indigere
581 523 729 580 sanctione
740 524 769 580 et
779 523 994 597 approbatione,
1008 523 1055 580 ret
1068 524 1220 580 minimum
1235 541 1358 582 assensu
1375 527 1456 600 pote-
1572 523 1573 556 ³

178 606 262 663 etatis
292 605 404 673 civilis;
427 633 464 648 -·
486 605 714 661 constitutiones
736 603 915 676 Apostolicas
938 603 1043 676 quibus
1070 604 1242 660 damnantur
1266 604 1455 663 clandestinae
1572 611 1573 662 Τ

178 687 346 755 Societates,
363 684 470 742 sivein
485 684 528 742 eis
547 685 689 756 exigatur,
706 685 841 740 eirenen
859 685 991 756 exigatur
1009 685 1204 757 juramentum
1222 684 1258 741 de
1272 689 1382 743 secreto
1395 703 1457 743 ser
1572 709 1573 724 κ

178 766 287 835 vando,
307 781 465 838 earumque
479 762 599 822 asseclae
618 765 648 822 et
666 764 792 821 lautores
812 763 993 821 anathemate
1008 765 1195 834 mulctantur,
1216 764 1327 822 nullam
1347 766 1456 824 hebere
1572 765 1573 794 ¹

178 848 237 904 vim
256 845 286 901 in
307 844 368 901 illis
386 841 470 902 'orbis
497 845 663 917 regionibus
684 843 735 900 ubi
755 843 899 916 ejusmodi
919 845 1136 916 aggregationes
1155 845 1347 902 toleranture
1372 847 1455 904 civili

178 925 384 996 Guberni03—
398 925 721 982 excommunicationem
733 941 751 982 a
762 924 888 982 Concilio
903 925 1069 982 Tridentino
1079 927 1107 982 et
1116 927 1252 984 Romanis
1266 926 1456 984 Pontificibus

179 1006 267 1064 latam
282 1006 373 1062 ineos
389 1006 438 1078 qui
450 1007 516 1080 jura
528 1003 782 1080 possessionesque
794 1004 930 1063 Ecclesiae
945 1005 1085 1063 invadunt
1098 1006 1128 1063 et
1145 1009 1298 1080 usurpant,
1314 1007 1368 1064 niti
1388 1023 1459 1064 con·

179 1087 292 1144 lusione
313 1085 424 1142 ordinis
446 1085 608 1160 spiritualis
631 1084 798 1157 ordinisque
821 1084 917 1142 civilis
939 1102 972 1142 ac
991 1086 1122 1159 politici,
1137 1085 1173 1143 ad
1191 1086 1369 1144 mundanum
1383 1085 1458 1144 dun-

180 1169 261 1223 taxat
282 1166 388 1222 bonum
411 1165 659 1239 prosequendum:
674 1165 883 1222 -Ecclesiam
905 1165 979 1222 nihil
1002 1165 1105 1224 debere
1129 1167 1295 1236 decernere,
1314 1167 1388 1240 quod
1412 1167 1461 1223 ob

182 1247 323 1318 stringere
333 1250 426 1320 possit
438 1245 568 1302 fidelium
579 1245 771 1302 conscientias
787 1245 818 1301 in
831 1246 932 1303 ordine
945 1247 982 1303 ad
995 1263 1080 1304 usum
1091 1263 1184 1304 rerum
1199 1247 1458 1320 temporalium-

181 1326 319 1384 Ecclesiae
340 1329 390 1398 jus
418 1343 475 1382 non
500 1326 660 1399 competere
689 1325 843 1383 violatores
864 1325 961 1398 legum
984 1343 1103 1384 suarum
1127 1327 1220 1402 poenis
1247 1325 1458 1400 temporalibus

180 1406 345 1476 coercendi3
367 1437 404 1449 ·-
432 1407 575 1463 conlorme
597 1422 662 1464 csse
685 1422 773 1463 sacrae
799 1406 966 1478 theologiae,
983 1408 1116 1480 jurisque
1143 1407 1253 1482 publici
1283 1407 1458 1482 principiis,

182 1487 319 1543 bonorum
334 1487 549 1560 proprietatem,
564 1502 626 1558 quae
648 1487 683 1543 ab
707 1485 856 1556 Ecclesiis,
877 1503 893 1544 a
916 1487 1048 1544 Familiis
1063 1487 1226 1560 religiosis,
1242 1487 1367 1562 aliisque
1382 1486 1459 1546 locis
1572 1525 1573 1540 r

183 1567 239 1642 piis
253 1567 447 1639 possidentur,
464 1566 543 1624 cirili
557 1567 702 1624 Guberuio
715 1583 847 1623 asserere
861 1569 890 1623 et
907 1567 1061 1625 vindicare.

218 1655 248 1711 9⁰
260 1654 493 1714 Ecclesiasticam
506 1657 675 1730 potestatem
692 1672 749 1711 uon
761 1672 826 1712 esse
844 1657 909 1728 jure
923 1657 1021 1713 divino
1037 1656 1203 1714 distinctam
1217 1659 1246 1714 et
1262 1657 1460 1730 independen·
1572 1699 1573 1722 ,

182 1736 240 1791 tem
255 1737 422 1809 apotestete
437 1737 527 1805 civili,
543 1751 636 1808 neque
650 1735 792 1808 ejusmodi
808 1736 1023 1794 distinctionem
1036 1738 1065 1793 et
1080 1735 1331 1811 independentiam
1346 1737 1460 1794 servari

184 1831 283 1951 pesele,
297 1817 367 1888 quin
390 1816 426 1873 ab
447 1816 575 1872 Ecclesia
596 1815 767 1872 invadantur
789 1817 817 1872 et
839 1819 1014 1892 usurpentur
1032 1817 1200 1875 essentialia
1219 1818 1286 1890 jura
1304 1817 1459 1893 potcstatis

184 1912 239 1952 crvr
253 1911 288 1952 rs.

220 1983 267 2040 10ο
283 1983 345 2040 Illis
362 1982 533 2056 apostolica
553 1983 636 2041 Sedis
647 1984 769 2055 judiciis
784 1987 812 2041 et
831 1986 970 2054 decretis,
991 2003 1111 2058 qnorum
1128 1985 1270 2058 objectum
1292 1985 1328 2042 ad
1351 1985 1460 2042 bonum
1572 1979 1573 1996 ¹

185 2064 318 2136 gencrale
331 2064 482 2133 Ecclesiae,
495 2064 682 2135 ejusdemque
693 2065 760 2135 jura
779 2081 814 2122 ec
833 2065 1016 2139 disciplinam
1037 2066 1165 2140 spectare
1185 2065 1356 2136 declaratur,
1378 2065 1461 2122 dum·
1572 2087 1573 2128 t

186 2142 269 2199 modo
283 2142 350 2198 fidei
371 2158 538 2216 morumque
557 2143 689 2214 dogmata
708 2159 765 2199 non
785 2145 924 2216 attingat,
941 2161 1025 2219 posse
1046 2162 1199 2203 assensum
1217 2147 1246 2202 et
1265 2145 1460 2203 obedientiam

189 2221 340 2278 detrectari
353 2221 460 2295 absque
477 2225 605 2297 peccato,
621 2224 650 2280 et
659 2223 769 2296 absque
779 2224 839 2281 ulla
853 2225 1001 2282 catholice
1013 2227 1202 2299 professionis
1214 2227 1335 2299 jactura.

419 2352 461 2408 De
479 2351 589 2424 quibes
605 2349 866 2427 propositionibus
881 2354 925 2410 sic
939 2354 1045 2411 statuit
1058 2353 1226 2428 Pontifex:

225 2501 238 2530 a
259 2479 366 2536 Omnes
384 2481 412 2536 et
426 2481 558 2552 singulas
572 2497 674 2556 pravas
687 2482 837 2556 opiniones
851 2499 884 2540 ac
898 2484 1042 2542 doctrinas
1056 2483 1228 2556 singillatim
1246 2484 1327 2541 hisce
1343 2483 1464 2541 Litteris
1572 2477 1573 2516 l

189 2562 458 2618 «commemoratas
490 2563 660 2620 auctoritate
684 2565 787 2620 Nostra
812 2564 975 2638 Apostolica
1002 2563 1219 2638 reprobemus,
1238 2563 1465 2638 memmasce
1572 2589 1573 2636 5

192 2660 205 2691 κ
225 2641 310 2712 atque
323 2641 524 2712 damnamus,
539 2658 646 2716 easque
667 2643 704 2699 ab
723 2643 858 2702 omnibus
878 2645 1032 2702 Catholicae
1046 2644 1182 2702 Ecclesiae
1202 2643 1287 2714 otiis,
1308 2643 1400 2701 veluti
1419 2661 1467 2702 re-
1572 2683 1573 2710 ,

191 2740 205 2771 ι
224 2721 373 2794 probatae,
386 2722 560 2796 proscriptas
569 2724 655 2797 etque
668 2724 818 2781 damnatae
833 2725 947 2782 omnino
963 2725 1063 2782 baberi
1075 2725 1207 2783 volumus
1219 2727 1249 2781 et
1262 2725 1464 2782 mandamns.»
1572 2737 1573 2784 t
