3202 5020
614 221 656 264 on
680 219 830 266 cecrops
1290 213 1356 272 ddi

118 327 172 392 86.
187 363 230 373 -
243 329 342 403 Quart.
359 331 392 390 2⁰
412 329 463 390 Au
483 327 560 411 leges
580 330 707 392 condere
724 331 846 412 possint
870 330 1049 412 Capitulum
1070 333 1269 416 cathedralis,
1290 338 1357 400 sede

79 426 220 495 vocante,
235 415 366 478 Proeluti
377 417 583 496 Repulurium,
601 427 630 479 et
643 417 827 492 Abbatissae,
842 438 893 480 seu
905 420 1083 482 Mouiulium
1096 421 1330 504 Superiorissa?

118 506 212 586 Hesp.
231 510 261 566 1ο
278 523 285 566 :
302 503 496 587 Capitulum,
510 507 579 570 sede
589 511 730 582 vacante,
743 511 859 570 statute
869 507 946 571 terre
959 516 1074 590 potest,
1087 530 1155 591 qum
1166 529 1219 592 pro
1229 513 1358 577 circum-

81 592 205 656 stantiis
221 593 390 657 necessaria
408 593 472 657 sint
485 594 533 658 vel
547 595 652 668 utilia,
664 594 786 658 etiamsi
798 613 852 676 per
865 597 931 676 ipsa
948 597 1131 677 abrogentur
1143 606 1261 664 statuta
1274 611 1357 666 ante-

81 682 235 756 cedentia;
255 699 349 762 eaque
361 682 534 757 durabunt,
550 683 700 764 quamdiu
710 703 729 746 a
741 684 971 748 succedentibus
986 687 1132 768 episcopis
1144 694 1282 752 revocata
1295 709 1357 754 non

80 771 207 833 fuerint.
228 805 270 816 -
285 770 321 833 S.
335 771 404 850 Lip.
418 791 448 832 u.
468 777 536 835 104.

120 859 214 941 Resp.
231 863 264 921 2⁰
281 878 288 920 :
308 858 449 940 Cupitulu
462 880 512 923 ceu
535 860 793 942 Conprepotioces
806 861 958 943 generales
973 872 1002 924 et
1016 864 1145 928 prouti
1159 866 1358 948 Regularium

81 965 168 1010 veras
182 947 264 1028 leges
278 948 403 1011 condere
417 949 536 1024 valent,
556 949 639 1012 intra
657 949 774 1012 limites
791 968 854 1014 suae
865 949 1105 1032 jurisdictionis,
1116 957 1208 1035 juxta
1221 956 1358 1037 proprias

81 1034 205 1098 Ordinis
220 1035 466 1100 constitutiones,
482 1037 603 1101 Habent
619 1038 703 1101 enim
718 1044 864 1102 statutae
881 1040 1009 1103 Summo
1023 1042 1167 1106 Pontifice
1181 1044 1356 1125 approbata,

82 1142 152 1204 quae
165 1123 228 1187 iliis
238 1124 317 1188 hanc
331 1123 507 1188 facultatem
522 1127 676 1190 tribuunt.

121 1213 216 1294 desp.
237 1217 268 1278 3⁰
282 1213 462 1294 abbatissae,
480 1215 527 1277 vel
541 1214 757 1297 superenne
771 1216 951 1279 Mocictium
968 1236 1031 1281 non
1050 1225 1178 1300 possunt
1193 1221 1272 1302 leges
1290 1241 1357 1303 pro-

83 1301 148 1383 prio
162 1301 260 1364 dictas
274 1301 366 1378 ferre,
383 1320 455 1366 cum
467 1303 692 1385 jurisdictionis
707 1303 912 1369 ecclesiasticae
926 1323 990 1370 non
1004 1307 1068 1370 sint
1081 1327 1212 1388 capaces.
1227 1313 1358 1375 Possunt

84 1397 193 1452 tamen
207 1390 325 1471 exigere
341 1389 375 1452 in
393 1392 578 1456 conscientia
596 1393 801 1456 obedientiam
821 1393 900 1456 circa
913 1412 962 1457 res
975 1401 1152 1477 praeceptas,
1170 1399 1218 1461 vel
1232 1399 1358 1463 circaea

82 1497 157 1560 (μω)
175 1479 214 1541 cd
235 1478 402 1560 profectum
421 1480 603 1544 Monialium
612 1485 704 1564 juxta
721 1483 841 1562 regulas
859 1483 1042 1546 conducunt.
1065 1485 1186 1548 Habent
1206 1486 1290 1550 enim
1304 1491 1357 1570 jus

82 1565 279 1648 praecipiendi
295 1573 366 1631 tum
380 1587 418 1632 err
435 1575 506 1633 voto
519 1569 698 1634 obedientie
716 1590 735 1634 a
748 1570 881 1635 subditis
901 1571 1027 1648 emisso,
1045 1579 1115 1636 tum
1128 1593 1166 1636 er
1179 1575 1358 1638 necessitate

83 1653 269 1738 disciplina,
286 1675 355 1738 qua
369 1658 404 1720 in
418 1657 639 1722 communitate
651 1660 766 1724 servari
776 1659 876 1723 debet.

124 1747 174 1807 87.
192 1779 235 1790 -
252 1747 354 1820 Quina.
377 1750 408 1812 3ο
431 1746 560 1823 Quium
574 1747 737 1830 Principes
755 1747 912 1812 sucutures
927 1757 1104 1832 potestatem
1122 1751 1269 1814 condendi
1283 1752 1359 1834 teges

82 1832 236 1896 taceant?

123 1921 212 2004 Hesp.
238 1942 251 1984 .·
273 1925 386 1986 Omnes
408 1923 432 1986 ii
453 1923 508 2005 qui
527 1942 670 2005 suprema
689 1927 823 2005 gaudent
844 1927 1039 2002 auctoritate,
1061 1945 1116 1990 nec
1136 1934 1210 1991 sunt
1232 1929 1358 1992 alterius

81 2009 228 2090 delegati,
244 2017 281 2074 ut
299 2012 393 2094 buJus
408 2011 533 2075 nomine
550 2018 657 2093 agant;
674 2015 825 2095 ejusmodi
846 2021 920 2078 sunt
941 2018 1153 2097 Imperatores,
1172 2022 1282 2097 Reges,
1297 2023 1358 2082 Ma-

82 2097 232 2178 gistratus
252 2100 436 2182 Reipublicae
456 2100 589 2181 legitime
608 2103 799 2180 constituta,
820 2111 896 2181 eto.;
919 2122 981 2167 non
1003 2122 1073 2169 vero
1093 2109 1188 2168 Duces
1202 2106 1355 2181 militum,

83 2205 138 2250 neo
150 2187 289 2251 Profecti
300 2190 542 2270 provinciarrun,
555 2189 609 2272 qui
623 2191 743 2272 proprio
754 2191 879 2256 nomine
889 2212 976 2273 agere
989 2198 1155 2274 nequeunt.
1168 2229 1209 2240 -
1223 2195 1258 2258 V.
1271 2194 1355 2275 Cas,
1468 2250 1472 2259 ,

83 2284 348 2450 nsrioqfltiraegspm
363 2373 453 2442 sunt,
470 2366 540 2447 qui,
560 2368 630 2432 licet
647 2376 738 2450 agant
751 2371 877 2444 nomine
889 2371 1027 2453 proprio,
1047 2370 1250 2434 nihilominus
1265 2375 1357 2454 Supe-

82 2455 157 2519 riori
174 2455 363 2532 subdantur3
385 2457 498 2519 borum
516 2454 596 2537 leges
614 2477 633 2520 a
651 2459 809 2540 Superiore
827 2458 946 2522 irritari
964 2468 1020 2524 aut
1037 2459 1194 2525 reformari
1211 2469 1355 2542 possunt,

84 2565 114 2605 r.
125 2564 185 2626 gn,
196 2546 277 2625 leges
288 2543 434 2625 principis
446 2544 608 2608 feudatarii
621 2545 655 2608 in
669 2547 774 2610 ordine
786 2546 870 2610 civili
883 2566 902 2610 c
913 2547 1058 2629 primario
1070 2548 1219 2630 Principe,
1236 2549 1315 2612 sicut
1327 2557 1358 2612 et

82 2633 117 2696 in
131 2634 239 2698 ordine
253 2632 451 2696 eeclesiastico
464 2633 543 2714 leges
557 2635 713 2716 Episcopi,
729 2641 784 2698 aut
802 2635 928 2698 Concilii
941 2637 1151 2718 provincialis,
1168 2643 1223 2700 aut
1236 2637 1356 2702 Prolati

82 2723 256 2803 Regrssaris,
274 2721 384 2801 corrigi
398 2722 446 2784 vel
460 2721 573 2785 aboleri
587 2742 605 2785 a
618 2727 756 2788 Romano
768 2724 912 2788 Pontifice
925 2732 1063 2805 possunt.

586 2981 762 3058 CAPUT
794 2983 858 3058 111

360 3185 411 3235 DE
440 3184 620 3236 OBJECTO
650 3187 699 3237 ET
728 3187 931 3238 SUBJEGTO
961 3187 1078 3238 Lucis

598 3413 812 3479 AR'I'IGULUS
832 3417 846 3476 1

542 3582 585 3626 DE
619 3581 769 3626 casnedo
803 3581 905 3626 Ludis

120 3743 184 3892 {it
190 3775 228 3786 -
240 3741 398 3824 Objectum
413 3741 487 3824 legis
501 3743 670 3824 generatim
679 3746 725 3806 est
736 3741 888 3823 quidquid
901 3741 950 3804 lex
963 3742 1125 3826 precipere
1140 3742 1185 3806 vel
1199 3739 1356 3822 prohibere

81 3846 119 3908 po
187 3878 194 3890 .

207 3967 431 4049 Principia.

122 4129 147 4189 1.
171 4128 331 4209 Obiectmn
348 4130 422 4210 legis
442 4136 518 4193 sunt
531 4148 636 4193 omnes
648 4137 680 4193 et
697 4129 752 4194 soli
769 4135 871 4205 actus,
892 4148 1025 4212 quorum
1038 4127 1148 4211 positio
1170 4127 1219 4191 vel
1232 4127 1357 4192 omissio

81 4217 121 4279 ad
134 4215 254 4280 bonum
269 4237 432 4282 commune
448 4217 581 4282 conferre
595 4223 705 4299 potest.
721 4223 766 4281 Ex
775 4219 866 4282 dictis
881 4219 1031 4300 sequitur.

122 4306 161 4366 11.
177 4308 290 4368 Omnes
301 4313 387 4370 aetus
400 4305 609 4370 indifferentes
620 4307 811 4369 distributive
828 4307 945 4388 sumpti
962 4307 1116 4387 objectum
1130 4304 1205 4386 legis
1216 4323 1356 4389 essepos-

81 4399 175 4470 sunt;
197 4413 269 4456 nam
291 4414 362 4459 cum
380 4401 465 4460 actus
486 4394 635 4475 ejusmodi
654 4394 785 4458 conferre
803 4396 842 4458 ad
861 4396 979 4458 bonum
1000 4411 1162 4457 commune
1175 4394 1306 4476 possint,
1323 4413 1357 4458 eo

80 4481 152 4562 ipso
167 4490 298 4563 possunt
311 4483 433 4566 praecipi
447 4489 503 4550 aut
516 4482 624 4549 vetari.
