3156 5026
571 234 613 279 nn
633 234 795 278 susurru
814 234 857 279 ar
877 235 963 280 runa
1321 225 1387 289 tot

120 347 220 412 aliena
238 346 368 410 materia
385 345 420 408 in
437 344 532 408 frando
552 345 658 408 alieno.
677 343 851 408 Generatim
873 343 1045 407 dominium
1063 343 1152 408 lamdi
1174 365 1276 412 sacrun
1296 351 1392 414 trahit

122 435 276 518 quidquid
289 441 336 498 ost
346 452 437 515 supra
452 433 499 498 vel
513 432 594 496 inira
607 433 754 514 positum.
771 432 948 496 AEdificium
961 432 1058 514 igitur
1071 441 1118 496 est
1131 434 1229 512 illius,
1245 441 1332 520 cujus
1346 447 1393 504 εει

122 526 241 600 solum,
259 523 395 606 praestita
409 521 512 586 dehita
526 521 781 603 compensatione.
797 522 883 584 Idem
899 521 960 585 lare
975 521 1139 586 dicendum
1157 523 1194 586 dc
1207 525 1394 607 plantatione

124 622 157 679 ot
173 614 300 678 satione.
316 613 394 676 Hinc
408 611 547 694 uulgams
561 629 689 674 versus:

340 739 485 813 Quidquid
497 738 652 813 plantatur,
669 739 783 796 seritur.
796 739 843 798 rel
858 739 1058 811 inaedificatur,

341 822 431 879 Omne
447 819 507 877 solo
522 819 612 889 cedit,
625 819 738 876 radices
752 819 777 876 si
788 819 884 877 tamm
898 819 968 891 egit.

169 944 272 1020 Quoad
286 919 524 1004 indemnitatem
538 957 609 1003 vero
622 939 687 1002 hac
701 945 885 1003 statuuntur
901 960 908 1002 :
923 944 956 1003 l⁰
970 941 1029 1017 Qui
1040 940 1075 1005 in
1089 959 1145 1004 suo
1157 941 1253 1007 fundo
1269 943 1398 1025 aediflca-
1485 942 1492 964 ¹

127 1031 189 1106 vit,
206 1031 370 1112 plantavit,
386 1031 435 1094 rel
449 1030 508 1092 alia
523 1047 611 1110 opera
627 1027 697 1091 lecit
710 1047 748 1090 ex
761 1028 891 1092 materia
911 1028 1024 1106 ahena,
1040 1029 1144 1106 debet,
1160 1033 1283 1096 audura
1295 1035 1396 1118 Rom„

127 1120 243 1183 solvere
265 1120 395 1200 duplum
417 1117 507 1199 pretii
528 1117 680 1192 materiae;
700 1136 737 1178 coc
756 1118 834 1181 dure
856 1135 927 1179 vero
950 1116 1083 1193 Gallico,
1102 1117 1238 1200 pretium
1260 1123 1399 1189 materias

128 1215 254 1272 tantum
278 1209 408 1284 solvere,
427 1213 458 1269 et
478 1205 607 1280 damna,
624 1205 651 1268 si
674 1223 742 1286 qun
756 1204 834 1280 sint,
852 1223 989 1286 reparare
1003 1207 1101 1270 debet.
1119 1245 1158 1254 -
1171 1213 1205 1272 2⁰
1220 1210 1279 1287 Qui
1292 1231 1330 1275 ex
1343 1232 1400 1277 sua

128 1297 260 1360 materia
273 1297 307 1358 in
322 1297 414 1359 lundo
429 1295 527 1358 alieno
548 1293 724 1367 aedificavit,
741 1293 908 1376 plantavit,
924 1299 992 1370 etc,
1007 1313 1045 1356 eu
1061 1296 1131 1358 lur.
1147 1297 1248 1374 nom,
1265 1301 1399 1381 pretium

129 1385 267 1448 materie
285 1391 419 1466 repetere
435 1389 550 1465 potest,
568 1383 594 1445 si
615 1401 653 1445 ex
675 1381 755 1444 hona
778 1382 836 1445 fide
859 1381 968 1463 egerit,
984 1401 1068 1446 secus
1087 1385 1113 1447 si
1127 1402 1165 1448 ex
1179 1386 1237 1449 fide
1251 1389 1345 1468 mala;
1362 1410 1400 1454 cx

130 1474 202 1538 Jur.
219 1493 288 1538 vero
304 1473 399 1552 Gatt,
413 1471 547 1554 pretium
560 1470 697 1534 materiae
710 1471 824 1552 pariter
836 1477 969 1552 repetere
983 1477 1096 1552 potest,
1113 1472 1139 1534 si
1154 1473 1298 1538 dominus
1312 1478 1400 1543 fundi

132 1581 252 1626 servue
265 1562 355 1638 velit,
372 1580 457 1624 secus
475 1578 545 1624 vero
559 1559 609 1622 hio
624 1577 725 1639 cogere
739 1563 836 1640 potest
850 1559 980 1622 alterum
996 1560 1034 1622 ad
1048 1577 1136 1641 opera
1147 1561 1276 1643 propriis
1290 1583 1401 1648 expen-

132 1651 176 1718 sis
199 1651 346 1727 tollenda,
363 1650 426 1713 nisi
449 1650 485 1712 de
507 1652 572 1731 ejus
591 1648 671 1712 hona
688 1646 747 1710 fide
761 1647 892 1730 juridice
913 1653 1039 1712 constet.
1056 1684 1096 1695 —
1117 1649 1151 1713 V.
1170 1649 1276 1732 Cusus,
1295 1673 1328 1716 u.
1343 1659 1400 1720 tlt

133 1749 235 1824 etseq.

634 1883 848 1946 ARTICULUS
875 1884 901 1944 11

549 2039 591 2083 DE
619 2039 684 2084 t'su
712 2038 753 2082 ΕΤ
781 2038 987 2083 USUFRUGTU

179 2201 258 2261 Usus
278 2200 325 2256 est
334 2197 387 2275 jus
402 2192 508 2256 utendi
528 2211 560 2254 re
582 2191 695 2266 aliena,
712 2192 795 2254 salva
808 2195 874 2274 ejus
889 2191 1072 2254 susbstantia.
1086 2193 1286 2260 Ususfruotus
1298 2204 1344 2261 est
1353 2201 1406 2281 jus

136 2283 365 2435 utclanffinfimul
384 2288 415 2344 et
434 2280 618 2362 percipiendi
636 2279 773 2342 fructmn
791 2299 807 2342 e
826 2279 917 2343 rebus
935 2279 1057 2357 alienis,
1074 2282 1157 2345 salva
1174 2284 1288 2364 pariter
1300 2303 1407 2352 earum

137 2392 176 2436 su
199 2391 213 2434 s
282 2391 323 2433 ra.

261 2533 485 2615 Principia.

180 2681 250 2742 593.
266 2715 305 2723 —
320 2679 343 2739 1.
362 2677 611 2758 Ususructuurius
624 2678 748 2758 plenum
764 2695 857 2739 usum
870 2695 905 2740 ac
917 2677 1053 2739 fructum
1065 2677 1109 2740 rei
1124 2679 1228 2744 alienae
1241 2681 1349 2760 hahet,
1364 2685 1409 2749 ita

138 2775 177 2833 ut
190 2785 296 2830 onmes
310 2767 430 2829 fructus
441 2765 485 2829 rei
501 2785 571 2828 suos
590 2765 688 2840 faciat,
705 2771 735 2827 et
752 2766 788 2828 de
806 2763 881 2845 ipsis
897 2783 951 2845 pro
965 2771 1045 2828 nutu
1059 2784 1115 2829 suo
1128 2759 1287 2849 disponere
1300 2773 1406 2853 possit,

139 2857 205 2920 sive
224 2875 277 2937 per
291 2875 338 2930 se,
352 2855 417 2917 sive
436 2873 490 2934 par
507 2855 614 2916 alium.
632 2853 721 2917 Ratio
734 2859 796 2929 est,
814 2853 888 2932 quia
901 2851 1149 2918 usufructuariae
1167 2875 1327 2936 personam
1340 2882 1408 2945 pro-

139 2945 278 3026 prietarii
292 2943 392 3026 quoad
405 2942 579 3006 dominium
593 2941 669 3004 utile
683 2959 770 3021 agere
785 2946 935 3003 censetur.
948 2975 987 2985 -
998 2940 1046 3004 Sic
1059 2943 1135 3006 duce
1146 2944 1280 3011 Itomouo
1293 2960 1323 3012 ct
1333 2951 1410 3017 lure

141 3033 269 3096 Gallico.

182 3125 219 3186 ll.
240 3123 474 3204 Ususncctuorc'o
488 3119 641 3182 incumbit
655 3137 732 3181 onus
748 3124 817 3180 tum
833 3118 1002 3182 custodiam
1017 3124 1198 3201 praestandi,
1216 3131 1284 3190 turn
1299 3147 1409 3213 expen-

119 3231 121 3238 ·
141 3233 201 3288 sae,
216 3211 242 3274 si
255 3211 380 3274 modicae
394 3208 468 3284 sint,
485 3207 653 3282 subeundi,
664 3212 701 3270 ut
715 3225 763 3269 res
775 3205 809 3269 in
820 3205 938 3286 integro
953 3225 1008 3271 suo
1021 3215 1104 3274 statu
1119 3222 1323 3293 conservetur,
1340 3225 1409 3282 tum

141 3300 237 3366 etiam
250 3299 379 3362 faciendi
393 3305 536 3379 sumptus
549 3304 585 3359 ut
599 3296 754 3359 naturales
767 3294 886 3357 intactus
899 3312 937 3358 ex
948 3314 983 3358 ea
995 3297 1150 3379 percipiat.
1168 3305 1302 3367 Tenetur
1315 3307 1409 3370 etiam

141 3391 182 3453 ad
196 3389 340 3452 solvenda
351 3406 442 3450 onera
454 3386 619 3459 ordinaria,
631 3383 745 3465 quihus
756 3389 903 3463 maratus
914 3403 961 3448 res
972 3385 1211 3466 usufructuaria,
1223 3392 1324 3472 qualia
1336 3401 1410 3458 sunt

141 3477 268 3550 salaria,
285 3477 403 3539 tributa
421 3494 524 3539 annua
538 3478 568 3537 et
581 3473 705 3536 similia.

183 3568 233 3629 lll.
254 3566 505 3646 Ususructuorius
528 3563 575 3626 uti
600 3562 689 3625 debet
712 3581 744 3623 re
764 3559 862 3624 aliena
882 3567 1031 3644 tanquam
1054 3563 1153 3626 honus
1174 3565 1409 3647 paterfamilias,

142 3673 271 3736 eamque
287 3655 378 3716 talem
391 3654 523 3726 reddere,
536 3651 635 3734 qualis
648 3649 773 3732 reperiri
788 3649 877 3714 dohet
889 3656 958 3730 post
971 3652 1084 3714 honam
1098 3652 1410 3722 administrationem.

142 3743 364 3825 proprietarius
384 3747 489 3805 auitam
510 3739 589 3803 nihil
610 3739 704 3802 lacere
718 3744 832 3820 potest,
848 3757 909 3820 quo
925 3739 1055 3804 deterior
1074 3739 1127 3803 fiat
1143 3741 1276 3807 conditio
1288 3747 1412 3811 usufru-

144 3831 270 3907 ctuarii,
286 3831 360 3913 quia
370 3831 490 3913 potitus·
502 3829 579 3912 frui.
592 3863 630 3876 -
644 3829 696 3892 Itu
710 3827 796 3890 cursu
809 3827 901 3890 lura.

267 3995 462 4072 Quaesita.

186 4143 255 4204 tul.
272 4177 311 4186 -—
326 4144 427 4217 Quas.
445 4145 477 4202 l⁰
489 4137 640 4215 Quomodo
655 4135 830 4217 acquc'ratur
843 4134 1051 4217 ususfructus?

187 4231 279 4312 Resp.
293 4255 304 4290 .·
318 4227 517 4309 Adquiritur:
532 4233 564 4290 l⁰
575 4245 612 4289 ex
627 4225 707 4304 lege,
723 4231 755 4286 et
769 4229 843 4286 tunc
857 4223 971 4288 dicitur
986 4223 1117 4306 tepolis:
1130 4225 1201 4289 talis
1215 4233 1263 4290 est
1276 4231 1416 4296 ususfru-

145 4325 214 4382 ctus
227 4323 391 4398 perentum
408 4335 443 4378 ex
457 4315 545 4378 bonis
560 4315 708 4387 filiorum,
723 4313 770 4373 vel
784 4311 890 4376 mariti
902 4331 939 4374 ex
950 4311 1040 4376 bonis
1054 4312 1173 4392 uxoris3
1190 4319 1223 4378 2⁰
1236 4334 1273 4380 ex
1287 4336 1415 4385 eonven-

145 4407 230 4471 tione
242 4407 290 4471 sel
302 4409 472 4478 contractu,
490 4410 520 4466 et
533 4403 599 4467 ideo
613 4400 845 4464 conuentiouolis
859 4405 1065 4480 nuncupatur.

186 4498 287 4571 Qum.
303 4499 337 4558 ιθ
354 4494 505 4572 Quomodo
518 4500 610 4556 cesset
620 4491 828 4572 ususfructus?

240 4612 313 4655 cour.
322 4628 349 4638 -
362 4611 421 4654 dou.
435 4607 455 4652 l.
1281 4601 1313 4654 w
